2596 3902
502 195 525 244 ¹1.
544 187 731 244 PROGULUS
1058 187 1119 251 141

201 349 245 417 lb.
273 350 319 417 Id.
333 352 363 435 3,
378 352 430 418 87.
455 389 493 398 —
520 349 657 417 Suus..
681 355 713 416 et
738 350 938 416 necessarius
961 351 1055 416 heres
1080 373 1122 415 an

110 441 231 526 aliquid
261 444 361 525 agant
387 441 420 505 in
449 441 518 506 iure
546 439 684 506 cedendo
714 436 771 527 (sc.
792 440 970 525 legitimam
997 439 1122 505 borodi-

112 529 231 615 tatem)
260 530 507 613 quaeritur
536 528 679 593 diversae
708 529 838 593 scholae
862 532 1009 594 auctores
1037 529 1122 593 idem

111 639 284 772 utrm
303 617 1122 772 tuteturruttrtutru

111 729 239 862 lileredee
240 729 383 881 1[Igleliienllb
401 730 493 860 lierse’s
508 795 575 878 fiat,
595 818 635 859 an
651 728 731 860 iuris
745 795 937 860 necessitate
950 730 1123 861 heredidati

110 885 343 970 adstringatur.

309 1068 356 1127 Dc
376 1071 462 1142 noo
483 1068 528 1126 cel
550 1069 633 1127 irrito
656 1067 732 1140 facto
756 1070 928 1126 testamento.

202 1187 245 1252 8?
278 1191 422 1252 Postumo
445 1193 496 1267 qui
519 1209 589 1251 voco
612 1209 672 1250 non
695 1189 804 1250 emissa
825 1190 1011 1269 decessisset,
1032 1193 1125 1250 tosta·

113 1284 249 1340 mentum
275 1299 335 1340 non
362 1283 486 1357 ruptum
513 1279 578 1340 fieri
605 1279 749 1339 Proculus
776 1279 905 1340 fortasse
934 1279 1124 1340 existimavit.

112 1370 148 1430 cf.
168 1367 200 1430 O.
217 1372 245 1444 6,
262 1372 314 1447 29,
329 1371 398 1446 3pr.
422 1361 528 1452 (supra
545 1368 617 1446 11,1
641 1389 669 1444 p.
684 1359 774 1449 426).

438 1540 488 1608 De
509 1541 673 1607 serectute
695 1541 801 1606 leberti.

202 1666 233 1731 9.
260 1665 299 1730 D.
314 1665 366 1744 35,
382 1668 411 1750 1,
424 1665 467 1732 43
477 1689 524 1750 pr.
569 1664 692 1730 Paulus
718 1666 803 1731 libro
830 1669 944 1731 octavo
969 1665 1008 1731 ad
1031 1664 1124 1729 Plau·

113 1756 205 1820 tium.
230 1792 272 1802 -
295 1753 456 1820 Plautius:
482 1755 628 1840 Rogatus
653 1753 710 1819 est¹
724 1755 818 1819 heres
842 1777 862 1818 a
884 1755 1001 1820 liberto
1024 1759 1126 1820 testa-

114 1848 197 1923 tore,
227 1849 264 1908 ut
291 1843 452 1928 perceptis
481 1844 544 1909 sibi
572 1843 681 1909 decem
708 1847 813 1908 totam
839 1842 1053 1910 hereditatem
1078 1865 1125 1908 re-

112 1933 274 1998 venderet.
329 1936 444 2016 postea
479 1937 636 2016 patronus
674 1932 816 1997 defuncti
855 1932 1013 1999 bonorum
1054 1955 1128 2018 pos·

114 2023 292 2088 sessionem
313 2026 426 2086 contro
444 2022 574 2086 tabulas
588 2021 728 2107 petierat
742 2027 775 2087 et
788 2025 914 2106 partem
927 2022 1126 2102 hereditatis,

115 2133 195 2196 quae
228 2110 421 2195 debebatur,
453 2111 641 2176 abstulerat.
693 2111 849 2176 Proculus
877 2109 1009 2177 Cassius
1039 2112 1126 2176 fidei-

115 2198 371 2353 comrpissarium
403 2222 463 2285 pro
491 2206 564 2264 rata
596 2201 680 2285 quod
713 2200 810 2265 solvit
838 2204 983 2286 repetere
1011 2200 1125 2265 debere

114 2310 213 2354 arun.

205 2377 257 2441 10.
289 2375 328 2440 D.
347 2378 400 2460 37,
420 2379 470 2461 14,
490 2377 588 2462 llpr.
637 2376 727 2442 Idem
758 2374 815 2465 (sc.
839 2373 1015 2463 Ulpianus)
1043 2375 1126 2442 libro

114 2466 287 2533 undecimo
316 2466 355 2530 ad
383 2467 489 2550 legem
517 2465 635 2531 Iuliam
663 2470 696 2530 et
721 2465 857 2550 Papiam
885 2465 934 2551 (P
950 2461 1061 2552 2023).
1087 2502 1125 2512 -

115 2555 189 2620 Divi
211 2554 330 2619 tratres
354 2557 388 2620 in
410 2555 490 2620 haec
513 2557 612 2621 verba
630 2555 877 2640 rescripserunt:
901 2554 1127 2639 ‘comperimus

115 2643 371 2799 labliillaistiobiiili
399 2642 993 2799 lililid’dtubbnadiiiliindb'ssdisidddrirs
1016 2646 1129 2796 oblili

116 2822 235 2906 possit,
266 2821 294 2886 si
322 2843 394 2886 eum
422 2822 574 2887 libertum
601 2825 696 2906 pater
723 2755 842 2905 piltris,
870 2842 943 2886 cum
973 2754 1129 2886 curiorum

78 2959 80 2964 -
116 2910 234 2997 viginti
258 2909 397 2994 quinque
420 2916 514 2995 esset,
536 2910 654 2995 capitis
677 2914 869 2994 accusasset,
898 2914 930 2975 et
953 2910 1129 2975 Proculum

204 3000 240 3064 in
268 2999 329 3064 hac
357 2999 509 3084 opinione
536 2999 648 3084 fuisse,
678 3001 715 3065 ut
741 2999 854 3083 nepoti
881 2999 915 3063 in
943 2999 1128 3065 huiusmodi

117 3111 212 3177 causa
235 3108 302 3152 non
326 3092 456 3172 putaret
479 3089 616 3154 dandam
641 3091 801 3154 bonorum
823 3088 1084 3172 possessionem!

207 3176 258 3242 11.
286 3175 326 3242 D.
340 3176 416 3242 ibid.
430 3179 450 3257 ξ
466 3177 493 3243 1.
517 3213 559 3224 -
583 3226 616 3244 ..
644 3177 828 3262 quaesitum
856 3181 918 3262 cst,
945 3177 974 3242 si
1000 3179 1129 3262 patroni

118 3266 202 3332 tilius
246 3265 362 3349 capitis
400 3267 597 3345 accusaverit
632 3267 799 3352 libertum,
840 3288 881 3331 an
917 3267 978 3331 hoc
1014 3271 1130 3332 noceat

118 3355 228 3420 liberis
260 3354 372 3439 ipsius.
422 3360 454 3420 et
481 3353 636 3422 Proculus
669 3401 704 3421 ..
735 3356 769 3421 in
799 3356 860 3420 hac
887 3354 951 3420 fuit
978 3354 1129 3438 opinione

120 3447 230 3508 notam
254 3444 441 3528 adspersam
465 3445 595 3527 patroni
618 3443 687 3509 filio
709 3443 820 3508 liberis
844 3444 912 3508 eius
936 3463 1059 3507 nocere.

205 3556 242 3616 ot.
265 3556 419 3632 Responsa
439 3576 468 3634 p.
484 3558 556 3618 106.
