2602 3906
422 247 447 296 6.
470 239 677 297 IAVOLENUS
695 239 842 296 PRISCUS
1067 242 1133 306 491

131 409 185 488 est,
211 404 312 469 diuma
332 424 449 486 qnoque
470 405 505 468 iu
527 404 666 486 stapulas
682 423 833 485 personas
855 405 953 470 uideri
967 409 1080 488 potest,
1107 411 1137 470 ct

131 494 196 558 ideo
213 492 330 575 simpuii
342 505 405 576 pro
421 512 480 557 suu
492 498 583 574 parte
600 499 628 557 et
644 494 815 558 condicioni
828 514 939 575 parere
957 499 987 558 et
1003 495 1136 577 deputam

131 601 235 664 capere
243 587 382 663 possunt.
417 602 492 646 nam
506 582 645 664 quamvis
662 601 783 646 summa
797 584 935 647 universe
948 581 1136 648 condicioni¹

130 671 172 735 sit
192 671 357 751 adscripta,
379 671 603 734 enumeratione
618 689 823 752 personarum
839 676 941 753 potest
960 672 1057 736 uideri
1074 691 1137 736 esse

131 759 237 824 diuisa,
278 759 313 823 iu
335 779 368 823 eo
390 779 467 842 aero,
490 759 571 841 quod
591 761 649 823 uui
670 760 726 824 snb
744 761 917 824 condicione
935 760 1066 841 iepatnm
1083 765 1135 844 est,

130 848 229 912 scindi
250 868 287 912 ea
309 848 457 912 accidenti
478 833 613 913 condicio
635 868 698 912 non
715 848 804 928 debet,
827 853 856 912 et
872 849 973 913 omnis
989 869 1137 914 nummus

130 956 247 1014 eorum,
277 937 331 1018 qui
358 937 393 1000 in
420 937 518 1001 mmm
544 937 610 1001 eius
636 936 874 1018 substituuntur,
894 957 955 1018 pro
982 938 1137 1020 sinpuiari

126 1045 259 1108 persona
281 1030 325 1090 est
345 1024 508 1090 tmbmdus.

415 1183 465 1249 De
486 1185 644 1249 ambonem
666 1185 853 1267 oblipatione.
891 1188 895 1197 '

220 1301 270 1365 76.
297 1298 336 1364 D.
349 1297 402 1382 45,
416 1300 446 1380 3,
460 1299 512 1364 36.
555 1297 728 1364 Iavolenus
755 1299 839 1363 libro
868 1302 983 1384 quarto
1011 1299 1135 1365 decimo

129 1388 360 1472 Epistularum.
386 1424 422 1434 -
455 1387 544 1469 Quod
568 1408 671 1453 seram
696 1388 862 1470 stipulatus
888 1392 944 1472 est,
970 1409 1059 1471 quem
1086 1389 1137 1453 do

129 1478 234 1542 minus
255 1498 315 1560 pro
340 1477 478 1543 derelicto
505 1476 642 1559 monae,
669 1477 787 1542 nuliius
814 1482 858 1542 est
879 1478 1036 1559 momenti,
1062 1477 1138 1559 putu

130 1567 184 1648 qui
203 1586 264 1648 pro
291 1567 428 1631 dmetmto
455 1586 520 1629 rem
542 1565 641 1646 hahet,
669 1565 841 1630 omnimodo
864 1587 885 1630 a
906 1585 938 1630 se
960 1567 1064 1630 reiecit
1083 1586 1138 1630 nec

125 1659 224 1738 potest
239 1655 305 1720 eius
322 1655 460 1737 operibns
476 1655 536 1737 uti,
558 1675 645 1736 quem
664 1675 697 1718 eo
719 1653 858 1738 (nudat)
878 1655 945 1720 iure
962 1655 1006 1719 ad
1021 1675 1053 1719 se
1064 1675 1138 1736 per·

131 1745 226 1809 tinere
238 1743 346 1808 notuit.
381 1743 462 1825 quod
476 1745 507 1807 si
524 1743 563 1807 ab
576 1743 639 1808 atio
654 1742 860 1824 adprehensus
873 1749 923 1825 est,
941 1742 1138 1824 stipulatione

130 1833 160 1897 ei
176 1833 336 1914 adquirere
354 1833 479 1915 poterit·
501 1852 577 1896 uam
599 1836 628 1895 et
649 1831 721 1896 haec
738 1852 845 1914 ponere
862 1833 994 1915 quodam
1012 1833 1137 1897 donatio

130 1925 181 1986 est.
228 1921 309 1985 inter
335 1920 551 1985 hereditarium
578 1921 660 1985 enim
685 1939 806 1985 seruum
832 1926 860 1985 et
886 1941 968 2000 eum,
999 1922 1055 2003 qui
1075 1941 1137 2003 pro

129 2009 267 2075 derelicto
284 2009 418 2091 iubetur,
431 2009 603 2090 plurimum
622 2010 751 2094 interest,
768 2011 915 2092 qnoniam
930 2011 1010 2075 atim
1022 2009 1139 2074 duodi-

130 2099 204 2163 tatis
239 2099 306 2162 iure
340 2099 499 2176 retinetur,
534 2119 588 2163 nec
618 2102 716 2179 potest
749 2096 928 2164 derelictus¹
959 2099 1057 2163 videri
1083 2099 1138 2181 qui

129 2189 270 2252 universo
287 2187 461 2252 dormitatis
478 2188 545 2251 iure
562 2188 740 2269 continetur,
757 2187 836 2252 ulter
852 2188 1005 2253 uoluntate
1018 2187 1136 2251 domini

129 2275 289 2341 derelictus
317 2296 379 2340 non
400 2280 500 2356 potest
524 2276 622 2341 oneri
648 2276 691 2340 ad
716 2296 806 2340 usum
832 2277 898 2341 eius
920 2277 1084 2360 pertinere,
1115 2295 1137 2338 a

129 2385 188 2448 ouo
212 2361 389 2429 derelictus²
412 2368 464 2429 est.

505 2469 555 2535 De
572 2471 767 2551 possessione.

222 2586 272 2649 77.
295 2583 334 2649 D.
346 2585 399 2665 41,
413 2585 443 2664 2,
457 2585 508 2651 24.
543 2583 633 2648 Idem
648 2583 706 2670 (sc.
720 2580 905 2670 Iavolenus)
920 2584 1004 2649 libro
1018 2587 1136 2668 quarto

130 2673 255 2739 decimo
279 2673 510 2757 Epistularum.
534 2693 579 2719 ²-
603 2671 692 2752 Quod
711 2692 813 2739 seruus
836 2677 906 2738 tuus
929 2675 1137 2756 ipuorautete

129 2765 162 2828 oi
179 2763 326 2844 possidet,
352 2763 388 2828 id
408 2767 441 2826 tu
463 2783 526 2827 non
541 2763 693 2846 possides,
720 2762 866 2843 quoniam
888 2761 926 2840 is,
950 2763 1004 2844 qui
1026 2763 1061 2826 iu
1084 2766 1139 2826 tuu

123 2856 274 2935 potestate
294 2855 344 2929 est,
367 2852 524 2934 ipnorauti
546 2851 601 2914 tibi
622 2871 685 2914 non
707 2850 893 2932 corporalem
909 2851 1139 2932 possessionem,

128 2942 184 3006 sed
208 2941 323 3005 iustam
349 2945 448 3022 potest
472 2940 646 3022 adquirere,
676 2940 756 3004 sieut
781 2939 826 3022 id,
852 2941 934 3021 quod
959 2959 996 3003 eu
1019 2939 1138 3022 peculio

129 3029 176 3094 ad
200 3049 269 3093 eum
289 3029 472 3112 poscuerit,
494 3029 637 3110 possidet.
681 3048 756 3092 nam
783 3032 848 3092 tum
863 3047 923 3108 per
944 3049 1063 3094 sunum
1085 3029 1138 3093 do

129 3119 237 3182 minus
272 3138 387 3200 quoque
415 3118 571 3201 possidere
606 3118 732 3197 dicitur,
769 3136 891 3182 summa
927 3118 1039 3182 scilicet
1069 3137 1140 3181 cum

129 3208 263 3289 ratione,
289 3209 377 3290 quia,
403 3207 484 3289 quod
509 3227 546 3272 eu
572 3207 655 3272 iusta
679 3226 774 3271 causo
796 3206 990 3287 corporaliter
1012 3226 1034 3269 o
1055 3225 1139 3270 seruo

130 3300 256 3373 tenetm,
283 3296 318 3360 id
338 3296 373 3358 iu
392 3296 510 3376 peculio
531 3297 611 3360 serui
632 3300 676 3360 est
697 3299 726 3359 et
740 3294 911 3376 pecuimm,
933 3295 1015 3377 quod
1034 3313 1139 3359 seruus

130 3385 262 3450 ciuiliter
296 3385 418 3466 quidem
446 3384 602 3464 possidere
637 3404 700 3448 nou
726 3388 839 3466 posset,
874 3384 928 3448 sed
956 3383 1142 3447 naturaliter

205 3547 218 3593 1
240 3539 289 3596 Fi.
307 3538 484 3595 condicionis.

204 3616 220 3664 2
240 3611 289 3667 Fi.
308 3609 431 3666 relictus.
