2590 3902
414 215 438 263 4.
462 207 492 265 L.
511 207 694 264 NERATIUS
714 208 861 265 salsuris
1074 211 1140 276 313

109 376 140 436 is
186 375 349 435 Neratium
387 393 454 435 oum
495 376 531 434 de
572 371 654 436 civili
694 377 759 436 iure
799 380 864 436 tum
906 377 942 438 de
983 378 1140 440 honorario

14 457 15 528 ζ
115 465 241 526 dixisse
266 466 433 542 cognoscet.
475 465 527 524 sed
549 466 706 542 utriusque
729 466 847 542 generis
869 485 918 527 res
936 486 990 544 per
1008 467 1140 529 diversos

111 555 226 615 libros
247 572 367 630 sparsae
382 556 462 632 sunt,
480 556 515 612 ut
527 554 619 614 libros
634 555 768 631 singulos
783 556 945 631 separatim
959 560 989 616 et
1003 556 1142 634 deinceps

14 643 15 652 ’
114 644 227 704 editos
250 661 316 703 esse
339 661 374 702 eo
396 643 514 702 facilius
536 642 674 719 iudicem,
697 643 776 720 quod
799 649 830 702 et
853 644 1000 721 Ulpianus
1018 645 1053 704 D.
1068 649 1096 721 5,
1112 649 1141 726 3,

117 736 186 810 13,
212 735 231 793 3
265 732 322 791 ait:
354 724 508 792 ‘Neratius
539 731 616 791 libro
649 734 731 792 serto
763 732 1005 793 Membranarum
1037 735 1142 796 soribit

14 841 15 898 3
116 867 181 883 ...
209 821 291 880 idem
314 839 379 880 esse
402 820 478 880 libro
502 819 629 896 septimo
652 821 697 879 ait
719 816 859 895 etiamsi'‚
883 824 914 881 et
935 823 968 880 in
995 822 1142 884 librorum

116 911 207 971 serie
230 912 330 969 certus
353 928 451 968 rerum
476 908 547 968 ordo
571 910 693 986 agnosci
714 909 828 985 nequit.

218 998 305 1069 Quod
332 997 371 1056 ad
399 998 584 1074 singulorum
611 998 756 1058 librorum
778 998 948 1074 fragmenta
971 1000 1142 1060 oolloeanda

119 1087 249 1164 attinet,
273 1104 349 1163 quae
372 1085 408 1146 de
431 1087 497 1146 iure
520 1086 601 1146 civili
619 1091 698 1165 sunt,
721 1087 757 1146 iis
776 1087 944 1165 praeposui,
968 1088 1075 1164 quibus
1093 1090 1141 1149 ius

13 1195 16 1280 Ἰ
119 1176 316 1255 praetorium
329 1178 486 1235 tractatur.
518 1176 550 1234 in
563 1175 772 1252 Palingeuesia
785 1176 1023 1252 fragmentorum
1038 1176 1141 1237 eadem

122 1265 223 1326 series
241 1263 412 1340 exhibetur,
432 1283 507 1341 quae
525 1265 557 1322 in
575 1263 736 1327 Iustiniani
750 1264 883 1340 Digestis
899 1264 1140 1340 deprehenditur.

560 1459 669 1520 Liber
691 1458 715 1520 I.

503 1577 554 1644 De
576 1579 771 1643 testamentis.

222 1688 250 1751 1.
283 1683 323 1750 D.
341 1684 394 1768 28,
408 1685 438 1769 5,
452 1683 505 1749 55.
554 1682 708 1748 Neratius
734 1684 819 1750 libro
849 1683 954 1769 primo
981 1682 1141 1751 Membra·

128 1797 256 1840 narum.
280 1810 322 1821 -
345 1771 443 1838 Pater
470 1773 537 1838 filio
560 1773 720 1857 impuberi
744 1794 872 1837 servum
895 1772 1045 1838 heredem
1069 1775 1142 1839 sub-

130 1864 241 1928 stituit
264 1861 466 1946 liberumque
490 1883 559 1926 esse
582 1863 686 1927 iussit.
733 1884 805 1927 eum
831 1861 975 1948 pupillus
1000 1863 1143 1928 vendidit

129 1953 228 2018 Titio.
265 1950 371 2015 Titius
394 1972 467 2015 eum
490 1951 556 2015 iam
579 1951 683 2036 primo
706 1954 901 2017 testamento
925 1951 1014 2018 faeto
1037 1953 1071 2018 in
1095 1975 1142 2017 se-

130 2040 236 2106 eundo
273 2042 470 2104 testamento
507 2040 645 2105 liberum
682 2039 895 2125 heredemque
932 2062 1003 2106 esse
1038 2042 1142 2107 iussit.

129 2131 278 2214 saperius
302 2131 535 2193 testamentum
553 2128 632 2193 Titii
654 2133 785 2212 ruptum
808 2135 866 2214 est,
889 2129 1010 2214 quiuis
1031 2152 1142 2196 servus

131 2222 165 2283 et
185 2219 279 2283 heres
303 2220 411 2302 potest
432 2238 502 2281 esse
521 2222 562 2302 et,
584 2222 622 2281 ut
640 2218 786 2303 superius
805 2221 1037 2284 testamentum
1056 2243 1142 2284 rum·

131 2310 235 2391 petar,
260 2306 379 2372 suffieit
397 2305 445 2371 ita
463 2306 622 2389 posterius
640 2305 763 2372 faotunr
783 2328 863 2390 esse,
876 2312 920 2372 «ut
937 2308 1046 2390 aliquo
1065 2330 1142 2374 casu

132 2396 275 2480 potuerit
307 2417 346 2459 ex
377 2415 415 2460 eo
442 2394 536 2460 heres
565 2395 708 2460 existere.
759 2394 843 2478 quod
872 2393 913 2459 ad
939 2396 1005 2460 vim
1034 2402 1141 2462 autem

135 2485 199 2550 eius
223 2482 438 2549 institutionis
461 2483 612 2567 pertinet,
634 2485 682 2549 ita
705 2505 739 2548 se
762 2505 813 2548 res
832 2483 940 2565 habet,
962 2486 1009 2569 ut,
1032 2505 1143 2567 quam-

136 2573 187 2637 diu
214 2571 340 2657 pupillo
367 2593 405 2636 ex
429 2592 467 2635 ea
490 2572 720 2638 substitutione
743 2572 836 2635 heres
859 2574 1076 2656 potestesse,
1104 2595 1143 2637 ex

136 2660 210 2726 Titii
243 2663 439 2726 testamento
473 2660 657 2726 libertatem
685 2659 961 2744 hereditatemque
990 2663 1142 2744 consequi

135 2771 196 2815 non
229 2750 345 2834 possit3
379 2749 406 2813 si
435 2749 578 2832 pupillus
605 2751 640 2815 in
668 2771 759 2815 suam
787 2748 921 2812 tutelam
949 2751 1142 2831 peruenerit,

136 2839 265 2923 perinde
293 2859 332 2902 ex
354 2837 432 2902 Titii
460 2841 655 2904 testamento
682 2838 765 2902 liber
793 2837 948 2922 heresque
976 2837 1021 2901 sit
1049 2859 1085 2902 ao
1114 2839 1142 2902 si

137 2927 256 3011 pupillo
289 2926 484 2992 substitutus
512 2949 578 2992 non
605 2928 733 3013 fuisset3
761 2925 789 2990 si
816 2925 940 3010 pupillo
968 2925 1061 2991 heres
1089 2947 1141 2991 ex·

138 3016 232 3101 stitit,
263 3015 396 3100 propius
424 3019 488 3098 est,
518 3020 556 3092 ut
583 3016 671 3082 Titio
699 3036 839 3101 quoque,
871 3015 898 3079 si
925 3015 1019 3098 velit,
1048 3017 1142 3081 heres

138 3126 201 3170 esse
224 3106 338 3190 possit

220 3199 337 3259 Neratii
360 3197 452 3258 verba
475 3217 494 3257 a
517 3199 698 3258 Triboniano
721 3199 905 3274 interpolata
926 3197 1074 3258 videntur.

543 3371 593 3436 De
616 3372 730 3455 tepetis.

220 3478 251 3542 2.
283 3476 321 3542 D.
341 3479 437 3562 47‚2,
453 3478 504 3544 65.
554 3478 710 3543 Neratius
738 3477 821 3541 libro
850 3477 954 3559 primo
982 3475 1142 3540 Membra·

139 3585 257 3632 narum.
293 3603 329 3613 -
366 3566 396 3630 A
427 3566 513 3631 Titio
544 3566 661 3631 herede
693 3565 790 3629 homo
825 3560 900 3627 Seio
933 3563 1011 3646 <per
1041 3562 1143 3627 viudi-

1197 3663 1246 3674 Α
