<?xml version="1.0" encoding="UTF-8"?>
<!DOCTYPE html PUBLIC "-//W3C//DTD XHTML 1.0 Transitional//EN"
    "http://www.w3.org/TR/xhtml1/DTD/xhtml1-transitional.dtd">
<html xmlns="http://www.w3.org/1999/xhtml" xml:lang="en" lang="en">
 <head>
  <title>
</title>
<meta http-equiv="Content-Type" content="text/html;charset=utf-8" />
  <meta name='ocr-system' content='tesseract 3.04.00' />
  <meta name='ocr-capabilities' content='ocr_page ocr_carea ocr_par ocr_line ocrx_word'/>
</head>
<body>
  <div class='ocr_page' id='page_1' title='image "./iurisprudentiae03bremgoog_0413.png"; bbox 0 0 2614 3912; ppageno 0'>
   <div class='ocr_carea' id='block_1_1' title="bbox 478 246 1140 314">
    <p class='ocr_par' dir='ltr' id='par_1_1' title="bbox 478 246 1140 314">
     <span class='ocr_line' id='line_1_1' title="bbox 478 246 1140 314; baseline 0.003 -13"><span class='ocrx_word' id='word_1_1' title='bbox 478 253 502 302; x_wconf 81' lang='lat'><strong>5.</strong></span> <span class='ocrx_word' id='word_1_2' title='bbox 525 246 642 302; x_wconf 85' lang='lat' dir='ltr'>TITIUS</span> <span class='ocrx_word' id='word_1_3' title='bbox 660 247 790 303; x_wconf 85' lang='lat' dir='ltr'><strong>ARISTO</strong></span> <span class='ocrx_word' id='word_1_4' title='bbox 1074 249 1140 314; x_wconf 82' lang='lat'><strong>383</strong></span> 
     </span>
    </p>
   </div>
   <div class='ocr_carea' id='block_1_2' title="bbox 127 409 1141 832">
    <p class='ocr_par' dir='ltr' id='par_1_2' title="bbox 127 409 1141 832">
     <span class='ocr_line' id='line_1_2' title="bbox 128 409 1141 497; baseline 0.004 -22"><span class='ocrx_word' id='word_1_5' title='bbox 128 411 356 479; x_wconf 73' lang='lat' dir='ltr'><strong>manumittere</strong></span> <span class='ocrx_word' id='word_1_6' title='bbox 377 409 439 477; x_wconf 90' lang='lat'><strong>...&#39;</strong></span> <span class='ocrx_word' id='word_1_7' title='bbox 558 409 670 475; x_wconf 79' lang='lat' dir='ltr'><strong>Aristo</strong></span> <span class='ocrx_word' id='word_1_8' title='bbox 704 414 737 476; x_wconf 88' lang='lat' dir='ltr'><strong>et</strong></span> <span class='ocrx_word' id='word_1_9' title='bbox 766 410 949 478; x_wconf 78' lang='lat' dir='ltr'><strong>Octauenus</strong></span> <span class='ocrx_word' id='word_1_10' title='bbox 980 413 1141 497; x_wconf 89' lang='lat' dir='ltr'><strong>putabant</strong></span> 
     </span>
     <span class='ocr_line' id='line_1_3' title="bbox 127 500 1140 585; baseline 0.003 -21"><span class='ocrx_word' id='word_1_11' title='bbox 127 500 215 565; x_wconf 90' lang='lat' dir='ltr'><strong>huno</strong></span> <span class='ocrx_word' id='word_1_12' title='bbox 239 521 382 585; x_wconf 88' lang='lat' dir='ltr'><strong>servum,</strong></span> <span class='ocrx_word' id='word_1_13' title='bbox 408 500 447 565; x_wconf 91' lang='lat' dir='ltr'><strong>de</strong></span> <span class='ocrx_word' id='word_1_14' title='bbox 470 521 533 585; x_wconf 92' lang='lat' dir='ltr'><strong>quo</strong></span> <span class='ocrx_word' id='word_1_15' title='bbox 557 504 771 584; x_wconf 83' lang='lat' dir='ltr'><strong>quaereretur,</strong></span> <span class='ocrx_word' id='word_1_16' title='bbox 793 501 1060 568; x_wconf 77' lang='lat' dir='ltr'><strong>fideicommissae</strong></span> <span class='ocrx_word' id='word_1_17' title='bbox 1082 503 1140 567; x_wconf 90' lang='lat' dir='ltr'><strong>he-</strong></span> 
     </span>
     <span class='ocr_line' id='line_1_4' title="bbox 128 589 1141 677; baseline 0.003 -24"><span class='ocrx_word' id='word_1_18' title='bbox 128 589 276 654; x_wconf 86' lang='lat' dir='ltr'><strong>reditatis</strong></span> <span class='ocrx_word' id='word_1_19' title='bbox 299 610 366 654; x_wconf 90' lang='lat' dir='ltr'><strong>non</strong></span> <span class='ocrx_word' id='word_1_20' title='bbox 390 611 469 672; x_wconf 88' lang='lat' dir='ltr'><strong>esse,</strong></span> <span class='ocrx_word' id='word_1_21' title='bbox 493 589 569 673; x_wconf 88' lang='lat' dir='ltr'><strong>quia</strong></span> <span class='ocrx_word' id='word_1_22' title='bbox 591 591 730 654; x_wconf 86' lang='lat' dir='ltr'><strong>testator</strong></span> <span class='ocrx_word' id='word_1_23' title='bbox 752 590 897 675; x_wconf 84' lang='lat' dir='ltr'><strong>rogando</strong></span> <span class='ocrx_word' id='word_1_24' title='bbox 921 591 1081 677; x_wconf 85' lang='lat' dir='ltr'><strong>heredem,</strong></span> <span class='ocrx_word' id='word_1_25' title='bbox 1103 595 1141 656; x_wconf 90' lang='lat' dir='ltr'><strong>ut</strong></span> 
     </span>
     <span class='ocr_line' id='line_1_5' title="bbox 129 678 1139 758; baseline 0.003 -16"><span class='ocrx_word' id='word_1_26' title='bbox 129 700 202 743; x_wconf 87' lang='lat' dir='ltr'><strong>eum</strong></span> <span class='ocrx_word' id='word_1_27' title='bbox 238 678 494 758; x_wconf 82' lang='lat' dir='ltr'><strong>manumitteret,</strong></span> <span class='ocrx_word' id='word_1_28' title='bbox 530 700 595 744; x_wconf 93' lang='lat' dir='ltr'><strong>non</strong></span> <span class='ocrx_word' id='word_1_29' title='bbox 632 678 758 744; x_wconf 84' lang='lat' dir='ltr'><strong>videtur</strong></span> <span class='ocrx_word' id='word_1_30' title='bbox 794 679 833 744; x_wconf 88' lang='lat' dir='ltr'><strong>de</strong></span> <span class='ocrx_word' id='word_1_31' title='bbox 869 701 907 748; x_wconf 91' lang='lat' dir='ltr'><strong>eo</strong></span> <span class='ocrx_word' id='word_1_32' title='bbox 939 680 1139 745; x_wconf 85' lang='lat' dir='ltr'><strong>restituendo</strong></span> 
     </span>
     <span class='ocr_line' id='line_1_6' title="bbox 129 787 278 832; baseline 0.007 -1"><span class='ocrx_word' id='word_1_33' title='bbox 129 787 278 832; x_wconf 77' lang='lat' dir='ltr'><strong>sensisse.</strong></span> 
     </span>
    </p>
   </div>
   <div class='ocr_carea' id='block_1_3' title="bbox 505 855 768 922">
    <p class='ocr_par' dir='ltr' id='par_1_3' title="bbox 505 855 768 922">
     <span class='ocr_line' id='line_1_7' title="bbox 505 855 768 922; baseline 0 -1"><span class='ocrx_word' id='word_1_34' title='bbox 505 855 556 921; x_wconf 90' lang='lat' dir='ltr'><strong>De</strong></span> <span class='ocrx_word' id='word_1_35' title='bbox 572 855 768 922; x_wconf 81' lang='lat' dir='ltr'><strong>statuliberis.</strong></span> 
     </span>
    </p>
   </div>
   <div class='ocr_carea' id='block_1_4' title="bbox 27 961 1140 1314">
    <p class='ocr_par' dir='ltr' id='par_1_4' title="bbox 27 961 1140 1314">
     <span class='ocr_line' id='line_1_8' title="bbox 217 961 1140 1048; baseline 0.003 -21"><span class='ocrx_word' id='word_1_36' title='bbox 217 962 270 1028; x_wconf 81' lang='lat'><strong>28.</strong></span> <span class='ocrx_word' id='word_1_37' title='bbox 301 961 341 1026; x_wconf 89' lang='grc' dir='ltr'><strong>Ι).</strong></span> <span class='ocrx_word' id='word_1_38' title='bbox 359 963 412 1040; x_wconf 87' lang='grc'><strong>40,</strong></span> <span class='ocrx_word' id='word_1_39' title='bbox 431 964 461 1046; x_wconf 76' lang='grc'><strong>7,</strong></span> <span class='ocrx_word' id='word_1_40' title='bbox 480 963 556 1046; x_wconf 84' lang='lat' dir='ltr'><strong>5pr.</strong></span> <span class='ocrx_word' id='word_1_41' title='bbox 606 962 805 1048; x_wconf 84' lang='lat' dir='ltr'><strong>Pomponius</strong></span> <span class='ocrx_word' id='word_1_42' title='bbox 836 963 920 1028; x_wconf 91' lang='lat' dir='ltr'><strong>libro</strong></span> <span class='ocrx_word' id='word_1_43' title='bbox 952 967 1068 1029; x_wconf 87' lang='lat' dir='ltr'><strong>oetavo</strong></span> <span class='ocrx_word' id='word_1_44' title='bbox 1099 965 1140 1030; x_wconf 86' lang='lat' dir='ltr'><strong>ad</strong></span> 
     </span>
     <span class='ocr_line' id='line_1_9' title="bbox 128 1047 1138 1138; baseline 0.003 -22"><span class='ocrx_word' id='word_1_45' title='bbox 128 1049 284 1116; x_wconf 85' lang='lat' dir='ltr'><strong>Sabinum</strong></span> <span class='ocrx_word' id='word_1_46' title='bbox 307 1047 356 1137; x_wconf 88' lang='lat' dir='ltr'><strong>(P.</strong></span> <span class='ocrx_word' id='word_1_47' title='bbox 371 1049 461 1138; x_wconf 83' lang='lat'><strong>524).</strong></span> <span class='ocrx_word' id='word_1_48' title='bbox 483 1089 520 1098; x_wconf 97' lang='lat'>—</span> <span class='ocrx_word' id='word_1_49' title='bbox 542 1049 722 1117; x_wconf 87' lang='lat' dir='ltr'><strong>Statuliber</strong></span> <span class='ocrx_word' id='word_1_50' title='bbox 745 1052 903 1118; x_wconf 89' lang='lat' dir='ltr'><strong>rationem</strong></span> <span class='ocrx_word' id='word_1_51' title='bbox 916 1052 1053 1117; x_wconf 86' lang='lat' dir='ltr'><strong>reddere</strong></span> <span class='ocrx_word' id='word_1_52' title='bbox 1072 1053 1138 1119; x_wconf 93' lang='lat' dir='ltr'><strong>ius-</strong></span> 
     </span>
     <span class='ocr_line' id='line_1_10' title="bbox 128 1140 1138 1226; baseline 0.002 -22"><span class='ocrx_word' id='word_1_53' title='bbox 128 1163 182 1205; x_wconf 91' lang='lat' dir='ltr'><strong>sus</strong></span> <span class='ocrx_word' id='word_1_54' title='bbox 205 1140 368 1224; x_wconf 86' lang='lat' dir='ltr'><strong>reliquum</strong></span> <span class='ocrx_word' id='word_1_55' title='bbox 391 1141 478 1225; x_wconf 92' lang='lat' dir='ltr'><strong>quod</strong></span> <span class='ocrx_word' id='word_1_56' title='bbox 501 1147 636 1226; x_wconf 87' lang='lat' dir='ltr'><strong>apparot</strong></span> <span class='ocrx_word' id='word_1_57' title='bbox 659 1142 765 1222; x_wconf 85' lang='lat' dir='ltr'><strong>solvit,</strong></span> <span class='ocrx_word' id='word_1_58' title='bbox 788 1141 826 1206; x_wconf 92' lang='lat' dir='ltr'><strong>de</strong></span> <span class='ocrx_word' id='word_1_59' title='bbox 850 1162 897 1220; x_wconf 88' lang='lat' dir='ltr'><strong>eo,</strong></span> <span class='ocrx_word' id='word_1_60' title='bbox 920 1141 1005 1226; x_wconf 90' lang='lat' dir='ltr'><strong>quod</strong></span> <span class='ocrx_word' id='word_1_61' title='bbox 1024 1142 1138 1207; x_wconf 86' lang='lat' dir='ltr'><strong>obseu-</strong></span> 
     </span>
     <span class='ocr_line' id='line_1_11' title="bbox 27 1229 1138 1314; baseline 0.001 -20"><span class='ocrx_word' id='word_1_62' title='bbox 27 1241 28 1312; x_wconf 22' lang='grc' dir='ltr'>ζ</span> <span class='ocrx_word' id='word_1_63' title='bbox 126 1230 195 1295; x_wconf 89' lang='lat' dir='ltr'><strong>rius</strong></span> <span class='ocrx_word' id='word_1_64' title='bbox 219 1233 279 1312; x_wconf 89' lang='lat' dir='ltr'><strong>est,</strong></span> <span class='ocrx_word' id='word_1_65' title='bbox 305 1229 463 1294; x_wconf 77' lang='lat' dir='ltr'><strong>satisdare</strong></span> <span class='ocrx_word' id='word_1_66' title='bbox 485 1235 620 1314; x_wconf 89' lang='lat' dir='ltr'><strong>paratus</strong></span> <span class='ocrx_word' id='word_1_67' title='bbox 643 1235 702 1295; x_wconf 90' lang='lat' dir='ltr'><strong>est.</strong></span> <span class='ocrx_word' id='word_1_68' title='bbox 747 1229 899 1295; x_wconf 81' lang='lat' dir='ltr'><strong>Neratius</strong></span> <span class='ocrx_word' id='word_1_69' title='bbox 923 1235 957 1294; x_wconf 88' lang='lat' dir='ltr'><strong>et</strong></span> <span class='ocrx_word' id='word_1_70' title='bbox 978 1229 1138 1296; x_wconf 89' lang='lat' dir='ltr'><strong>Aristo..</strong></span> 
     </span>
    </p>
   </div>
   <div class='ocr_carea' id='block_1_5' title="bbox 126 1318 1138 1561">
    <p class='ocr_par' dir='ltr' id='par_1_5' title="bbox 126 1318 1138 1561">
     <span class='ocr_line' id='line_1_12' title="bbox 126 1318 1138 1403; baseline 0.002 -21"><span class='ocrx_word' id='word_1_71' title='bbox 126 1322 246 1402; x_wconf 89' lang='lat' dir='ltr'><strong>putant</strong></span> <span class='ocrx_word' id='word_1_72' title='bbox 267 1318 406 1384; x_wconf 87' lang='lat' dir='ltr'><strong>liberum</strong></span> <span class='ocrx_word' id='word_1_73' title='bbox 429 1318 507 1398; x_wconf 87' lang='lat' dir='ltr'><strong>fore,</strong></span> <span class='ocrx_word' id='word_1_74' title='bbox 531 1340 572 1382; x_wconf 90' lang='lat' dir='ltr'><strong>ne</strong></span> <span class='ocrx_word' id='word_1_75' title='bbox 596 1319 690 1384; x_wconf 88' lang='lat' dir='ltr'><strong>multi</strong></span> <span class='ocrx_word' id='word_1_76' title='bbox 707 1319 748 1383; x_wconf 90' lang='lat' dir='ltr'><strong>ad</strong></span> <span class='ocrx_word' id='word_1_77' title='bbox 766 1319 950 1384; x_wconf 87' lang='lat' dir='ltr'><strong>libertatem</strong></span> <span class='ocrx_word' id='word_1_78' title='bbox 969 1319 1138 1403; x_wconf 82' lang='lat' dir='ltr'><strong>pervenire</strong></span> 
     </span>
     <span class='ocr_line' id='line_1_13' title="bbox 126 1406 1138 1561; baseline -0.001 -89"><span class='ocrx_word' id='word_1_79' title='bbox 126 1406 348 1561; x_wconf 48' lang='lat' dir='ltr'><strong>ffisfflmt</strong></span> <span class='ocrx_word' id='word_1_80' title='bbox 374 1409 497 1472; x_wconf 87' lang='lat' dir='ltr'><strong>ineerta</strong></span> <span class='ocrx_word' id='word_1_81' title='bbox 524 1429 622 1473; x_wconf 84' lang='lat' dir='ltr'><strong>eausa</strong></span> <span class='ocrx_word' id='word_1_82' title='bbox 648 1407 785 1474; x_wconf 87' lang='lat' dir='ltr'><strong>rationis</strong></span> <span class='ocrx_word' id='word_1_83' title='bbox 814 1413 847 1473; x_wconf 92' lang='lat' dir='ltr'><strong>et</strong></span> <span class='ocrx_word' id='word_1_84' title='bbox 872 1428 990 1494; x_wconf 81' lang='lat' dir='ltr'><strong>genere</strong></span> <span class='ocrx_word' id='word_1_85' title='bbox 1014 1409 1138 1492; x_wconf 81' lang='lat' dir='ltr'><strong>negotii</strong></span> 
     </span>
    </p>
   </div>
   <div class='ocr_carea' id='block_1_6' title="bbox 126 1602 1138 2132">
    <p class='ocr_par' dir='ltr' id='par_1_6' title="bbox 126 1602 1138 2132">
     <span class='ocr_line' id='line_1_14' title="bbox 216 1602 1136 1689; baseline -0.001 -20"><span class='ocrx_word' id='word_1_86' title='bbox 216 1603 270 1670; x_wconf 80' lang='lat'><strong>29.</strong></span> <span class='ocrx_word' id='word_1_87' title='bbox 292 1603 332 1668; x_wconf 89' lang='lat' dir='ltr'><strong>D.</strong></span> <span class='ocrx_word' id='word_1_88' title='bbox 345 1604 398 1685; x_wconf 89' lang='lat'><strong>40,</strong></span> <span class='ocrx_word' id='word_1_89' title='bbox 414 1604 442 1686; x_wconf 80' lang='lat'><strong>7,</strong></span> <span class='ocrx_word' id='word_1_90' title='bbox 459 1603 508 1668; x_wconf 93' lang='grc'><strong>11.</strong></span> <span class='ocrx_word' id='word_1_91' title='bbox 549 1602 746 1689; x_wconf 89' lang='lat' dir='ltr'><strong>Pomponius</strong></span> <span class='ocrx_word' id='word_1_92' title='bbox 770 1603 854 1668; x_wconf 91' lang='lat' dir='ltr'><strong>libro</strong></span> <span class='ocrx_word' id='word_1_93' title='bbox 876 1603 1136 1688; x_wconf 78' lang='lat' dir='ltr'><strong>quartodecimo</strong></span> 
     </span>
     <span class='ocr_line' id='line_1_15' title="bbox 128 1689 1138 1780; baseline 0 -24"><span class='ocrx_word' id='word_1_94' title='bbox 128 1692 169 1756; x_wconf 92' lang='lat' dir='ltr'><strong>ad</strong></span> <span class='ocrx_word' id='word_1_95' title='bbox 193 1689 348 1757; x_wconf 82' lang='lat' dir='ltr'><strong>Sabinum</strong></span> <span class='ocrx_word' id='word_1_96' title='bbox 373 1689 423 1780; x_wconf 89' lang='lat' dir='ltr'><strong>(P.</strong></span> <span class='ocrx_word' id='word_1_97' title='bbox 442 1690 530 1778; x_wconf 77' lang='lat'><strong>597).</strong></span> <span class='ocrx_word' id='word_1_98' title='bbox 554 1729 596 1740; x_wconf 88' lang='lat'>—</span> <span class='ocrx_word' id='word_1_99' title='bbox 620 1691 655 1757; x_wconf 86' lang='lat' dir='ltr'><strong>Si</strong></span> <span class='ocrx_word' id='word_1_100' title='bbox 677 1692 771 1758; x_wconf 89' lang='lat' dir='ltr'><strong>heres</strong></span> <span class='ocrx_word' id='word_1_101' title='bbox 794 1693 962 1777; x_wconf 83' lang='lat' dir='ltr'><strong>pecuniam</strong></span> <span class='ocrx_word' id='word_1_102' title='bbox 986 1693 1138 1758; x_wconf 88' lang='lat' dir='ltr'><strong>donasset</strong></span> 
     </span>
     <span class='ocr_line' id='line_1_16' title="bbox 127 1780 1138 1865; baseline 0.002 -20"><span class='ocrx_word' id='word_1_103' title='bbox 127 1781 331 1864; x_wconf 86' lang='lat' dir='ltr'><strong>statulibero,</strong></span> <span class='ocrx_word' id='word_1_104' title='bbox 354 1792 391 1846; x_wconf 88' lang='lat' dir='ltr'><strong>ut</strong></span> <span class='ocrx_word' id='word_1_105' title='bbox 414 1782 477 1846; x_wconf 91' lang='lat' dir='ltr'><strong>sibi</strong></span> <span class='ocrx_word' id='word_1_106' title='bbox 501 1803 572 1846; x_wconf 89' lang='lat' dir='ltr'><strong>eam</strong></span> <span class='ocrx_word' id='word_1_107' title='bbox 596 1780 689 1846; x_wconf 87' lang='lat' dir='ltr'><strong>daret</strong></span> <span class='ocrx_word' id='word_1_108' title='bbox 711 1788 744 1846; x_wconf 91' lang='lat' dir='ltr'><strong>et</strong></span> <span class='ocrx_word' id='word_1_109' title='bbox 764 1781 847 1846; x_wconf 91' lang='lat' dir='ltr'><strong>liber</strong></span> <span class='ocrx_word' id='word_1_110' title='bbox 866 1786 961 1865; x_wconf 89' lang='lat' dir='ltr'><strong>esset,</strong></span> <span class='ocrx_word' id='word_1_111' title='bbox 984 1803 1048 1847; x_wconf 88' lang='lat' dir='ltr'><strong>non</strong></span> <span class='ocrx_word' id='word_1_112' title='bbox 1066 1781 1138 1847; x_wconf 90' lang='lat' dir='ltr'><strong>fieri</strong></span> 
     </span>
     <span class='ocr_line' id='line_1_17' title="bbox 126 1870 1138 1972; baseline 0 -38"><span class='ocrx_word' id='word_1_113' title='bbox 126 1870 264 1972; x_wconf 77' lang='lat' dir='ltr'><strong>liberum</strong></span> <span class='ocrx_word' id='word_1_114' title='bbox 288 1871 400 1935; x_wconf 85' lang='lat' dir='ltr'><strong>Aristo</strong></span> <span class='ocrx_word' id='word_1_115' title='bbox 424 1870 484 1954; x_wconf 78' lang='lat' dir='ltr'><strong>ait3</strong></span> <span class='ocrx_word' id='word_1_116' title='bbox 508 1871 564 1934; x_wconf 90' lang='lat' dir='ltr'><strong>sed</strong></span> <span class='ocrx_word' id='word_1_117' title='bbox 584 1872 613 1936; x_wconf 91' lang='lat' dir='ltr'><strong>si</strong></span> <span class='ocrx_word' id='word_1_118' title='bbox 631 1871 665 1935; x_wconf 88' lang='lat' dir='ltr'><strong>in</strong></span> <span class='ocrx_word' id='word_1_119' title='bbox 682 1871 815 1956; x_wconf 92' lang='lat' dir='ltr'><strong>plenum</strong></span> <span class='ocrx_word' id='word_1_120' title='bbox 834 1871 864 1936; x_wconf 88' lang='lat' dir='ltr'><strong>ei</strong></span> <span class='ocrx_word' id='word_1_121' title='bbox 883 1870 1043 1954; x_wconf 89' lang='lat' dir='ltr'><strong>donasset,</strong></span> <span class='ocrx_word' id='word_1_122' title='bbox 1065 1870 1138 1936; x_wconf 90' lang='lat' dir='ltr'><strong>fieri</strong></span> 
     </span>
     <span class='ocr_line' id='line_1_18' title="bbox 126 1959 823 2132; baseline 0.003 -20"><span class='ocrx_word' id='word_1_123' title='bbox 126 1959 275 2024; x_wconf 39' lang='lat' dir='ltr'><strong>hbemm.</strong></span> <span class='ocrx_word' id='word_1_124' title='bbox 447 2047 496 2113; x_wconf 88' lang='lat' dir='ltr'><strong>De</strong></span> <span class='ocrx_word' id='word_1_125' title='bbox 518 2057 616 2132; x_wconf 66' lang='lat' dir='ltr'><strong>operes</strong></span> <span class='ocrx_word' id='word_1_126' title='bbox 638 2048 823 2114; x_wconf 77' lang='lat' dir='ltr'><strong>libertorum.</strong></span> 
     </span>
    </p>
   </div>
   <div class='ocr_carea' id='block_1_7' title="bbox 129 2152 1139 2330">
    <p class='ocr_par' dir='ltr' id='par_1_7' title="bbox 129 2152 1139 2330">
     <span class='ocr_line' id='line_1_19' title="bbox 218 2152 1138 2308; baseline -0.001 -87"><span class='ocrx_word' id='word_1_127' title='bbox 218 2156 270 2257; x_wconf 79' lang='lat'><strong>3⁰:</strong></span> <span class='ocrx_word' id='word_1_128' title='bbox 294 2154 333 2219; x_wconf 92' lang='lat' dir='ltr'><strong>D.</strong></span> <span class='ocrx_word' id='word_1_129' title='bbox 343 2154 395 2235; x_wconf 82' lang='lat'><strong>38,</strong></span> <span class='ocrx_word' id='word_1_130' title='bbox 412 2155 441 2239; x_wconf 89' lang='lat'><strong>1,</strong></span> <span class='ocrx_word' id='word_1_131' title='bbox 454 2155 484 2218; x_wconf 83' lang='lat'><strong>4.</strong></span> <span class='ocrx_word' id='word_1_132' title='bbox 516 2153 606 2220; x_wconf 89' lang='lat' dir='ltr'><strong>Idem</strong></span> <span class='ocrx_word' id='word_1_133' title='bbox 616 2152 679 2308; x_wconf 57' lang='lat' dir='ltr'><strong>(so.</strong></span> <span class='ocrx_word' id='word_1_134' title='bbox 694 2152 909 2242; x_wconf 90' lang='lat' dir='ltr'><strong>Pomponius)</strong></span> <span class='ocrx_word' id='word_1_135' title='bbox 923 2155 1008 2258; x_wconf 80' lang='lat' dir='ltr'><strong>libro</strong></span> <span class='ocrx_word' id='word_1_136' title='bbox 1023 2165 1138 2260; x_wconf 75' lang='lat' dir='ltr'><strong>quarto</strong></span> 
     </span>
     <span class='ocr_line' id='line_1_20' title="bbox 129 2240 1139 2330; baseline 0.002 -22"><span class='ocrx_word' id='word_1_137' title='bbox 129 2244 171 2308; x_wconf 87' lang='lat' dir='ltr'><strong>ad</strong></span> <span class='ocrx_word' id='word_1_138' title='bbox 195 2241 346 2309; x_wconf 82' lang='lat' dir='ltr'><strong>Sabinum</strong></span> <span class='ocrx_word' id='word_1_139' title='bbox 371 2241 419 2328; x_wconf 91' lang='lat' dir='ltr'><strong>(P.</strong></span> <span class='ocrx_word' id='word_1_140' title='bbox 438 2240 528 2330; x_wconf 78' lang='lat'><strong>432).</strong></span> <span class='ocrx_word' id='word_1_141' title='bbox 553 2280 592 2291; x_wconf 96' lang='lat'>-</span> <span class='ocrx_word' id='word_1_142' title='bbox 671 2244 795 2310; x_wconf 89' lang='lat' dir='ltr'><strong>duobus</strong></span> <span class='ocrx_word' id='word_1_143' title='bbox 818 2265 1037 2310; x_wconf 85' lang='lat' dir='ltr'><strong>manumissus</strong></span> <span class='ocrx_word' id='word_1_144' title='bbox 1061 2248 1139 2310; x_wconf 83' lang='lat' dir='ltr'><strong>utn-</strong></span> 
     </span>
    </p>
   </div>
   <div class='ocr_carea' id='block_1_8' title="bbox 132 2330 1273 2418">
    <p class='ocr_par' dir='ltr' id='par_1_8' title="bbox 132 2330 1273 2418">
     <span class='ocr_line' id='line_1_21' title="bbox 132 2330 1273 2418; baseline 0.003 -22"><span class='ocrx_word' id='word_1_145' title='bbox 132 2353 194 2417; x_wconf 88' lang='lat' dir='ltr'><strong>que</strong></span> <span class='ocrx_word' id='word_1_146' title='bbox 214 2353 325 2417; x_wconf 89' lang='lat' dir='ltr'><strong>operas</strong></span> <span class='ocrx_word' id='word_1_147' title='bbox 343 2336 546 2417; x_wconf 88' lang='lat' dir='ltr'><strong>promiserat.</strong></span> <span class='ocrx_word' id='word_1_148' title='bbox 584 2334 686 2398; x_wconf 87' lang='lat' dir='ltr'><strong>altero</strong></span> <span class='ocrx_word' id='word_1_149' title='bbox 706 2355 745 2397; x_wconf 88' lang='lat' dir='ltr'><strong>ex</strong></span> <span class='ocrx_word' id='word_1_150' title='bbox 762 2332 814 2397; x_wconf 88' lang='lat' dir='ltr'><strong>his</strong></span> <span class='ocrx_word' id='word_1_151' title='bbox 833 2336 962 2399; x_wconf 91' lang='lat' dir='ltr'><strong>mortuo</strong></span> <span class='ocrx_word' id='word_1_152' title='bbox 980 2334 1062 2398; x_wconf 90' lang='lat' dir='ltr'><strong>nihil</strong></span> <span class='ocrx_word' id='word_1_153' title='bbox 1081 2337 1139 2418; x_wconf 83' lang='lat' dir='ltr'><strong>est,</strong></span> <span class='ocrx_word' id='word_1_154' title='bbox 1267 2330 1273 2340; x_wconf 60' lang='lat'>‘</span> 
     </span>
    </p>
   </div>
   <div class='ocr_carea' id='block_1_9' title="bbox 128 2421 1139 2860">
    <p class='ocr_par' dir='ltr' id='par_1_9' title="bbox 128 2421 1139 2860">
     <span class='ocr_line' id='line_1_22' title="bbox 130 2421 1138 2507; baseline 0.001 -22"><span class='ocrx_word' id='word_1_155' title='bbox 130 2442 232 2507; x_wconf 91' lang='lat' dir='ltr'><strong>quare</strong></span> <span class='ocrx_word' id='word_1_156' title='bbox 254 2442 319 2486; x_wconf 91' lang='lat' dir='ltr'><strong>non</strong></span> <span class='ocrx_word' id='word_1_157' title='bbox 342 2422 410 2486; x_wconf 93' lang='lat' dir='ltr'><strong>filio</strong></span> <span class='ocrx_word' id='word_1_158' title='bbox 432 2421 510 2506; x_wconf 88' lang='lat' dir='ltr'><strong>eius,</strong></span> <span class='ocrx_word' id='word_1_159' title='bbox 533 2423 678 2506; x_wconf 85' lang='lat' dir='ltr'><strong>quamvis</strong></span> <span class='ocrx_word' id='word_1_160' title='bbox 699 2423 871 2506; x_wconf 88' lang='lat' dir='ltr'><strong>superstite</strong></span> <span class='ocrx_word' id='word_1_161' title='bbox 891 2421 1003 2506; x_wconf 84' lang='lat' dir='ltr'><strong>altero,</strong></span> <span class='ocrx_word' id='word_1_162' title='bbox 1026 2444 1138 2504; x_wconf 85' lang='lat' dir='ltr'><strong>opera-</strong></span> 
     </span>
     <span class='ocr_line' id='line_1_23' title="bbox 129 2510 1139 2595; baseline 0 -20"><span class='ocrx_word' id='word_1_163' title='bbox 129 2531 200 2575; x_wconf 89' lang='lat' dir='ltr'><strong>rum</strong></span> <span class='ocrx_word' id='word_1_164' title='bbox 225 2510 318 2576; x_wconf 91' lang='lat' dir='ltr'><strong>detur</strong></span> <span class='ocrx_word' id='word_1_165' title='bbox 339 2511 464 2594; x_wconf 86' lang='lat' dir='ltr'><strong>petitio.</strong></span> <span class='ocrx_word' id='word_1_166' title='bbox 505 2532 564 2576; x_wconf 88' lang='lat' dir='ltr'><strong>neo</strong></span> <span class='ocrx_word' id='word_1_167' title='bbox 583 2511 646 2576; x_wconf 88' lang='lat' dir='ltr'><strong>boo</strong></span> <span class='ocrx_word' id='word_1_168' title='bbox 664 2511 833 2595; x_wconf 91' lang='lat' dir='ltr'><strong>quiequam</strong></span> <span class='ocrx_word' id='word_1_169' title='bbox 852 2531 1021 2575; x_wconf 85' lang='lat' dir='ltr'><strong>commune</strong></span> <span class='ocrx_word' id='word_1_170' title='bbox 1039 2511 1139 2575; x_wconf 86' lang='lat' dir='ltr'><strong>babet</strong></span> 
     </span>
     <span class='ocr_line' id='line_1_24' title="bbox 129 2598 1138 2685; baseline -0.002 -21"><span class='ocrx_word' id='word_1_171' title='bbox 129 2621 203 2664; x_wconf 90' lang='lat' dir='ltr'><strong>oum</strong></span> <span class='ocrx_word' id='word_1_172' title='bbox 221 2598 400 2666; x_wconf 87' lang='lat' dir='ltr'><strong>hereditate</strong></span> <span class='ocrx_word' id='word_1_173' title='bbox 418 2601 475 2664; x_wconf 91' lang='lat' dir='ltr'><strong>aut</strong></span> <span class='ocrx_word' id='word_1_174' title='bbox 492 2599 651 2666; x_wconf 90' lang='lat' dir='ltr'><strong>bonorum</strong></span> <span class='ocrx_word' id='word_1_175' title='bbox 669 2599 888 2685; x_wconf 76' lang='lat' dir='ltr'><strong>possession03</strong></span> <span class='ocrx_word' id='word_1_176' title='bbox 906 2598 1037 2682; x_wconf 89' lang='lat' dir='ltr'><strong>perinde</strong></span> <span class='ocrx_word' id='word_1_177' title='bbox 1052 2600 1138 2662; x_wconf 90' lang='lat' dir='ltr'><strong>enim</strong></span> 
     </span>
     <span class='ocr_line' id='line_1_25' title="bbox 130 2685 1138 2774; baseline -0.002 -22"><span class='ocrx_word' id='word_1_178' title='bbox 130 2710 247 2771; x_wconf 90' lang='lat' dir='ltr'><strong>operae</strong></span> <span class='ocrx_word' id='word_1_179' title='bbox 267 2697 291 2752; x_wconf 84' lang='lat' dir='ltr'><strong>&#39;a</strong></span> <span class='ocrx_word' id='word_1_180' title='bbox 312 2688 439 2754; x_wconf 85' lang='lat' dir='ltr'><strong>libertis</strong></span> <span class='ocrx_word' id='word_1_181' title='bbox 463 2709 500 2753; x_wconf 89' lang='lat' dir='ltr'><strong>ao</strong></span> <span class='ocrx_word' id='word_1_182' title='bbox 522 2687 660 2774; x_wconf 82' lang='lat' dir='ltr'><strong>pecunia</strong></span> <span class='ocrx_word' id='word_1_183' title='bbox 683 2687 804 2753; x_wconf 87' lang='lat' dir='ltr'><strong>eredita</strong></span> <span class='ocrx_word' id='word_1_184' title='bbox 822 2687 953 2773; x_wconf 89' lang='lat' dir='ltr'><strong>petitur.</strong></span> <span class='ocrx_word' id='word_1_185' title='bbox 993 2686 1073 2751; x_wconf 88' lang='lat' dir='ltr'><strong>haee</strong></span> <span class='ocrx_word' id='word_1_186' title='bbox 1090 2685 1138 2750; x_wconf 92' lang='lat' dir='ltr'><strong>ita</strong></span> 
     </span>
     <span class='ocr_line' id='line_1_26' title="bbox 128 2777 403 2860; baseline 0.007 -20"><span class='ocrx_word' id='word_1_187' title='bbox 128 2777 241 2843; x_wconf 88' lang='lat' dir='ltr'><strong>Aristo</strong></span> <span class='ocrx_word' id='word_1_188' title='bbox 265 2777 403 2860; x_wconf 86' lang='lat' dir='ltr'><strong>scripsit.</strong></span> 
     </span>
    </p>
   </div>
   <div class='ocr_carea' id='block_1_10' title="bbox 127 2883 1139 3232">
    <p class='ocr_par' dir='ltr' id='par_1_10' title="bbox 127 2883 1139 3232">
     <span class='ocr_line' id='line_1_27' title="bbox 216 2883 1138 2966; baseline -0.003 -14"><span class='ocrx_word' id='word_1_189' title='bbox 216 2888 400 2966; x_wconf 82' lang='lat' dir='ltr'><strong>Pomponius</strong></span> <span class='ocrx_word' id='word_1_190' title='bbox 418 2888 515 2950; x_wconf 83' lang='lat' dir='ltr'><strong>addit:</strong></span> <span class='ocrx_word' id='word_1_191' title='bbox 534 2883 630 2949; x_wconf 76' lang='lat' dir='ltr'><strong>‘euius</strong></span> <span class='ocrx_word' id='word_1_192' title='bbox 649 2887 828 2948; x_wconf 88' lang='lat' dir='ltr'><strong>sententiam</strong></span> <span class='ocrx_word' id='word_1_193' title='bbox 845 2891 919 2965; x_wconf 89' lang='lat' dir='ltr'><strong>puto</strong></span> <span class='ocrx_word' id='word_1_194' title='bbox 934 2907 1049 2965; x_wconf 80' lang='lat' dir='ltr'><strong>veram3</strong></span> <span class='ocrx_word' id='word_1_195' title='bbox 1068 2906 1138 2949; x_wconf 85' lang='lat' dir='ltr'><strong>nam</strong></span> 
     </span>
     <span class='ocr_line' id='line_1_28' title="bbox 128 2977 1137 3055; baseline -0.001 -18"><span class='ocrx_word' id='word_1_196' title='bbox 128 2979 220 3038; x_wconf 90' lang='lat' dir='ltr'><strong>etiam</strong></span> <span class='ocrx_word' id='word_1_197' title='bbox 247 2978 481 3055; x_wconf 87' lang='lat' dir='ltr'><strong>praeteritarum</strong></span> <span class='ocrx_word' id='word_1_198' title='bbox 508 2997 666 3054; x_wconf 88' lang='lat' dir='ltr'><strong>operarum</strong></span> <span class='ocrx_word' id='word_1_199' title='bbox 694 2977 842 3038; x_wconf 85' lang='lat' dir='ltr'><strong>sotionem</strong></span> <span class='ocrx_word' id='word_1_200' title='bbox 869 2977 934 3038; x_wconf 87' lang='lat' dir='ltr'><strong>dari</strong></span> <span class='ocrx_word' id='word_1_201' title='bbox 961 2977 1064 3037; x_wconf 91' lang='lat' dir='ltr'><strong>heredi</strong></span> <span class='ocrx_word' id='word_1_202' title='bbox 1089 2996 1137 3036; x_wconf 83' lang='lat' dir='ltr'><strong>ex·</strong></span> 
     </span>
     <span class='ocr_line' id='line_1_29' title="bbox 127 3058 1139 3144; baseline 0 -18"><span class='ocrx_word' id='word_1_203' title='bbox 127 3071 232 3126; x_wconf 86' lang='lat' dir='ltr'><strong>traneo</strong></span> <span class='ocrx_word' id='word_1_204' title='bbox 265 3067 328 3126; x_wconf 90' lang='lat' dir='ltr'><strong>sine</strong></span> <span class='ocrx_word' id='word_1_205' title='bbox 360 3070 442 3126; x_wconf 88' lang='lat' dir='ltr'><strong>metu</strong></span> <span class='ocrx_word' id='word_1_206' title='bbox 470 3058 651 3142; x_wconf 81' lang='lat' dir='ltr'><strong>exceptionis</strong></span> <span class='ocrx_word' id='word_1_207' title='bbox 678 3063 785 3143; x_wconf 79' lang='lat' dir='ltr'><strong>placet.</strong></span> <span class='ocrx_word' id='word_1_208' title='bbox 836 3066 957 3126; x_wconf 89' lang='lat' dir='ltr'><strong>dabitur</strong></span> <span class='ocrx_word' id='word_1_209' title='bbox 983 3066 1079 3144; x_wconf 83' lang='lat' dir='ltr'><strong>igitur</strong></span> <span class='ocrx_word' id='word_1_210' title='bbox 1107 3070 1139 3126; x_wconf 91' lang='lat' dir='ltr'><strong>ot</strong></span> 
     </span>
     <span class='ocr_line' id='line_1_30' title="bbox 127 3150 485 3232; baseline 0.003 -18"><span class='ocrx_word' id='word_1_211' title='bbox 127 3156 196 3217; x_wconf 86' lang='lat' dir='ltr'><strong>vivo</strong></span> <span class='ocrx_word' id='word_1_212' title='bbox 220 3157 315 3216; x_wconf 85' lang='lat' dir='ltr'><strong>altero</strong></span> <span class='ocrx_word' id='word_1_213' title='bbox 337 3150 485 3232; x_wconf 70' lang='lat' dir='ltr'><strong>patrono?</strong></span> 
     </span>
    </p>
   </div>
   <div class='ocr_carea' id='block_1_11' title="bbox 424 3328 843 3416">
    <p class='ocr_par' dir='ltr' id='par_1_11' title="bbox 424 3328 843 3416">
     <span class='ocr_line' id='line_1_31' title="bbox 424 3328 843 3416; baseline -0.005 -20"><span class='ocrx_word' id='word_1_214' title='bbox 424 3328 475 3396; x_wconf 83' lang='lat' dir='ltr'><strong>De</strong></span> <span class='ocrx_word' id='word_1_215' title='bbox 496 3331 643 3416; x_wconf 76' lang='lat' dir='ltr'><strong>emptione</strong></span> <span class='ocrx_word' id='word_1_216' title='bbox 665 3329 843 3395; x_wconf 77' lang='lat' dir='ltr'><strong>venditione.</strong></span> 
     </span>
    </p>
   </div>
   <div class='ocr_carea' id='block_1_12' title="bbox 127 3433 1136 3610">
    <p class='ocr_par' dir='ltr' id='par_1_12' title="bbox 127 3433 1136 3610">
     <span class='ocr_line' id='line_1_32' title="bbox 216 3433 1136 3517; baseline -0.001 -16"><span class='ocrx_word' id='word_1_217' title='bbox 216 3436 268 3501; x_wconf 82' lang='lat'><strong>31.</strong></span> <span class='ocrx_word' id='word_1_218' title='bbox 296 3433 336 3500; x_wconf 86' lang='lat' dir='ltr'><strong>D.</strong></span> <span class='ocrx_word' id='word_1_219' title='bbox 351 3437 381 3517; x_wconf 80' lang='lat'><strong>2,</strong></span> <span class='ocrx_word' id='word_1_220' title='bbox 396 3437 448 3515; x_wconf 82' lang='lat'><strong>14,</strong></span> <span class='ocrx_word' id='word_1_221' title='bbox 461 3436 514 3502; x_wconf 77' lang='lat'><strong>58.</strong></span> <span class='ocrx_word' id='word_1_222' title='bbox 558 3433 711 3502; x_wconf 88' lang='lat' dir='ltr'><strong>Neratius</strong></span> <span class='ocrx_word' id='word_1_223' title='bbox 739 3435 821 3502; x_wconf 87' lang='lat' dir='ltr'><strong>libro</strong></span> <span class='ocrx_word' id='word_1_224' title='bbox 850 3436 949 3501; x_wconf 90' lang='lat' dir='ltr'><strong>tertio</strong></span> <span class='ocrx_word' id='word_1_225' title='bbox 974 3434 1136 3500; x_wconf 87' lang='lat' dir='ltr'><strong>Membra·</strong></span> 
     </span>
     <span class='ocr_line' id='line_1_33' title="bbox 127 3522 1135 3610; baseline -0.002 -20"><span class='ocrx_word' id='word_1_226' title='bbox 127 3547 253 3590; x_wconf 88' lang='lat' dir='ltr'><strong>narum.</strong></span> <span class='ocrx_word' id='word_1_227' title='bbox 282 3561 326 3571; x_wconf 94' lang='lat'>—</span> <span class='ocrx_word' id='word_1_228' title='bbox 358 3524 412 3590; x_wconf 89' lang='lat' dir='ltr'><strong>Ab</strong></span> <span class='ocrx_word' id='word_1_229' title='bbox 446 3522 608 3608; x_wconf 90' lang='lat' dir='ltr'><strong>emptione</strong></span> <span class='ocrx_word' id='word_1_230' title='bbox 641 3523 840 3610; x_wconf 86' lang='lat' dir='ltr'><strong>venditione,</strong></span> <span class='ocrx_word' id='word_1_231' title='bbox 870 3524 1029 3590; x_wconf 80' lang='lat' dir='ltr'><strong>locatione</strong></span> <span class='ocrx_word' id='word_1_232' title='bbox 1062 3546 1135 3588; x_wconf 91' lang='lat' dir='ltr'><strong>eon·</strong></span> 
     </span>
    </p>
   </div>
   <div class='ocr_carea' id='block_1_13' title="bbox 127 3611 1136 3699">
    <p class='ocr_par' dir='ltr' id='par_1_13' title="bbox 127 3611 1136 3699">
     <span class='ocr_line' id='line_1_34' title="bbox 127 3611 1136 3699; baseline -0.003 -22"><span class='ocrx_word' id='word_1_233' title='bbox 127 3613 279 3680; x_wconf 82' lang='lat' dir='ltr'><strong>ductione</strong></span> <span class='ocrx_word' id='word_1_234' title='bbox 308 3613 486 3699; x_wconf 84' lang='lat' dir='ltr'><strong>ceterisque</strong></span> <span class='ocrx_word' id='word_1_235' title='bbox 514 3611 674 3678; x_wconf 88' lang='lat' dir='ltr'><strong>similibus</strong></span> <span class='ocrx_word' id='word_1_236' title='bbox 703 3612 956 3698; x_wconf 83' lang='lat' dir='ltr'><strong>obligationibus</strong></span> <span class='ocrx_word' id='word_1_237' title='bbox 984 3612 1062 3696; x_wconf 92' lang='lat' dir='ltr'><strong>quin</strong></span> <span class='ocrx_word' id='word_1_238' title='bbox 1089 3612 1136 3675; x_wconf 91' lang='lat' dir='ltr'><strong>in·</strong></span> 
     </span>
    </p>
   </div>
   <div class='ocr_carea' id='block_1_14' title="bbox 0 0 1312 3912">
    <p class='ocr_par' dir='ltr' id='par_1_14' title="bbox 0 0 1312 3912">
     <span class='ocr_line' id='line_1_35' title="bbox 0 0 1312 3912; baseline 0 0"><span class='ocrx_word' id='word_1_239' title='bbox 0 0 1312 3912; x_wconf 95' lang='lat' dir='ltr'><strong> </strong></span> 
     </span>
    </p>
   </div>
  </div>
 </body>
</html>
