2602 3906
271 219 305 274 II.
324 219 562 276 INCERTORUM
581 221 810 277 SENTENTIAE
829 222 875 276 ET
892 222 998 277 LIBRI.
1073 221 1138 286 525

130 387 228 448 esset:
258 383 345 447 ‘filiis
369 384 449 448 meis
478 383 575 450 hosce
613 389 738 450 tutores
767 384 833 470 do',
870 406 1060 471 responsum
1089 391 1139 451 est
1208 459 1211 466 ,

128 473 225 538 ctiam
247 472 377 536 filiabus
401 476 525 537 tutores
549 473 642 539 datos
667 495 745 538 esse.

420 703 421 706 η
548 649 598 715 De
618 651 722 732 furtis.
822 627 824 634 ,

216 776 267 840 31.
290 773 329 839 D.
353 775 405 859 47,
428 776 458 858 2,
481 775 533 859 55,
559 777 585 839 1.
610 773 708 839 Gaius
727 754 811 840 libro
830 776 927 841 tertio
947 777 1070 842 decimo
1094 779 1134 842 ad

129 864 268 928 edictum
305 863 512 947 provinciale.
552 899 596 910 -
636 864 720 928 Eum
757 865 812 948 qui
853 865 937 949 quod
978 867 1134 931 utendum

127 952 350 1106 ζὲῗρὲξῂἰρεθ
370 953 424 1016 alii
452 953 713 1038 commodaverit,
735 952 813 1017 furti
837 954 975 1038 obligari
998 975 1132 1039 respon·

217 1148 268 1212 32.
292 1146 330 1212 D.
345 1148 398 1231 47,
412 1149 442 1231 2,
461 1149 513 1232 48,
534 1149 562 1212 7.
585 1146 744 1230 Ulpianus
764 1148 847 1212 libro
868 1149 1136 1234 quadragensimo

129 1236 268 1301 secundo
288 1236 328 1299 ad
352 1234 516 1300 Sabinum.
543 1274 580 1283 -
607 1235 687 1302 (lum
707 1237 759 1300 fur
776 1259 845 1301 rem
863 1237 1015 1302 furtivam
1030 1240 1139 1304 vendi·

127 1326 229 1390 disset
267 1325 359 1410 eique
397 1347 547 1390 nummos
584 1326 681 1408 pretii
716 1324 864 1390 dominus
899 1327 946 1390 rei
979 1349 1035 1411 per
1071 1328 1137 1392 vim

127 1415 276 1492 extorsit,
313 1414 434 1478 furtum
465 1436 536 1478 cum
568 1437 773 1480 nummorum
800 1414 915 1480 fecisse
943 1466 977 1481 ..
1005 1437 1137 1502 respon·

128 1525 199 1567 sum
224 1506 282 1568 est·
440 1592 489 1657 De
512 1593 671 1657 arboribus
693 1593 824 1658 sanctis.

129 1775 133 1784 .
219 1716 270 1780 33.
294 1713 364 1781 sai.
383 1717 413 1798 4,
434 1717 485 1780 11.

218 1847 244 1886 v.
264 1827 279 1886 I
300 1848 328 1903 p.
348 1830 376 1888 8.

486 1911 536 1976 Dc
559 1911 619 1994 depe
642 1913 780 1994 Aquilia.

219 2035 271 2100 34.
294 2035 317 2099 I.
340 2038 371 2117 4,
395 2036 425 2120 3,
450 2037 499 2101 13.
526 2074 568 2083 -
597 2087 627 2102 ..
653 2059 843 2121 responsum
868 2041 931 2123 est,
959 2037 987 2101 si
1011 2037 1081 2121 quis
1105 2037 1140 2101 in

130 2124 269 2188 alienum
293 2124 402 2188 vinum
426 2129 483 2189 aut
506 2127 612 2191 oleum
635 2126 668 2190 id
691 2126 872 2209 immiserit,
895 2148 958 2211 quo
982 2127 1140 2191 naturalis

129 2213 259 2278 bonitas
290 2213 357 2276 vini
389 2213 440 2278 vel
470 2214 533 2279 olei
565 2219 837 2299 corrumperetur,
872 2237 911 2278 ex
946 2215 1007 2280 hac
1046 2220 1139 2299 parte

130 2301 212 2386 legis
236 2298 292 2388 (sc.
316 2302 465 2386 Aquiliae
489 2305 593 2387 capite
617 2302 728 2390 tertio)
753 2326 825 2368 eum
849 2305 961 2368 teneri.

218 2407 271 2472 35.
301 2407 340 2472 D.
362 2408 415 2486 41,
441 2413 468 2492 1,
496 2410 548 2475 55.
576 2410 696 2475 Paulus
725 2410 807 2474 libro
836 2410 976 2474 secundo
1004 2409 1137 2492 Epistu-

128 2497 242 2560 larum.
267 2534 305 2543 -
407 2498 567 2563 actionem
591 2499 670 2563 mihi
693 2500 727 2563 in
745 2498 867 2563 factum
890 2498 959 2562 dari
979 2502 1137 2581 oportere,

128 2585 227 2650 veluti
260 2607 449 2669 responsum
482 2591 540 2671 est,
572 2609 645 2652 cum
669 2586 799 2673 quidam
828 2587 977 2668 poculum
1002 2586 1135 2650 alterius

129 2697 170 2738 ex
193 2695 274 2739 nave
298 2675 450 2741 eiecisset.

502 2817 552 2882 De
574 2819 766 2884 condictione.

220 2941 270 3007 36.
295 2939 334 3006 D.
352 2943 405 3020 44,
426 2945 454 3026 7,
474 2945 525 3026 34,
545 2943 574 3007 2.
597 2941 687 3008 Idem
707 2940 764 3028 (sc.
782 2939 914 3029 Paulus)
930 2942 1014 3007 libro
1035 2943 1141 3027 singu·

130 3029 192 3093 lari
222 3030 259 3094 de
297 3032 559 3097 concurrentibus
591 3033 780 3098 actionibus.
819 3068 856 3079 —
897 3082 930 3097 ..
958 3032 997 3095 de
1025 3032 1141 3096 colono

132 3139 323 3203 responsum
348 3125 406 3205 est,
430 3122 458 3186 si
481 3121 603 3205 aliquid
628 3143 666 3185 ex
689 3121 788 3187 fundo
813 3120 1015 3205 subtraxerit,
1037 3121 1141 3186 teneri

131 3229 204 3275 eum
228 3209 428 3274 condictione
452 3214 485 3274 et
506 3210 595 3294 furti,
618 3211 695 3295 quin
719 3212 817 3274 etiam
841 3233 880 3275 ex
901 3212 1017 3276 locato.

221 3315 272 3379 37.
300 3313 338 3378 D.
363 3317 415 3398 12,
438 3317 466 3399 5,
485 3319 561 3401 9pr.
585 3315 676 3382 Idem
695 3315 752 3404 (sc.
771 3314 906 3404 Paulus)
924 3317 1008 3382 libro
1027 3317 1141 3401 quinto

132 3404 171 3468 ad
187 3401 361 3469 Plautium.
374 3442 412 3451 —
425 3403 458 3470 Si
473 3407 666 3470 vestimenta
679 3407 800 3470 utenda
813 3406 874 3470 tibi
888 3404 1142 3484 commodaver0,

9 3535 11 3552 2
131 3492 244 3557 deinde
281 3495 431 3576 pretium,
461 3498 498 3558 ut
529 3495 713 3578 reciperem,
740 3494 909 3578 dedissem,
941 3493 1141 3558 condictione

9 3625 11 3668 ÷
131 3603 182 3646 mc
205 3585 292 3646 recte
316 3585 461 3647 acturum
485 3604 672 3665 responsum
697 3585 753 3650 est.
