2596 3902
430 231 457 282 8.
480 225 619 282 SEXTUS
637 225 768 281 remus
1063 225 1104 290 79

91 440 117 457 ..
139 390 263 473 scribit,
283 390 369 475 quod
387 393 500 454 eontra
518 410 557 453 ea
571 387 786 475 (quecumque
801 389 935 474 causal)
954 389 1105 455 damnum

91 480 292 635 8121518ιῖ16ῃέεὲ
313 479 364 544 cui
384 478 474 543 nulla
493 473 552 562 ope
572 478 693 543 occurri
711 477 839 563 poterit,
862 479 1106 563 stipulationem

181 671 242 732 Pro
284 664 379 746 ‘quod
415 662 533 730 contra'
566 671 730 730 Mormnscn
759 673 860 744 porcas
895 673 983 732 scribi
1017 673 1109 733 tabo:

94 760 213 838 quando
236 759 390 821 violentia.
434 760 509 833 qaod
525 761 679 834 proposui,
701 759 820 819 Leontio
842 760 965 821 (1888888.

181 870 236 936 29.
268 869 307 934 D.
327 869 379 952 39,
397 869 428 952 2,
446 869 498 933 32.
549 867 649 934 Gaius
676 867 760 933 libro
788 868 964 935 vicensimo
992 875 1107 937 octavo

95 958 133 1024 ed
158 959 301 1025 edictum
324 957 521 1042 provinciale
546 955 596 1044 (P.
611 954 701 1041 371).
723 994 763 1004 —
865 957 992 1023 si'uuas
1011 959 1106 1025 aedes

96 1068 281 1113 communes
305 1052 412 1112 tecum
434 1046 533 1111 habui
556 1067 676 1130 eaeque
698 1047 812 1111 vitium
830 1046 954 1112 facient
972 1053 1006 1112 et
1023 1048 1108 1114 eirca

95 1135 305 1202 refectionem
324 1157 435 1200 earum
453 1156 579 1200 cessare
595 1135 747 1218 ridearis,
765 1135 869 1200 nostri
883 1142 1107 1222 praeceptores

96 1229 217 1310 negant
249 1246 361 1290 cavere
393 1232 425 1288 te
458 1224 587 1306 debere,
618 1222 696 1308 quie
727 1224 796 1309 ipse
823 1223 954 1290 reficere
981 1227 1106 1311 poesim

96 1318 281 1398 recepturus
302 1319 363 1399 pro
386 1317 489 1399 parte,
514 1312 598 1396 quod
620 1312 843 1399 impenderim,
865 1313 982 1379 iudicio
1006 1316 1106 1380 socie·

95 1402 171 1468 tetis
187 1406 244 1467 aut
257 1402 420 1467 communi
439 1400 613 1466 dividundo
690 1406 723 1466 et
741 1406 791 1466 est
809 1402 905 1487 plane
918 1408 1107 1469 nostrorum

96 1494 339 1575 praeceptorum
370 1491 451 1556 heco
484 1491 657 1571 sententia,
691 1494 728 1554 ut
759 1491 926 1556 credamus
958 1492 1126 1559 inutilem¹

97 1601 163 1645 8888
192 1579 302 1644 damni
329 1579 444 1645 infecti
472 1579 731 1664 stipulationem,
759 1601 822 1664 quo
850 1601 927 1666 casu
954 1580 1108 1646 damnum

97 1670 158 1734 alia
181 1669 309 1734 actione
333 1668 446 1734 sarciri
469 1667 581 1751 possit.

519 1827 679 1838 ‚—...—-

377 1933 418 2016 5.
447 1935 628 2011 SEXTUS
655 1937 827 2009 PEDIUS

181 2082 257 2142 iuris
287 2082 402 2159 peritus
432 2081 540 2142 Sabino
569 2086 645 2142 natu
672 2081 768 2142 minor
796 2073 847 2164 (D.
862 2085 914 2160 50,
931 2085 981 2159 16,
998 2085 1047 2161 13,
1063 2075 1108 2166 1),

96 2169 259 2249 Pomponio
281 2171 376 2230 maior
399 2166 447 2253 (D.
463 2174 492 2250 4,
507 2174 536 2246 3,
553 2175 580 2248 1,
595 2162 647 2252 4),
672 2170 753 2230 idem
775 2171 904 2232 fortasse
927 2175 1017 2248 atque
1041 2172 1106 2234 Sex.

96 2258 204 2320 Pedius
223 2259 369 2320 Hirrutus
388 2252 439 2340 (ef.
458 2260 605 2339 Borghesi
624 2261 652 2338 8,
673 2261 745 2320 326.
771 2262 800 2338 6,
813 2262 888 2321 488.
930 2261 1107 2340 Prosopogr.
1128 2267 1130 2270 '

96 2347 141 2407 HI
162 2370 192 2425 p.
208 2346 276 2432 20),
298 2367 317 2408 a
339 2348 461 2409 Valerio
487 2367 604 2428 quoque
627 2349 736 2423 Probo,
760 2352 795 2408 ut
817 2349 946 2426 videtur,
968 2351 1109 2411 laudatus

98 2429 142 2518 (in
176 2433 346 2499 sedenim
377 2438 560 2498 Einsidlensi
592 2437 665 2501 0011.
692 2437 761 2498 libr.
788 2439 844 2499 iur.
871 2439 915 2516 Π,
940 2441 1002 2499 148
1035 2439 1109 2499 haec

97 2525 252 2604 leguntur:
281 2520 433 2586 ‘s·P·M.
457 2526 541 2587 Sexti
562 2526 647 2587 Pedii
669 2521 840 2601 Medivani',
866 2528 945 2604 quod
967 2527 1110 2588 Huschke

99 2607 271 2675 ‘Medmeni'
299 2616 450 2690 emendat,
477 2616 496 2676 i.
520 2636 545 2678 8.
567 2616 686 2674 Medma
713 2635 736 2674 8.
759 2615 910 2692 Medema,
938 2635 974 2674 ex
999 2616 1108 2691 oppido

97 2703 165 2762 olim
181 2703 377 2764 Locrensium
394 2705 427 2764 in
440 2705 568 2765 Bruttiis
588 2705 646 2765 sito
661 2703 780 2763 oriundi
786 2696 821 2784 ¹),
841 2703 893 2781 qui
910 2722 970 2762 non
987 2721 1108 2779 respon-

97 2791 223 2870 dende,
244 2792 297 2852 sed
328 2793 413 2853 libris
450 2793 613 2854 scribendis
646 2796 676 2852 et
708 2791 828 2869 quidem
859 2792 919 2852 iuri
949 2792 1108 2852 honorario

96 2880 252 2941 tractando
276 2900 397 2958 operam
421 2883 511 2944 dedit.

187 3039 201 3086 1
222 3031 362 3088 Probente
380 3032 511 3089 Karlowa
528 3032 549 3101 Ι,
568 3037 628 3089 698.
643 3039 709 3103 633,
733 3050 787 3088 888
810 3033 949 3104 probante
967 3033 1109 3101 Kruegerc

96 3108 188 3172 p.1'13
207 3121 234 3158 8
256 3107 305 3171 81,
325 3103 373 3172 qui
390 3104 433 3158 vir
453 3105 626 3160 doctissimae
650 3105 710 3160 eine
733 3107 841 3161 ratione
860 3105 962 3160 idonea
980 3109 1016 3174 (v.
1036 3105 1110 3160 infra

97 3191 121 3244 p.
136 3179 179 3230 87.
194 3177 240 3244 88)
254 3175 372 3228 Pedium
385 3174 522 3231 Hadriani
541 3179 635 3231 aetate
654 3176 741 3232 fnisse
755 3176 908 3232 arbitratus
922 3175 1041 3230 indicate
1061 3176 1109 3230 ‘da

97 3245 253 3300 Einsiedler
267 3244 475 3303 Probus-Exest
495 3250 509 3302 t
524 3288 547 3302 ..
560 3289 567 3304 .
582 3266 615 3302 au
630 3247 756 3303 erkldren
771 3248 841 3302 wird
855 3248 940 3302 kaurn
954 3245 1107 3316 gelingen’.

97 3315 130 3371 de
147 3315 252 3372 litteris
267 3315 325 3370 illis
335 3316 466 3374 Kerlowa
476 3266 500 3386 l,
515 3323 567 3373 633
581 3322 688 3374 monet:
706 3319 794 3374 ‘diese
804 3317 983 3374 Buchstaben
997 3317 1109 3372 888888

99 3387 238 3442 netdrlieh
256 3387 337 3442 nicht
353 3387 392 3442 im
412 3389 494 3444 Edict
510 3391 598 3446 selbst
615 3391 772 3460 gestenden
789 3389 896 3456 haben,
920 3387 1040 3443 sondern
1057 3404 1110 3440 nur

100 3457 128 3512 in
147 3458 239 3513 elnam
258 3459 345 3513 Werk
363 3463 432 3514 fiber
451 3461 589 3529 desselbe,
613 3478 658 3514 am
677 3458 971 3515 wehrecheinlichsten
993 3459 1023 3510 in
1045 3457 1109 3510 dem

101 3527 186 3584 Werlr
200 3531 250 3584 des
264 3529 367 3584 Pedius
382 3531 478 3603 solbet,
496 3533 568 3587 etwe
581 3549 626 3587 am
640 3530 723 3586 Rand
736 3549 784 3584 zor
797 3529 900 3584 kurzen
914 3527 1110 3592 Bereichnung

97 3599 144 3655 dee
164 3605 266 3656 Actora
285 3601 454 3658 desselben’.
