2596 3902
156 173 198 238 66
226 173 274 228 ΙΙΙ.
289 173 364 228 <1111
378 172 527 228 CLAUDII
540 172 674 230 NERON.
685 173 830 228 GALBAE
840 173 947 230 ΤΕΜΡ.
957 173 1053 230 IUffls
1062 173 1165 229 CONS.

157 359 197 402 ex
212 336 318 401 aliena
332 335 467 399 materia
482 335 619 419 speciem
631 337 774 418 aliquam
785 345 842 400 su'o
852 335 982 401 nomine
992 335 1122 401 fecerit.
1133 386 1140 400 .
1151 346 1169 417 ζ,

159 424 300 491 Sabinus
325 427 357 488 et
376 422 509 490 Cassius
533 424 637 510 magis
660 426 842 490 naturalem
865 425 1023 490 rationem
1042 425 1170 489 efficere

157 516 283 597 putant,
292 517 329 577 ut
339 513 394 597 qui
403 513 560 577 materiae
570 513 719 578 dominus
730 513 836 594 fuerit,
850 513 934 578 idem
948 514 1016 578 eius
1031 535 1168 598 quoque,

156 601 241 687 quod
275 622 314 666 cx
345 600 456 665 eadem
489 601 626 667 materie
657 604 780 668 factum
809 603 865 686 sit,
897 602 1045 667 dominus
1072 606 1169 680 esset,

157 691 234 776 quia
258 691 328 755 sine
351 689 488 754 materia
510 691 600 755 nulla
624 691 746 775 species
771 689 855 755 effici
878 692 992 775 possit,
1016 690 1117 756 veluti
1141 691 1170 756 si

158 801 197 844 ex
218 800 296 844 auro
317 779 368 842 vel
387 785 525 862 argento
544 781 595 844 vel
616 800 687 843 aere
707 777 808 863 (tuo)
827 801 885 844 vas
904 779 1034 864 aliquod
1053 780 1171 858 fecero,

157 868 209 932 vel
233 889 273 932 ex
295 868 416 933 tabulis
439 871 505 932 tuis
527 889 642 933 navem
667 872 723 932 aut
745 868 920 954 armarium
939 872 996 933 aut
1015 868 1171 933 subsellia

155 956 277 1040 fecero,
305 956 355 1020 vel
385 981 425 1021 ex
451 957 526 1022 lana
553 960 610 1021 tua
632 957 873 1041 vestimentum,
900 956 952 1022 vel
974 979 1014 1022 ex
1036 957 1112 1022 vino
1137 961 1172 1021 et

157 1044 253 1112 melle
267 1043 333 1110 'tuo
356 1046 513 1130 mulsum,
539 1046 590 1110 vel
613 1066 653 1109 ex
675 1046 916 1111 medicamentis
939 1046 1005 1110 tuis
1028 1045 1171 1130 emplas-

156 1138 243 1199 trum
272 1137 328 1200 aut
351 1134 534 1220 collyrium,
560 1135 610 1199 vel
634 1157 673 1198 ex
695 1134 767 1200 uvis
791 1139 848 1200 aut
871 1135 965 1200 olivis
990 1139 1046 1199 aut
1068 1134 1170 1220 spicis

155 1225 221 1289 tuis
245 1223 358 1289 vinum
381 1225 432 1288 vel
456 1223 564 1287 oleum
586 1223 638 1287 vcl
661 1222 868 1290 frumentum.

246 1354 282 1414 cf.
307 1352 372 1413 Gai.
394 1355 421 1430 2,
444 1354 484 1412 79
510 1355 540 1412 et
564 1351 707 1412 Sabinum
730 1351 798 1412 111
823 1374 853 1429 p.
868 1355 940 1414 556.

527 1568 577 1634 De
595 1569 790 1650 possessione.

248 1705 320 1769 116.
343 1701 383 1769 D.
397 1703 449 1783 41,
463 1703 494 1786 2,
510 1704 539 1787 1,
553 1701 582 1768 5.
624 1702 744 1766 Paulus
767 1702 851 1767 libro
876 1703 1171 1788 quinquagensimo

157 1795 273 1878 quarto
298 1791 338 1855 ad
362 1793 500 1856 edictum
525 1789 575 1878 (P.
590 1790 679 1875 657).
700 1827 738 1838 -
760 1791 1026 1876 ...adquirimus
1044 1812 1170 1876 posses·

157 1883 283 1945 sionem
305 1901 364 1964 per
386 1902 514 1944 servum
538 1883 594 1944 aut
615 1880 727 1963 filium,
750 1880 805 1964 qui
823 1879 857 1944 in
875 1883 1037 1963 potestate
1057 1887 1114 1962 est,
1139 1886 1172 1946 et

157 1968 286 2053 quidem
309 1990 419 2033 earum
441 1990 561 2048 rerum,
589 1990 669 2053 quas
693 1968 899 2052 peculiariter
921 1970 1046 2052 tonent,
1068 1971 1171 2035 etiam

157 2060 361 2142 ignorantes,
394 2057 477 2122 sicut
509 2054 631 2122 Sabino
664 2062 697 2121 et
729 2053 842 2122 (lessio
866 2105 900 2121 ..
925 2057 1062 2141 placuit,
1095 2059 1172 2141 quia

92 2199 94 2206 .
156 2150 271 2211 nostra
295 2146 461 2210 voluntate
484 2145 716 2231 intellegantur
739 2146 914 2229 possidere,
938 2146 993 2231 qui
1012 2146 1058 2210 eis
1077 2167 1172 2228 pecu-

157 2236 238 2300 lium
261 2234 380 2298 habere
404 2235 651 2317 permiserimus.

247 2342 320 2405 117.
343 2339 382 2404 Ι).
396 2341 450 2420 41,
465 2341 494 2424 2,
510 2341 538 2424 1,
555 2342 605 2407 14.
646 2339 766 2405 Paulus
789 2339 867 2405 ibid.
889 2376 932 2389 -
956 2341 1018 2405 Per
1041 2361 1172 2408 servum

156 2431 211 2515 qui
235 2432 269 2494 in
291 2429 370 2513 fuga
394 2429 446 2513 sit,
468 2429 551 2493 nihil
573 2450 669 2514 posse
692 2450 752 2493 nos
770 2427 936 2513 possidere
954 2427 1065 2494 Nerva
1082 2431 1173 2496 filius

157 2520 204 2584 ait
219 2569 226 2584 .
241 2567 249 2584 .
263 2569 272 2586 .
286 2518 525 2601 possessionem
548 2522 655 2583 autem
679 2539 736 2603 per
759 2540 831 2582 eum
851 2518 989 2602 adquiri,
1012 2519 1095 2582 sicut
1113 2540 1173 2602 per

157 2630 212 2674 eos
228 2630 309 2694 qnos
323 2607 357 2672 in
371 2607 540 2692 provincia
552 2607 718 2673 habemus.
751 2604 857 2672 Cassii
871 2656 879 2671 .
893 2657 900 2672 .
915 2655 923 2671 .
936 2607 1097 2671 sententia
1111 2613 1172 2673 cst.

247 2715 319 2782 118.
344 2714 383 2780 D.
396 2715 449 2800 41,
465 2717 494 2799 1,
511 2716 561 2779 11.
601 2715 786 2780 Marcianus
808 2715 893 2779 libro
916 2714 1014 2779 tertio
1037 2712 1172 2779 Institu-

157 2805 282 2869 tionum
306 2799 356 2889 (P.
373 2800 438 2890 79).
461 2803 674 2888 —Pupillus
698 2807 852 2887 quantum
878 2803 917 2867 ad
937 2801 1172 2887 adquirendum

156 2914 223 2957 non
251 2891 376 2976 indiget
401 2894 520 2956 tutoris
544 2892 753 2975 auctoritate,
781 2891 921 2955 alienare
945 2912 1021 2955 vero
1044 2891 1171 2956 nullam

156 3001 224 3043 rem
248 2985 357 3063 potest
383 2980 447 3044 nisi
470 2984 638 3063 praesente
661 2982 769 3043 tutore
798 2982 942 3064 auctore,
974 2983 1006 3044 et
1032 3001 1073 3044 ne
1101 2982 1171 3064 qui·
1273 3039 1285 3062 ,

158 3068 230 3132 dem
254 3069 506 3152 possessionem,
534 3089 615 3152 quae
642 3070 692 3131 est
715 3067 890 3152 naturalis,
917 3072 954 3133 ut
977 3066 1167 3135 Sabinianis

157 3157 264 3220 visum
288 3161 347 3220 est.

249 3262 321 3327 119.
344 3260 385 3326 D.
394 3261 447 3345 47,
457 3262 488 3345 2,
498 3261 550 3343 43,
560 3261 590 3326 5.
623 3261 782 3344 Ulpianus
797 3263 881 3328 libro
896 3262 1169 3347 quadragensimo

157 3352 261 3435 primo
286 3351 326 3415 ad
350 3348 505 3414 Sabinum
528 3347 578 3438 (Ρ.
598 3348 708 3438 2870).
731 3388 776 3399 -
799 3349 983 3417 ...Sabini
1006 3358 1040 3416 ct
1063 3349 1169 3418 Cassii

159 3441 322 3504 sententia
348 3439 599 3504 existimantium
625 3441 736 3505 statim
759 3444 905 3506 nostram
929 3461 999 3505 esso
1022 3440 1170 3506 desinere

157 3550 224 3593 rem
250 3551 346 3613 quam
370 3528 629 3614 derelinquimus.
