2568 3912
151 236 198 292 HL
218 234 314 300 QUAE
335 233 586 302 QUAERUNTUR
606 231 675 289 VEL
694 233 932 290 DUBPPANTUR
950 233 1115 298 ETO.569

525 397 575 463 De
596 417 694 464 censu.
738 473 739 476 Ἴ

195 514 223 580 3.
247 511 375 594 Dosith.
405 515 454 578 17.
484 549 524 560 -—
553 511 673 597 Magna·
701 565 707 578 .
732 562 739 576 .
767 512 923 577 dissensio
953 517 1002 577 est
1031 513 1117 578 inter

107 603 239 688 peritos,
260 607 369 668 utrum
393 624 431 668 eo
454 605 598 686 tempere
621 601 705 666 vires
733 601 893 685 accipiant
916 602 1033 683 omnia,
1056 623 1117 684 quo

106 695 142 757 c'n
160 713 258 758 censu
276 696 419 774 aptentur,
442 711 484 756 un
504 711 542 754 eo
561 693 706 774 tempore
725 711 788 774 quo
807 690 945 754 lustrum
965 689 1117 755 conditur

186 781 271 865 quod
302 779 374 845 ideo
404 780 587 864 quaesitum
618 781 680 860 est,
713 779 865 862 quoniam
899 778 1007 843 omnia
1039 800 1118 861 quac
1215 782 1217 786 ’

106 871 261 935 incensu
285 873 424 954 aguntur
447 870 551 933 luntre
576 863 813 933 confirmentur.

412 1054 439 1110 2.
464 1051 516 1111 Ad
538 1051 594 1111 ius
617 1043 807 1127 privatum.

443 1195 468 1234 a.
491 1175 541 1234 De
563 1174 644 1234 iure
668 1173 777 1234 civili.

384 1285 434 1351 De
456 1287 649 1367 adquirenda
670 1285 840 1350 hereditate.

194 1404 224 1467 4.
248 1400 286 1466 Ι).
314 1402 366 1484 29,
394 1402 424 1484 2,
452 1401 496 1465 24
522 1424 569 1485 pr.
615 1399 776 1484 Ulpianus
804 1399 888 1464 libro
913 1399 1052 1482 septimo
1077 1399 1117 1463 ed
1209 1413 1212 1420 ’

107 1490 273 1557 Sabinum.
299 1489 440 1554 —Fuit
467 1489 676 1574 quaestionis,
704 1511 747 1552 an
773 1511 833 1573 pro
860 1487 977 1552 herede
1005 1508 1118 1573 gerere

87 1579 266 1663 rideatur,
304 1579 358 1662 qui
389 1579 530 1662 pretium
562 1577 751 1642 hereditatis
787 1576 983 1648 omittendae
1019 1598 1117 1642 causa

57 1740 60 1745 ,
108 1669 203 1753 cepit.
1070 1697 1071 1702 κ

197 1764 239 1829 ‘et
262 1769 392 1846 optinuit
414 1770 493 1828 hunc
516 1788 570 1847 pro
594 1768 702 1828 herede
722 1815 750 1828 ..
774 1786 834 1826 non
856 1786 960 1846 gerere
976 1814 983 1828 .
998 1760 1018 1827 .'

411 1923 460 1990 De
483 1924 625 2007 lepitimis
646 1923 812 1988 heredebus.

196 2041 225 2107 5.
249 2039 319 2106 Gai.
343 2041 373 2124 3,
395 2041 443 2106 16.
466 2074 504 2086 -
526 2039 598 2103 ..ei
616 2037 759 2103 defuncti
776 2038 884 2103 nullus
902 2037 1003 2102 frater
1022 2040 1119 2120 extet,

77 2207 79 2210 ¹
107 2131 207 2214 (sed)
230 2132 296 2194 sint
319 2129 414 2193 liberi
436 2128 583 2213 fratrum,
606 2127 646 2191 ad
669 2145 781 2192 omnes
808 2126 935 2211 quidem
955 2126 1118 2191 hereditas
1194 2127 1195 2130 ’

107 2219 256 2302 pertinet.
307 2217 371 2286 'sed
386 2217 565 2300 quaesitum
590 2219 649 2299 est,
681 2216 709 2281 ei
732 2216 853 2298 dispari
876 2215 959 2279 forte
982 2236 1118 2280 numero

108 2306 174 2370 sint
197 2305 276 2386 nati,-
302 2305 401 2370 uter
423 2326 486 2370 une
510 2318 593 2369 unus
616 2305 667 2368 vel
691 2305 764 2388 duo,
787 2327 826 2370 ex
849 2303 951 2368 altero
975 2307 1041 2368 tres
1065 2303 1118 2366 vel

108 2396 274 2480 quattuor,
311 2396 418 2456 utrum
435 2419 436 2422 ¹
454 2394 488 2457 in
520 2394 638 2477 etirpee
671 2392 839 2457 dividenda
873 2393 916 2455 eit
946 2390 1119 2469 heredites,

107 2485 192 2550 sieut
208 2483 294 2546 inter
313 2502 387 2545 euos
410 2481 542 2546 heredes
565 2481 645 2544 iuris
669 2484 727 2565 est,
751 2503 793 2546 an
814 2480 923 2563 potius
946 2479 979 2543 in
1003 2481 1119 2563 capita.

197 2585 233 2644 ef.
256 2583 297 2662 Π,
322 2587 338 2643 1
364 2604 392 2659 p.
416 2585 489 2643 431.

118 2733 121 2738 ,
196 2689 235 2752 6.·
250 2683 320 2750 Gai.
348 2686 383 2771 3,
410 2685 461 2749 87.
491 2719 529 2732 -
556 2680 639 2747 Suus
668 2707 700 2748 '..
729 2684 762 2746 et
795 2661 993 2746 necessarius
1025 2680 1120 2744 heres

110 2800 150 2842 en
176 2774 298 2861 aliquid
322 2776 422 2859 egent
444 2773 479 2836 in
502 2772 570 2836 iure
595 2770 734 2836 cedendo
758 2768 929 2854 quaeritur.

196 2881 233 2970 ct
255 2899 283 2955 p.
308 2879 359 2938 39.

307 3031 357 3097 De
380 3032 467 3096 bonis
490 3029 677 3095 Latinorum
700 3029 920 3094 libertinorum.

199 3150 227 3212 7.
252 3147 320 3212 Gai.
339 3149 368 3230 3,
388 3149 438 3211 71.
460 3182 498 3192 —
521 3193 549 3208 ..
569 3144 733 3229 quaeritur
755 3166 796 3208 an
814 3143 875 3208 hoc
896 3145 1026 3206 senatus
1046 3164 1118 3208 con·

110 3239 230 3304 cultum
253 3235 310 3320 (ec.
328 3235 414 3319 qued
432 3233 524 3319 Lupo
544 3239 576 3299 et
589 3233 696 3317 Largo
716 3232 902 3300 consulibus
916 3232 1038 3297 fectum
1056 3233 1121 3316 est)

109 3327 150 3392 cd
174 3346 229 3390 eos
252 3326 380 3408 petroni
403 3323 522 3388 liberos
545 3322 715 3407 pertineat,
743 3322 798 3408 qui
826 3343 865 3386 ex
893 3320 960 3384 filie
985 3323 1129 3403 nepteve

109 3417 327 3500 procreentur,
350 3412 383 3476 id
406 3417 457 3477 eet
479 3415 520 3476 ut'
538 3433 637 3495 nepes
668 3432 757 3475 meus
785 3432 824 3474 ex
849 3410 918 3473 filie
944 3407 1053 3492 potior
1077 3407 1122 3471 eit

108 3507 144 3568 in
186 3501 281 3567 bonis
314 3499 421 3564 Latini
455 3501 519 3565 mei
551 3522 649 3584 quem
681 3504 852 3564 extraneus
885 3497 987 3561 heres.
1041 3495 1120 3558 item

108 3592 195 3675 <an>
231 3589 271 3654 ad
308 3593 471 3654 maternos
508 3588 642 3663 Latinos
678 3583 739 3652 hcc
775 3589 905 3652 senatus
937 3581 1120 3672 consultum
