2614 3912
5 235 7 286 l

5 287 7 318 l

5 421 6 454 l

5 696 7 750 l
89 761 92 766 r

491 216 516 265 5.
538 209 657 264 TITIUS
676 210 805 268 ARISTO
1089 209 1154 276 365

5 391 7 420 l
137 333 323 438 er'Plautio
352 369 399 458 (D.
422 379 474 454 23,
495 379 523 454 2,
542 372 613 457 40),
644 378 838 457 Digestorum
865 373 916 460 (D.
936 381 965 452 4,
985 381 1015 457 4,
1035 381 1085 454 16,
1105 371 1153 459 2),

137 466 302 527 Variarum
325 465 502 527 Lectionum
527 458 577 547 (D.
591 467 644 540 40,
658 469 687 544 4,
703 460 759 548 26)
784 467 843 527 alia
866 467 988 528 addidit.

470 638 520 704 De
541 644 666 705 reactus
687 641 819 705 decretis.

232 749 259 813 1.
283 746 365 812 Plin.
375 768 422 830 ep.
432 745 524 828 VIII,
535 747 585 811 14.
611 783 649 794 -
676 745 710 812 C.
733 746 857 812 Plinius
882 746 1028 813 Aristoni
1052 769 1109 813 suo
1130 770 1155 812 4.

142 834 223 902 Cum
247 836 294 901 sis
316 836 532 920 peritissimus
556 840 588 900 et
610 837 729 920 privati
752 835 832 900 iuris
856 840 888 900 et
910 837 1041 920 publici,
1064 836 1155 902 cuius

140 948 216 1009 pars
246 925 445 990 senatorium
474 929 537 1008 est,
565 924 659 1008 cupio
689 947 728 989 ex
752 928 785 989 te
808 924 1014 1008 potissimum
1038 925 1156 1010 audire,

142 1015 317 1081 erraverim
328 1015 361 1078 in
372 1016 487 1078 senatu
497 1014 643 1097 proxime
652 1035 762 1098 necne,
771 1035 835 1079 non
846 1018 883 1078 ut
892 1014 925 1078 in
934 1015 1156 1099 praeteritum,

20 1115 22 1120 “
142 1125 249 1169 serum
273 1104 375 1184 enim,
397 1123 510 1167 verum
532 1107 569 1167 ut
591 1103 626 1167 in
648 1103 802 1187 futurum,
826 1103 855 1167 si
878 1103 955 1188 quid
978 1103 1083 1167 simile
1106 1104 1155 1168 in-

141 1191 265 1275 ciderit,
289 1191 415 1256 erudiar
504 1194 591 1278 peto,
612 1193 752 1275 primum
776 1195 812 1257 ut
835 1193 946 1276 errori,
969 1191 1085 1277 siquis
1106 1197 1156 1256 cst

141 1303 239 1366 error,
257 1280 384 1345 tribuas
403 1282 540 1365 reniam,
559 1280 674 1345 deinde
693 1280 850 1346 medearis
870 1281 1006 1346 scientia
1018 1284 1086 1366 444,
1104 1282 1156 1345 cui

140 1392 270 1454 semper
302 1369 366 1435 fuit
397 1391 491 1434 curae
524 1370 572 1435 sic
603 1369 675 1434 iura
706 1369 838 1455 publica
869 1373 906 1434 ut
936 1369 1077 1453 privata,
1110 1369 1156 1436 sic

141 1461 275 1545 antiqua
293 1462 331 1523 ut
348 1457 545 1541 recentia,
519 1481 565 1523 sic
580 1480 654 1523 rara
668 1461 706 1524 44
720 1458 851 1524 assidua
864 1462 1014 1524 tractare.
1052 1457 1156 1543 adque

142 1569 204 1633 ego
229 1547 316 1612 arbit
302 1551 371 1613 tror
389 1547 507 1612 illist
474 1553 507 1612 et
508 1548 574 1612 iam
594 1547 710 1632 quibus
728 1547 942 1631 plurimarum
959 1569 1067 1612 rerum
1087 1547 1156 1632 agi-

141 1637 226 1700 tatio
257 1635 408 1720 frequens
438 1636 520 1701 nihil
552 1658 622 1701 esse
654 1637 804 1720 ignotum
835 1636 1031 1721 patiebatur
1054 1657 1156 1722 genus

143 1725 342 1810 quaestionis
375 1724 461 1810 quod
492 1724 601 1790 adfero
630 1724 670 1788 ad
697 1730 731 1791 te
758 1729 907 1792 autnon
935 1725 1014 1790 satis
1042 1726 1155 1790 tritum

144 1817 202 1878 aut
226 1813 322 1878 etiam
345 1815 549 1896 inexpertum
572 1813 673 1878 fuisse

232 1902 444 1968 Referebatur
477 1903 515 1967 de
547 1903 674 1968 libertis
699 1903 819 1982 ,Afrani
845 1901 959 1970 Dextri
989 1899 1157 1987 consulisl,

142 1993 304 2057 incertum
332 2014 390 2057 sua
418 2013 459 2056 an
488 2013 619 2057 suorum
645 2013 758 2077 manu,
786 1993 904 2058 scelere
932 2014 974 2058 an
1001 1992 1156 2076 obsequio

142 2082 311 2164 perempti.
342 2081 403 2147 hos
424 2081 517 2166 alius,
537 2081 630 2166 quis?
649 2081 771 2166 inquis:
793 2102 867 2166 eg03
882 2081 936 2146 scd
951 2081 1035 2146 nihil
1048 2082 1157 2165 refert,

142 2175 219 2254 post
238 2171 460 2254 quaestionem
480 2170 641 2254 supplicio
656 2170 850 2252 liberandos,
869 2171 952 2236 alius
967 2171 1002 2236 in
1016 2171 1155 2235 insulam

143 2258 346 2344 relegandos,
358 2259 442 2323 alius
456 2266 560 2326 morte
574 2259 753 2344 puniendos
768 2259 997 2324 arbitrabatur.
1020 2281 1157 2344 quarum

144 2349 377 2413 sententiarum
400 2352 495 2412 tanta
517 2347 688 2413 diversitas
709 2352 779 2413 erat
797 2352 833 2412 ut
850 2370 915 2413 non
933 2351 1068 2432 possent
1086 2369 1156 2412 esse

144 2437 208 2500 nisi
236 2437 382 2521 singulae
481 2458 542 2522 ego
571 2437 778 2521 postulabam
800 2442 838 2502 ut
859 2436 963 2501 tribus
988 2437 1157 2501 sententiis

144 2529 309 2590 constaret
332 2547 408 2591 suus
431 2546 594 2609 numerus,
617 2547 676 2590 nee
700 2547 733 2590 se
752 2525 903 2590 brevibus
921 2523 1056 2590 indutiis
1075 2523 1156 2589 duae

144 2615 324 2699 iungerent.
375 2614 545 2698 erigebam
577 2635 654 2699 ergo
686 2619 724 2678 44
756 2615 811 2699 qui
839 2613 971 2696 capitali
999 2612 1156 2697 supplicio

145 2703 339 2770 adliciendos
353 2704 515 2789 putabant
529 2701 730 2768 discederent
741 2702 942 2787 arelegante,
956 2721 1015 2765 nee
1024 2700 1156 2765 interim

145 2795 258 2857 eontra
277 2793 476 2858 absolventis
495 2813 570 2858 mox
589 2791 767 2856 dissensuri
780 2794 1063 2876 congregarentur,
1082 2790 1157 2873 quia

144 2882 314 2966 parvolum
333 2881 467 2946 referret
485 2904 527 2946 an
545 2881 631 2946 idem
650 2880 845 2964 displiceret,
859 2880 975 2964 quibus
989 2901 1055 2944 non
1070 2879 1155 2945 idem

144 2971 330 3053 placuisset
371 2970 450 3036 illud
474 2970 572 3035 etiam
596 2969 675 3034 mihi
698 2970 875 3053 permirum
896 2968 1065 3033 ridebatur
1082 2989 1156 3033 eum

146 3059 289 3143 quidem,
318 3058 373 3143 qui
396 3059 529 3124 libertos
551 3059 759 3144 relegandos,
786 3080 895 3124 servos
919 3057 1079 3142 supplicio
1102 3057 1156 3122 ad-

144 3147 299 3213 ficicndos
322 3148 509 3232 censuisset,
532 3152 678 3214 eoactum
701 3169 770 3212 4444
791 3147 933 3212 dividere
951 3147 1156 3228 sententiam,

144 3236 231 3302 hune
253 3240 361 3302 autem
379 3237 435 3321 qui
453 3237 587 3303 libertos
606 3241 710 3302 morte
729 3235 883 3302 multaret
901 3258 973 3301 cum
991 3236 1156 3320 relegante

144 3327 318 3391 numerari.
353 3347 431 3391 nam
454 3326 483 3390 si
504 3325 702 3409 oportuisset
721 3325 820 3391 dividi
838 3325 1033 3391 sententiam
1052 3325 1157 3407 anius,

145 3415 295 3498 quiores
318 3414 398 3479 duas
422 3414 721 3499 comprehendebat,
744 3437 810 3480 non
830 3414 1030 3498 reperiebam
1050 3433 1156 3496 quem-

171 3561 176 3572 .
216 3594 241 3646 1.
260 3589 309 3659 qui
327 3607 350 3646 a.
368 3593 419 3644 105
438 3587 550 3644 videtur
567 3586 643 3644 diem
661 3605 821 3659 supremum
842 3587 954 3645 obiisse.
