2602 3906
421 208 444 259 7.
468 201 666 257 IUVENTIUS
685 201 817 256 OELSUS
1056 199 1124 264 495

33 411 37 421 -
122 373 240 448 legatus
263 371 295 430 in
318 371 453 448 Thracia,
475 370 578 430 consul
602 369 656 428 sub
681 369 821 448 Traiano,
848 373 884 429 ut
905 369 1037 445 videtur,
1064 369 1123 446 pri·

120 481 214 532 mum,
236 461 346 519 iterum
369 460 473 520 consul
495 461 665 534 ann0129,
687 458 718 516 in
736 459 882 518 Hadriani
904 458 1060 518 consilium
1077 477 1124 516 re·

119 552 223 625 ceptus
246 552 300 608 est.

208 637 325 700 Plinius
350 656 395 712 ep.
417 638 446 712 6,
466 637 483 695 5
508 635 617 695 litteris
642 634 679 694 ad
697 634 808 694 Ursum
831 634 909 695 datis
933 635 968 695 de
986 638 1126 710 praetore

120 727 194 785 haec
220 727 335 785 narret:
365 718 552 800 ‘scripseram
578 724 710 783 tenuisse
737 723 888 782 Varenum
915 727 951 783 ut
974 725 1030 784 sibi
1057 741 1125 783 evo·

122 833 189 874 care
207 817 301 874 testes
320 814 436 890 liceret,
459 812 540 889 quod
557 812 694 888 pluribus
712 831 850 890 aequum,
873 812 1051 889 quibusdam
1068 813 1125 870 ini⁶

121 922 212 978 quum
226 907 257 961 et
271 902 391 980 quidem
404 901 596 978 pertinaciter
609 901 716 971 visum,
735 901 863 960 maxime
876 901 990 960 Licinio
1005 901 1125 977 Nepoti,

119 991 173 1068 qui
199 991 335 1067 sequenti
362 994 482 1068 senatu,
512 1008 579 1048 cum
607 989 643 1047 de
674 991 763 1049 rebus
791 989 859 1047 aliis
886 990 1061 1067 referretur,
1089 990 1126 1048 de

119 1080 255 1156 proximo
291 1085 414 1139 senatus
450 1078 586 1138 consulto
623 1077 765 1137 disseruit
798 1078 972 1154 finitamque
1005 1096 1126 1137 causam

119 1169 305 1228 retractavit.
347 1166 462 1226 addidit
489 1167 578 1227 etiam
602 1166 763 1243 petendum
786 1185 804 1224 a
827 1166 999 1226 consulibus
1022 1170 1058 1224 ut
1081 1185 1126 1224 re·

120 1258 234 1317 ferrent
256 1257 311 1316 sub
335 1257 470 1332 exemplo
493 1255 568 1332 legis
591 1255 722 1314 ambitus
744 1255 781 1314 de
799 1256 866 1333 lege
884 1255 1126 1331 repetundarum,

120 1364 159 1404 an
190 1347 324 1422 placeret
355 1345 386 1404 in
417 1348 553 1404 futurum
583 1343 621 1403 ad
648 1363 713 1404 eam
740 1344 836 1420 legem
865 1344 942 1402 adici
969 1347 1016 1419 ut,
1048 1344 1126 1402 sicut

120 1434 345 1494 accusatoribus
371 1433 540 1511 inquirendi
563 1433 752 1508 testibusque
776 1430 971 1491 denuntiandi
992 1435 1127 1507 potestas

120 1541 158 1582 ex
181 1541 217 1582 ea
239 1523 305 1602 lege
328 1526 418 1596 esset,
447 1523 492 1581 ita
513 1521 572 1581 reis
596 1540 713 1598 qnoque
735 1521 828 1580 fieret.
874 1522 997 1579 fuerunt
1018 1520 1127 1598 quibus

120 1613 193 1671 haec
222 1612 285 1671 eius
313 1611 408 1671 oratio
436 1614 471 1670 ut
498 1629 564 1670 sere
591 1617 622 1670 et
643 1609 854 1684 intempestive
882 1611 912 1668 et
934 1612 1127 1685 praepostera

121 1699 302 1779 displiceret,
325 1719 401 1778 quae
425 1700 533 1759 omisso
557 1702 661 1760 contra
679 1698 794 1758 dicendi
812 1702 945 1773 tempore
964 1698 1127 1772 castigaret

120 1792 275 1866 peractum
315 1789 365 1849 cui
403 1788 553 1864 potuisset
593 1805 754 1848 occurrere.
811 1786 967 1846 Iuventius
1007 1787 1127 1864 quidem

121 1877 226 1938 Celsus
251 1881 372 1954 praetor
398 1880 551 1953 tamquam
578 1876 799 1936 emendatorem
825 1878 946 1935 senatus
970 1879 1001 1936 et
1023 1874 1126 1934 multis

121 1971 152 2026 et
189 1967 378 2026 vehementer
413 1966 569 2042 increpuit.
622 1963 776 2040 respoudit
812 1965 926 2041 Nepos,
961 1981 1127 2042 rursusque

122 2053 241 2114 Celsus:
268 2058 375 2115 neuter
403 2055 591 2115 contumeliis
618 2055 801 2130 temperavit
906 2053 979 2112 mibi
1007 2054 1128 2131 quidem

121 2139 200 2202 illud
229 2144 320 2202 etiam
343 2144 536 2220 peracerbum
559 2143 619 2202 luit
648 2142 728 2219 quod
751 2146 821 2202 sunt
844 2141 1032 2202 alteralteri
1055 2140 1128 2219 quid

122 2235 266 2308 pararent
291 2232 424 2293 indicati.
468 2251 537 2290 nam
566 2236 597 2292 et
624 2231 728 2291 Celsus
754 2231 865 2306 Nepoti
892 2250 928 2290 ex
954 2231 1056 2291 libello
1082 2248 1128 2289 re-

124 2320 244 2397 spondit
267 2325 298 2381 et
320 2321 405 2381 Celso
429 2321 527 2397 Nepos
551 2340 586 2380 ex
609 2319 850 2398 pugillaribus..
867 2314 886 2378 .'

210 2410 258 2468 Ab
289 2410 354 2486 ipso
383 2413 468 2485 patre
497 2411 527 2469 et
553 2409 707 2487 Aristone,
739 2412 773 2467 ut
799 2408 931 2480 videtur,
963 2408 1128 2467 instructus

122 2490 173 2581 (D.
197 2500 253 2574 31,
277 2501 318 2558 20
347 2492 376 2558 ‘a
402 2501 488 2574 patre
514 2498 556 2557 sic
579 2498 680 2573 accepi
703 2489 802 2572 quod'.
847 2496 884 2557 D.
904 2498 959 2573 40,
981 2499 1012 2573 7,
1033 2499 1124 2571 29,1

121 2581 237 2647 ‘Aristo
252 2585 337 2647 Celso
355 2580 532 2667 rescripsit’)
551 2590 582 2645 et
600 2585 802 2662 respondendo
822 2588 852 2646 et
867 2585 951 2644 libris
965 2584 1129 2644 scribendis

122 2694 244 2752 operam
263 2676 345 2736 dedit
362 2677 561 2752 successitque
581 2675 698 2735 scholae
717 2675 853 2750 princeps
869 2675 951 2751 patri
971 2672 1056 2732 Celso
1077 2678 1130 2731 aut

121 2768 191 2824 ente
210 2764 366 2824 Neratium
386 2765 519 2824 Priscum
538 2766 592 2822 aut
610 2783 677 2823 cum
693 2763 814 2822 Neratio
830 2754 1026 2845 (Pomponius
1041 2759 1128 2838 §532

121 2847 281 2913 ‘successit
295 2854 430 2929 ...patri
449 2851 534 2913 Celso
554 2852 658 2912 Celsus
676 2852 755 2911 filins
774 2854 804 2910 et
816 2852 937 2911 Priscus
951 2844 1130 2926 Neratius'.)

209 2941 290 3002 Ante
318 2942 512 3020 Digestorum
543 2941 636 3001 libros
663 2940 788 3000 XXXIX
817 2940 967 3000 Hadriano
995 2940 1129 3017 principe

121 3031 303 3108 compositos
335 3034 366 3090 et
397 3032 435 3091 ab
470 3031 526 3090 bac
554 3029 728 3091 collectione
756 3030 882 3108 alienos,
914 3030 1041 3090 fortasse
1068 3029 1130 3088 iam

121 3119 252 3178 Traiano
275 3119 408 3195 principe
426 3120 643 3196 Epistularum,
667 3118 890 3197 Quaestionum,
914 3116 1129 3178 Commentari-

121 3227 210 3269 orum
247 3208 316 3268 libri
347 3212 452 3285 postee
480 3208 510 3268 in
543 3207 736 3286 Digestorum
767 3207 860 3270 libros
892 3208 1017 3283 recepti,
1055 3225 1131 3282 quos

121 3297 320 3356 Tribonianus
343 3297 487 3376 neglexit,
511 3297 611 3357 emissi
635 3300 712 3356 suut.

211 3384 330 3444 Laudat
356 3385 479 3446 Sextum
507 3386 627 3444 Aelium
654 3376 958 3466 (1).19,1,38,1),
987 3382 1130 3443 Catonem

136 3467 461 3554 Ι).50,16,98,1),
492 3473 621 3533 Brutum
653 3467 965 3554 (1).18,2,11,1),
997 3472 1129 3530 Drusum

137 3563 174 3622 D.
192 3564 242 3639 19,
260 3567 287 3640 1,
303 3554 367 3644 38),
390 3563 538 3622 Rutilium
557 3557 647 3642 (11.7,
663 3565 692 3640 8,
709 3563 758 3638 10,
773 3557 816 3641 3),
836 3560 980 3632 Quintum
997 3557 1129 3618 Mucium
