2596 3902
180 204 244 270 110
258 204 304 262 III.
318 204 394 260 GAII
403 202 552 259 CLAUDII
560 203 697 259 NERON.
708 201 853 257 GALBAE
864 200 1078 257 renaudus
1089 199 1194 257 CONS.

181 369 221 433 ad
246 367 393 433 edictum.
416 404 460 414 --
483 366 639 432 Proculus
663 367 723 450 ait,
750 388 822 432 cum
848 365 950 431 coloni
976 366 1060 430 servi
1083 365 1195 430 villam

180 458 393 540 exussissent,
425 455 574 521 colonum
603 456 654 521 vel
682 478 721 520 ex
749 459 855 520 locato
885 454 938 520 vel
965 454 1036 540 lege
1060 453 1194 537 Aquilia

125 562 126 570 ’
179 547 301 628 teneri,
327 545 375 610 ita
403 549 440 609 ut
463 546 595 611 colonus
618 545 724 628 possit
747 565 856 609 servos
879 564 982 609 noxae
1006 542 1134 625 dedere,
1162 547 1195 607 et

179 636 207 700 si
235 657 300 699 uno
328 633 447 699 iudicio
474 655 525 699 res
550 638 636 699 esset
656 633 812 711 iudicata,
836 634 937 698 altero
960 631 1097 715 amplius
1127 652 1194 696 non

180 729 350 808 agendum.
403 723 474 804 [sed
504 723 583 790 haec
610 724 671 805 ita,
703 723 731 787 si
764 723 859 806 culpa
890 722 1023 787 colonus
1055 724 1194 804 careret3

180 818 322 878 ceterum
352 812 379 877 si
407 813 523 877 noxios
551 832 662 877 servos
688 811 818 894 habuit,
845 809 957 876 damni
980 832 1054 874 eum
1076 809 1195 874 iniuria

179 902 296 980 teneri,
330 922 387 967 cur
413 901 496 966 tales
525 901 664 981 habuit]
714 899 800 964 idern
829 899 1021 964 servandum
1049 902 1082 962 ct
1109 898 1195 964 circa

178 991 412 1076 inquilinorum
434 989 560 1055 insulae
583 1010 739 1074 personas
763 987 885 1053 scribit.

269 1103 307 1162 of.
331 1101 431 1161 Eiselc
456 1101 487 1160 Z.
507 1101 533 1161 d.
554 1099 681 1160 San-St.
699 1098 775 1158 XIII
797 1120 826 1176 p.
843 1101 957 1176 122sq.

268 1191 355 1262 Quod
382 1191 542 1250 Proculum
572 1189 617 1248 ita
649 1183 801 1249 ‘scribere'
833 1187 982 1263 Ulpianus
1015 1189 1122 1256 tradit,
1156 1189 1195 1248 ad

179 1299 354 1357 responsum
381 1279 492 1339 litteris
518 1280 623 1338 datum
644 1278 765 1338 videtur
787 1279 930 1354 spectare.
976 1278 1012 1336 cf.
1037 1277 1194 1354 D.1s,1,

180 1372 265 1448 38,2
291 1360 477 1443 ‘rescripsiffi

272 1472 320 1535 13.
344 1469 382 1536 D.
402 1471 432 1548 9,
452 1471 481 1550 2,
501 1471 553 1551 ll,
567 1469 596 1534 5.
641 1467 801 1554 Ulpianus
824 1468 908 1533 libro
931 1471 1046 1533 octavo
1070 1467 1194 1533 decimo

181 1561 221 1626 ad
245 1561 384 1624 edictum
409 1554 459 1644 (P.
473 1554 576 1642 6140).
598 1594 635 1604 —
658 1580 775 1623 ..cum
799 1579 847 1638 eo,
870 1556 926 1642 qui
949 1577 1062 1622 canem
1085 1555 1194 1621 irrita-

179 1653 272 1714 verat
294 1655 328 1713 et
352 1648 511 1729 effecerat,
534 1653 571 1710 ut
594 1647 734 1732 aliquem
758 1646 928 1726 morderet,
952 1645 1098 1730 quamuis
1121 1666 1195 1710 eum

180 1760 245 1803 non
268 1739 381 1821 tenuit,
404 1736 560 1802 Proculus
580 1736 746 1820 respondit
767 1735 915 1819 Aquiliae
935 1735 1093 1800 actionem
1114 1755 1196 1799 esse.

269 1849 414 1909 Proculus
447 1866 507 1907 non
538 1848 657 1924 utilem,
690 1847 743 1906 sed
776 1846 921 1906 directam
953 1845 1101 1905 actionem
1128 1845 1195 1905 dari
1290 1889 1291 1894 .

179 1939 300 1998 videtur
315 1942 446 2014 putasse,
461 1955 536 2012 quae
552 1936 933 2012 sententiarcprobataest.
957 1934 993 1995 cf.
1004 1933 1067 1994 Gai.
1079 1936 1109 2010 3,
1120 1936 1194 1995 219.

556 2091 613 2156 De·
627 2091 821 2156 condictione.

271 2199 322 2264 14.
345 2197 385 2263 D.
401 2199 451 2280 12,
465 2195 495 2280 5,
510 2197 540 2262 5.
580 2197 725 2261 Iulianus
748 2195 834 2260 libro
858 2196 955 2261 tertio
980 2196 1020 2260 ad
1044 2195 1196 2262 Urseium

180 2287 334 2354 Ferocem
357 2284 407 2374 (P.
426 2283 516 2374 915).
542 2323 579 2334 -
606 2285 641 2352 si
669 2308 688 2350 a
716 2306 809 2350 servo
832 2305 904 2350 meo
927 2285 1096 2368 pecuniam
1121 2286 1194 2370 quir

181 2377 372 2463 accepisset,
402 2398 443 2441 ne
474 2375 597 2440 furtum
627 2375 669 2439 ab
702 2396 739 2438 eo
772 2373 895 2439 factum
922 2375 1094 2457 indicaret,
1128 2375 1195 2440 sire

180 2467 356 2532 indicasset
370 2465 438 2530 sire
452 2487 526 2549 non,
540 2464 766 2548 repetitionem
779 2462 849 2528 fore
864 2463 933 2528 eius
946 2463 1100 2547 pecuniae
1114 2462 1194 2529 Pro-

181 2557 271 2622 culus
286 2554 460 2639 respondit.

478 2659 528 2726 De
550 2660 726 2726 hereditatis
742 2661 897 2744 petiturae.

271 2769 320 2834 15.
354 2767 391 2832 D.
415 2769 446 2852 5,
468 2769 498 2846 3,
522 2768 620 2852 36pr.
671 2766 791 2832 Paulus
823 2766 908 2831 libro
939 2766 1116 2832 vicensimo
1151 2766 1192 2831 ad

182 2859 321 2922 edictum
351 2855 399 2942 (P.
419 2853 523 2922 319b.
547 2893 588 2902 -
613 2855 647 2921 Si
676 2879 695 2921 a
723 2856 851 2920 domino
880 2855 930 2920 vel
957 2877 977 2920 a
1004 2858 1109 2939 patre,
1138 2855 1195 2940 qui

182 2946 287 3031 pretia
314 2945 460 3030 possidet
504 2967 546 3008 sc.
569 2966 676 3008 rerum
704 2941 972 3008 hereditariarum
1000 2966 1019 3008 a
1045 2943 1113 3008 filio
1142 2945 1194 3009 vel

182 3056 274 3099 servo
294 3033 520 3120 venditarum),
542 3032 702 3096 hereditas
721 3034 859 3116 petatur,
882 3053 925 3096 an
941 3032 1009 3096 filio
1029 3032 1079 3096 vei
1098 3053 1193 3097 nervo

182 3128 310 3188 mortuo
329 3123 380 3186 vel
399 3142 491 3185 servo
510 3122 710 3185 manumisso
729 3120 779 3184 vel
799 3121 1000 3204 emancipato
1020 3119 1088 3185 filio
1106 3121 1195 3186 intra

183 3235 302 3277 annum
331 3210 385 3295 agi
412 3209 549 3274 debeat?
595 3215 628 3273 et
651 3231 692 3274 an
716 3209 861 3274 debitum
884 3209 946 3273 sibi
970 3210 1118 3274 dominus
1143 3210 1194 3274 vel

183 3305 274 3386 pater
298 3299 451 3365 deducere
471 3299 601 3383 potest?
643 3351 649 3364 .
665 3297 865 3364 ..Proculus
881 3349 888 3363 .
903 3350 909 3364 .
925 3297 1100 3384 respondit,
1124 3320 1194 3384 per-

182 3396 278 3474 petuo
309 3388 467 3453 actionem
496 3388 635 3452 dandam
660 3409 719 3454 nec
742 3387 855 3453 deduci
879 3391 1027 3471 oportere
1050 3387 1082 3452 id
1107 3388 1194 3472 quod

182 3480 244 3563 ipsi
265 3478 408 3561 debetur,
431 3477 507 3562 quia
525 3499 591 3542 non
610 3477 648 3541 de
667 3477 793 3561 peculio
813 3480 939 3562 agatur,
958 3476 1011 3540 sed
1031 3476 1194 3542 hereditas

182 3571 321 3652 petatur.
