2602 3906
194 227 258 291 498
297 227 330 282 V.
349 224 498 280 NERVAE
517 223 563 278 ET
582 224 734 279 TRAIANI
753 223 859 278 ΤΕΜΡ.
878 221 974 277 IURIS
994 221 1174 278 CONSULTI

193 390 331 472 iutelleyo
349 389 425 470 qaid
441 389 489 466 sit,
507 390 544 453 de
561 409 619 470 qao
638 409 685 452 ate
705 387 901 466 consulueris,
924 391 980 451 aat
995 386 1095 450 valide
1112 386 1208 450 staltce

193 484 238 544 cst
259 477 439 543 consultatio
461 482 531 554 taa;
550 478 626 560 ptos
648 479 729 542 eatm
750 497 844 560 qaam
865 475 1032 541 ridiculam
1054 479 1098 538 est
1121 475 1207 539 dubt-

194 573 272 650 tore,
301 587 344 631 aa
371 566 486 647 aliquis
512 567 579 630 tare
604 568 686 632 testis
708 565 864 630 adhibitae
885 566 933 648 stt,
956 565 1103 646 quonlam
1127 564 1207 629 idem

194 661 223 721 et
244 656 365 721 tabulas
388 656 557 720 testamenti
578 656 742 738 scripserit.

606 849 655 914 De
678 851 793 932 locatio.

282 967 312 1031 2.
336 965 374 1031 D.
394 967 450 1048 31,
465 965 517 1031 30.
563 965 652 1030 Idem
675 963 734 1052 (sc.
755 961 883 1050 Celsus)
907 963 990 1028 libro
1014 963 1205 1050 trigcnsimo

197 1055 334 1140 septime
368 1053 586 1139 Digestorum.
620 1090 662 1100 —
696 1052 833 1128 Quidam
866 1055 900 1118 in
931 1057 1127 1118 testamento
1160 1053 1207 1118 ita

195 1144 338 1228 scripsit:
365 1143 423 1208 ‘rei
445 1143 592 1227 publicae
617 1141 887 1207 Grauiscanorum
909 1142 983 1226 lego
1011 1142 1046 1206 in
1069 1143 1206 1206 tutelam

193 1234 265 1299 viee
288 1231 490 1317 reficiendae,
520 1253 600 1317 quae
627 1231 734 1297 estin
757 1232 884 1297 colonia
907 1252 1017 1295 eorum
1040 1252 1141 1315 usque
1166 1231 1207 1294 ad

193 1323 281 1387 viam
317 1320 504 1386 Aureliam’.
567 1321 749 1404 quaesitum
786 1324 848 1398 est,
886 1341 928 1383 an
964 1319 1025 1384 hoc
1061 1320 1205 1405 legatum

193 1412 310 1475 valeat.
343 1409 509 1474 Iuventius
525 1407 638 1474 Celsus
657 1409 836 1493 respondit:
851 1411 1071 1491 propemodum
1085 1410 1207 1492 quidm

194 1499 372 1582 imperfecta
394 1504 439 1564 est
459 1498 532 1563 laec
553 1501 709 1580 scripturo
730 1497 784 1582 [la
802 1498 929 1564 tutelam
947 1497 1095 1562 Aureliae
1112 1499 1207 1578 oiaeJ,

194 1591 269 1672 qaia
305 1608 428 1653 samma
463 1588 619 1670 adserente
654 1608 717 1652 aaa
752 1592 811 1665 ect;
843 1591 943 1669 potest
976 1591 1078 1651 tamea
1109 1589 1208 1664 oldut

196 1683 283 1742 touta
306 1697 429 1741 samma
452 1677 563 1759 aeota,
585 1681 704 1758 quauta
725 1677 754 1740 ei
775 1676 821 1741 rei
842 1675 1001 1760 sufficeret.

284 1796 484 1857 'tribonianus
515 1797 643 1856 addidit:
677 1790 715 1857 ‘si
747 1797 834 1856 modo
866 1815 926 1856 non
958 1798 1083 1872 apparet
1116 1796 1207 1856 aliam

195 1884 288 1944 fuisse
317 1885 452 1944 defuncti
480 1886 665 1946 voluntatem
693 1888 747 1944 aut
774 1904 809 1944 ex
837 1885 1046 1962 magnitudine
1070 1886 1134 1946 eius
1158 1904 1206 1961 pe

195 1972 299 2032 cuniae
332 1978 384 2032 aut
416 1993 452 2032 er
479 1974 684 2033 mediocritate
711 1974 917 2052 facultatium,
949 1992 1039 2051 quam
1066 1975 1208 2034 testatrix

194 2061 329 2138 reliquit3
348 2064 420 2120 tunc
439 2063 518 2121 enim
535 2063 632 2122 officio
655 2063 771 2140 iudicis,
790 2064 951 2124 secundum
965 2062 1208 2122 aestimationem

194 2150 368 2226 patrimonii
387 2153 418 2208 et
435 2151 537 2228 legati,
556 2151 709 2228 quantitas
728 2147 845 2212 definiri
858 2144 979 2229 potest'.
1015 2151 1052 2211 cf.
1072 2151 1206 2212 Graden-

194 2240 263 2299 witu
286 2260 313 2314 p.
335 2240 406 2299 211.

286 2329 321 2388 cf.
346 2326 416 2404 Ulp.
433 2330 483 2407 24,
500 2331 550 2389 ne.

540 2483 590 2549 De
610 2483 859 2566 fideicommissis.

286 2600 315 2664 3.
334 2598 373 2663 Ι).
384 2599 436 2683 29,
452 2601 480 2682 7,
496 2599 546 2666 18.
576 2597 687 2664 Celsus
702 2599 785 2663 libro
799 2598 975 2664 vicensimo
989 2599 1208 2684 Digestorum.

198 2725 240 2735 -
265 2686 414 2753 Plotiana
447 2685 541 2753 Oelso
576 2709 634 2753 suo
667 2688 813 2752 salutem.
866 2685 984 2753 Lucius
1016 2687 1123 2754 Titius
1155 2689 1207 2754 his

197 2777 305 2842 verbis
328 2778 377 2841 ita
399 2777 499 2842 cavit:
523 2776 563 2842 ‘si
587 2777 663 2862 quid
682 2775 801 2841 tabulis
821 2776 923 2841 aliove
947 2798 1009 2861 quo
1030 2798 1148 2863 genere
1167 2777 1207 2842 ad

195 2865 257 2931 hoc
280 2870 512 2930 testamentum
532 2867 697 2949 pertinens
720 2865 888 2949 reliquero,
910 2866 957 2929 ita
979 2866 1085 2930 valere
1109 2865 1207 2933 volo'.

198 2975 326 3037 quaero,
350 2976 392 3018 an
415 2953 565 3039 codicilli,
590 2956 645 3038 qui
669 2959 743 3019 ante
762 2954 1074 3019 hoctestamentum
1094 2955 1208 3039 scripti

197 3045 287 3126 sunt,
309 3042 447 3106 debeant
469 3042 533 3106 rati
556 3065 635 3108 esse.

286 3129 452 3195 Iuventius
471 3129 584 3196 Oelsns
603 3131 773 3196 Plotianae
797 3132 943 3198 salutem.
983 3129 1073 3196 Haec
1096 3133 1208 3197 verba:

197 3215 236 3278 ‘si
256 3218 332 3300 quid
353 3217 393 3281 ad
411 3218 473 3282 hoc
487 3223 715 3284 testamentum
731 3222 896 3305 pertinens
910 3220 1080 3306 reliquero,
1098 3222 1207 3285 valere

196 3303 294 3389 volo’‚
320 3307 417 3369 etiam
444 3327 482 3369 ea
511 3328 593 3389 quae
622 3311 696 3372 ante
723 3312 954 3374 testamentum
977 3310 1099 3393 scripta
1122 3313 1208 3390 sunt,

196 3393 474 3477 comprehendere.

284 3491 314 3554 4.
338 3487 376 3552 D.
397 3489 449 3572 36,
466 3493 493 3573 1,
508 3491 559 3557 33.
606 3493 719 3558 Celsus
747 3495 832 3559 libro
860 3495 1032 3561 vicensimo
1055 3495 1207 3581 Digesto

196 3600 277 3643 rum.
299 3614 340 3625 -
360 3577 500 3644 Ballista
522 3579 626 3645 filium
649 3583 790 3648 familias
813 3583 962 3649 heredem
983 3584 1125 3650 instituit
1146 3585 1205 3648 ita:
