2570 3904
371 211 396 263 4.
416 209 445 263 C.
460 207 605 264 CASSIUS
623 207 808 264 LONGINUS
1053 209 1094 272 31

170 372 210 437 D.
230 375 284 456 33,
305 374 334 450 7,
357 373 478 451 1127.
533 369 691 455 Ulpianus
727 372 812 436 libro
849 371 1024 436 vicensimo
1057 373 1096 436 ad

88 461 240 527 Sabinum
269 459 318 546 (P.
333 458 446 548 2611).
469 497 511 506 -
535 509 565 524 ..
585 461 613 525 si
639 459 757 525 fundus
785 483 849 526 non
878 463 922 526 sit
950 483 1021 526 cum
1048 463 1096 526 in-

89 553 265 616 strumento
285 550 423 634 legatus
446 550 502 614 scd
520 549 569 613 ita
587 554 623 612 ut
640 551 817 614 instructus
837 551 889 632 sit,
913 551 1096 635 quaesitum

88 645 145 718 cst,
177 662 220 704 an
247 639 322 724 plus
351 639 568 720 contineatur,
597 660 694 722 quam
722 640 751 703 si
778 661 851 704 cum
878 641 1095 705 instrumento

87 729 212 813 legatus
241 731 337 812 esset.
383 731 415 791 et
439 725 578 791 Sabinus
609 727 699 791 libris
723 727 764 792 ad
787 727 959 793 Vitellium
982 729 1097 794 scribit

87 817 250 881 fatendum
270 837 340 880 esre
351 816 425 899 plus
445 837 524 896 esse,
542 838 615 880 cum
633 817 812 880 instructus
826 816 945 882 fundus
961 818 1096 903 legetur,

88 927 180 990 quam
205 907 233 970 si
257 927 330 970 cum
353 906 569 969 instrumento
585 954 592 968 .
607 955 614 967 .
631 953 638 969 .
653 909 776 989 quanto
800 905 901 989 igitur
923 907 985 970 hoc
1008 906 1097 991 lega-

87 1001 151 1060 tum
173 994 307 1060 uberius
332 997 389 1078 est,
412 993 585 1058 videndum
608 998 667 1058 est.
705 997 737 1057 ct
757 991 895 1059 Sabinus
919 995 1031 1059 definit
1050 997 1098 1076 [et

89 1081 215 1148 Cassius
249 1083 334 1168 apud
362 1082 536 1148 Vitellium
568 1085 689 1164 notat]:
722 1084 833 1147 omnia
861 1105 942 1167 quae
972 1105 1010 1148 eo
1038 1081 1097 1170 (sc.

88 1170 198 1258 fundo)
219 1172 379 1238 collocata
397 1175 481 1252 sunt,
500 1177 536 1234 ut
549 1173 739 1236 instructior
753 1175 839 1236 esset
852 1171 1097 1257 paterfamilias,

89 1261 253 1343 instructo,
267 1261 384 1344 inquit,
403 1260 663 1325 continebuntur.
686 1261 721 1325 id
740 1265 789 1325 est
808 1282 889 1345 quae
909 1261 955 1324 ibi
971 1260 1097 1344 habuit,

89 1353 120 1414 ut
153 1350 347 1414 instructior
384 1351 491 1430 esset}
546 1349 601 1433 <et
638 1348 771 1414 Cassius
809 1348 894 1434 apud
926 1347 1098 1413 Vitellium

89 1443 184 1503 notat:
207 1439 241 1503 id
265 1438 330 1502 sibi
352 1439 509 1522 placere).

171 1558 341 1618 Verborum
368 1562 540 1618 contextum
567 1578 586 1618 a
608 1559 782 1618 Triboniani
809 1560 945 1620 adiutore
967 1559 1098 1619 brevita-

90 1648 128 1705 tis
146 1666 234 1706 causa
252 1650 414 1726 mutatum,
427 1649 522 1708 verba
537 1642 982 1724 ε01000011100111111711011111111
1000 1642 1097 1708 notat'

91 1754 181 1884 p3suo
206 1738 272 1796 loco
296 1740 412 1796 remota
435 1755 499 1796 essa
524 1740 606 1813 puto.
652 1737 691 1796 ad
713 1756 777 1796 rem
801 1737 838 1797 cf.
861 1738 945 1797 Paul.
970 1738 998 1798 S.
1020 1739 1048 1816 3,
1069 1741 1097 1817 6,

133 1828 224 1886 -52.

410 1941 508 2001 Iuris
532 1940 654 2002 civilis
678 1941 773 2000 libri.

171 2065 300 2124 Masurii
316 2064 419 2125 Sabini
436 2065 639 2142 praeceptoris
657 2067 825 2142 exemplum
840 2071 961 2127 secutus
978 2065 1099 2128 Cassius

90 2171 201 2231 quoquc
228 2153 305 2213 iuris
333 2153 430 2214 civilis
456 2154 551 2214 libros
579 2155 760 2230 composuit,
788 2174 862 2233 quos
891 2175 958 2215 cum
984 2156 1098 2215 Paulus

88 2240 168 2300 libris
201 2243 240 2301 ad
273 2242 403 2302 edictum
436 2233 487 2325 (D.
508 2246 559 2318 37,
579 2245 607 2319 6,
627 2245 695 2321 2,5
729 2237 833 2304 ‘Gaius
866 2243 988 2305 Cassius
1020 2245 1097 2303 libro

89 2330 212 2406 septimo
240 2330 316 2390 iuris
343 2331 440 2391 civilis
460 2325 645 2408 ...putat’)
678 2336 742 2392 turn
771 2334 920 2410 Ulpianus
946 2334 1032 2392 libris
1060 2334 1099 2393 ad

89 2417 229 2478 Sabinum
261 2419 368 2479 laudat
399 2413 448 2501 (D.
473 2423 525 2497 29,
550 2424 577 2491 2,
601 2424 694 2500 25,4
727 2416 833 2482 ‘Gaius
866 2422 987 2482 Cassius
1020 2422 1098 2481 libro

88 2510 213 2567 secundo
232 2509 308 2567 iuris
326 2509 423 2569 civilis
443 2503 565 2570 scribit'.
601 2511 638 2569 D.
655 2515 683 2586 7,
700 2515 729 2586 1,
744 2514 772 2589 7,
788 2514 806 2571 3
827 2505 961 2572 ‘Cassius
980 2530 1098 2588 quoque

88 2597 189 2656 scribit
216 2593 295 2656 libro
323 2601 428 2658 octavo
455 2599 529 2657 iuris
557 2594 674 2659 civilis'.
720 2601 756 2659 D.
773 2605 801 2676 7,
823 2604 851 2674 1,
872 2603 938 2675 9,5
965 2594 1098 2657 ‘Cassius

87 2687 128 2744 ait
159 2687 237 2745 libro
270 2689 375 2746 octavo
406 2686 480 2746 iuris
512 2681 630 2748 civilis'.
681 2689 713 2748 D.
734 2691 762 2762 7,
784 2692 812 2765 1,
832 2690 920 2763 23,1
957 2681 1098 2745 ‘Sabinus

87 2774 241 2850 respondit
273 2779 303 2834 et
331 2773 451 2834 Cassius
482 2776 560 2836 libro
594 2780 699 2836 octavo
727 2777 802 2836 iuris
831 2776 929 2836 civilis
957 2770 1098 2851 scripsit'.

87 2862 120 2922 Ι).
142 2867 171 2938 7,
194 2867 221 2940 1,
242 2866 285 2924 70
296 2884 341 2940 pr.
369 2858 472 2924 ‘Caius
496 2864 618 2925 Cassius
646 2865 751 2926 scribit
776 2866 854 2925 libro
882 2865 996 2924 decimo
1025 2865 1099 2924 iuris

87 2944 224 3034 civilis'),
262 2953 370 3030 quibus
407 2973 443 3012 er
473 2954 559 3012 libris
591 2955 750 3016 Iavolenus
782 2955 904 3014 Priscus
931 2955 987 3013 XV
1018 2955 1098 3028 fecit,

88 3034 133 3100 ‘ex
156 3036 274 3101 Cassio'
302 3043 354 3119 qui
380 3042 573 3102 nominantur
605 3036 652 3124 (P.
678 3047 784 3106 1-69
819 3047 850 3104 et
877 3044 957 3104 infra
982 3045 1014 3103 in
1042 3045 1099 3103 hac

87 3125 289 3210 collectione):
332 3125 550 3190 ‘commentarii
583 3127 661 3192 Caii'
693 3135 742 3194 vel
779 3127 860 3192 ‘libri
892 3131 959 3192 Caii
991 3127 1098 3192 Cassii'

86 3238 121 3278 ue
169 3213 253 3279 ‘libri
290 3214 377 3292 Caii’,
419 3221 472 3296 qui
508 3239 526 3279 a
556 3219 697 3282 Iauoleno
733 3223 766 3280 in
797 3222 943 3282 librorum
975 3222 1097 3281 illorum

87 3307 266 3384 fragmentis
290 3308 454 3368 laudantur
478 3303 528 3389 (D.
544 3311 594 3386 35,
611 3314 639 3390 1,
655 3313 706 3372 54.
729 3313 781 3388 40,
798 3316 826 3388 7,
845 3313 896 3370 28.
916 3313 967 3385 46,
988 3312 1017 3382 3,
1033 3305 1098 3390 78),

20 3451 21 3478 ,
88 3397 158 3471 quin
182 3395 280 3456 Cassii
302 3397 376 3457 iuris
400 3398 496 3458 civilis
520 3399 592 3477 siut,
616 3418 702 3459 namo
725 3399 853 3459 dubitat.
900 3398 1098 3458 Tribonianus

20 3487 21 3492 ’
87 3487 137 3560 qui
164 3486 293 3546 Masurii
319 3487 393 3545 iuris
421 3487 517 3546 civilis
544 3489 639 3548 libros
666 3493 703 3546 ut
729 3489 761 3546 in
788 3492 945 3546 auctorum
972 3486 1099 3542 indicem

88 3575 209 3652 recepit,
232 3575 277 3634 ita
299 3575 332 3634 in
354 3576 440 3635 novis
462 3576 596 3652 Digestis
620 3575 830 3650 componendis
853 3572 986 3648 neglexit
1009 3562 1095 3647 (II,1
