2596 3902
162 206 226 271 140
251 206 298 262 lll.
310 206 385 262 GAII
396 205 541 263 CLAUDII
550 206 685 264 NERON.
696 207 839 263 GALBAE
849 207 956 264 TEMP.
966 208 1062 264 IURIS
1072 207 1175 264 coNS.

506 394 553 453 De
575 395 830 456 substitutiorubus.

249 501 292 567 5?
329 502 400 568 Gai.
423 505 454 585 2,
478 505 549 569 178.
585 541 622 551 -
657 554 691 569 ..
725 501 848 570 Sabino
881 505 1010 590 quidem
1042 506 1175 590 placuit,

160 592 313 676 quamdiu
342 613 470 658 eernere
499 597 532 657 et
557 614 594 657 eo
618 593 715 658 modo
739 593 833 658 heres
856 593 925 659 fieri
948 594 1054 678 possit
1076 594 1175 679 prior,

160 680 288 746 etiamsi
315 703 374 766 pro
401 681 518 746 herede
547 682 699 768 gesserit,
726 687 924 747 nontamen
948 682 1077 747 admitti
1100 683 1176 748 sub-

160 770 327 854 stitutum3
355 792 428 835 eum
455 792 530 834 vero
560 772 659 836 eretio
685 771 777 836 finita
800 772 857 857 sit,
884 775 953 836 tum
976 793 1034 856 pro
1058 772 1175 837 herede

160 863 292 944 gerente
316 859 443 924 admitti
467 860 688 925 substitutum.
731 860 801 924 aliie
828 882 905 925 vero
929 860 1051 944 placuit
1075 862 1175 925 etiam

161 952 332 1033 superante
360 949 503 1014 erutione
530 971 627 1032 posse
656 970 728 1013 eum
754 971 812 1033 pro
835 949 952 1013 herede
976 949 1116 1034 gerendo
1140 951 1175 1015 in

160 1041 285 1121 partem
305 1038 517 1105 substitutum
538 1037 709 1103 admittere
728 1042 760 1102 et
779 1038 918 1122 amplius
938 1038 980 1104 ad
998 1039 1174 1104 eretionem
1285 1115 1287 1120 .

158 1127 275 1190 reverti
297 1147 364 1190 non
387 1148 490 1210 posse.

249 1216 278 1280 6.
312 1215 380 1280 Gai.
396 1216 426 1300 2,
443 1215 564 1299 179sq.
592 1250 630 1260 -
660 1213 787 1280 Liberis
814 1215 934 1281 nostris
962 1215 1175 1299 inpuberibus

160 1325 240 1388 quos
268 1305 303 1368 in
330 1307 493 1389 potestate
521 1303 678 1369 habemus
784 1304 979 1368 substituere
1003 1327 1175 1388 possumus

151 1440 165 1474 ,·
181 1442 188 1456 .
203 1440 226 1478 .,
253 1397 291 1458 ut
319 1392 448 1457 etiamsi
475 1393 608 1458 heredes
637 1392 731 1458 nobis
755 1391 921 1457 extiterint
944 1397 977 1457 et
1000 1393 1103 1460 adhue
1126 1394 1173 1458 in·

158 1481 295 1566 puberes
319 1481 440 1546 mortui
462 1481 593 1566 fuerint,
615 1482 659 1545 sit
681 1481 721 1546 iis
746 1481 864 1567 aliquis
887 1481 981 1547 heres
1076 1505 1174 1568 quam

158 1571 200 1636 ob
219 1592 286 1635 rom
307 1570 370 1636 duo
390 1570 627 1656 quodammodo
643 1574 719 1635 sunt
731 1573 938 1654 testamenta,
958 1570 1045 1636 aliud
1059 1572 1175 1656 patris,

159 1659 245 1725 aliud
277 1659 350 1743 filii,
382 1663 547 1743 tamquam
580 1658 609 1724 si
641 1659 710 1744 ipse
742 1659 827 1726 filius
857 1660 922 1725 sibi
948 1660 1098 1725 heredem
1126 1661 1176 1724 in·

158 1747 318 1813 stituisset
341 1796 373 1812 ..

247 1859 367 1919 Proouli
387 1859 567 1920 sententiam
586 1859 696 1920 Gaium
713 1860 825 1920 referre
845 1859 959 1920 indicat
976 1857 1175 1940 D.42,5,28,

157 1967 217 2026 quo
244 1948 310 2008 loeo
333 1948 360 2008 is
384 1949 436 2026 qui
458 1949 635 2010 Iavolenum
658 1948 800 2025 consulit,
828 1949 886 2008 ait:
915 1943 1173 2026 ‘praeceptoribus

157 2037 218 2097 tuis
245 2037 356 2114 planet,
384 2057 486 2122 unum,
506 2055 570 2098 esse
594 2032 829 2098 testamentum'.
876 2037 912 2098 ef.
933 2036 988 2097 Gai
1011 2039 1104 2098 verba
1126 2056 1173 2098 se-

158 2125 282 2201 quentia
305 2120 371 2185 ‘aut
393 2129 473 2186 certe
496 2145 592 2186 unum
610 2129 658 2186 est
674 2129 891 2186 testamentum
910 2125 1038 2185 duarum
1057 2127 1175 2187 heredi·

157 2207 277 2275 tatum'.

326 2303 373 2363 De
395 2305 576 2378 adouirendu
598 2305 643 2364 vel
665 2305 819 2364 omittendo
832 2305 1003 2364 bereduare.

247 2414 290 2478 7⁵.
314 2413 382 2479 Gai.
392 2415 423 2499 2,
431 2415 483 2480 36.
494 2415 546 2480 37.
565 2451 607 2461 —
629 2413 839 2480 Testamento
862 2464 886 2480 ..
911 2414 1051 2497 scriptus
1074 2414 1170 2480 heres

158 2506 232 2568 ante
257 2502 380 2568 aditam
404 2503 533 2588 quidem
555 2503 767 2567 hereditatem
787 2503 825 2570 in
845 2503 915 2568 iure
934 2502 1075 2568 cedendo
1099 2525 1173 2570 eam

91 2613 94 2624 ’
158 2591 215 2655 alii
229 2591 312 2656 nihil
323 2593 406 2677 agit3
417 2596 532 2676 postea
541 2613 617 2657 vero
634 2614 730 2677 quam
741 2591 857 2657 adierit
873 2592 902 2657 si
917 2591 1018 2675 eedat,
1035 2613 1074 2656 oa
1089 2594 1174 2658 aoei-

158 2681 248 2765 dunt,
261 2703 342 2766 quae
357 2682 503 2764 proxime
518 2681 657 2746 diximus
673 2680 711 2744 de
726 2702 764 2746 eo
779 2681 820 2745 ad
839 2702 934 2765 quem
954 2682 994 2745 ab
1014 2680 1173 2747 intestato

157 2769 302 2853 legitimo
328 2771 397 2835 iure
420 2771 561 2854 pertinet
582 2769 758 2851 hereditas,
787 2769 815 2834 si
838 2773 914 2854 port
938 2769 1173 2853 obligationem

156 2858 235 2942 <in>
257 2858 325 2922 iure
349 2859 443 2924 oedat
461 2855 520 2946 (so.
539 2856 654 2924 ‘nihilo
674 2860 781 2923 minus
800 2859 869 2942 ipse
889 2857 985 2923 heres
1004 2864 1174 2940 permanet

157 2950 189 3011 et
217 2947 258 3010 ob
287 2946 320 3009 id
347 2946 561 3012 oreditoribus
589 2947 765 3028 tenebitur,
792 2946 902 3011 debita
931 2968 1007 3012 vero
1034 2952 1172 3031 pereunt

157 3055 259 3118 eoque
283 3035 380 3100 modo
403 3035 565 3100 debitores
589 3034 774 3100 hereditarii
797 3036 922 3099 luorum
941 3036 1078 3119 faciunt3
1101 3057 1171 3102 eor·

156 3143 238 3207 pora
264 3144 342 3188 vero
370 3123 439 3188 eius
465 3122 656 3188 hereditatis
683 3122 816 3206 proinde
839 3127 1008 3189 transeunt
1032 3123 1072 3189 ad
1096 3146 1171 3190 eum

156 3211 208 3276 eui
231 3231 322 3276 eessa
345 3215 394 3276 eet
416 3211 587 3297 hereditas,
610 3234 647 3277 ae
670 3217 700 3276 si
721 3212 752 3275 ei
775 3212 904 3297 singula
926 3211 961 3276 in
983 3214 1052 3278 iure
1076 3234 1171 3279 cessa

155 3298 331 3386 fuissent').
376 3299 460 3364 idem
488 3305 521 3365 et
547 3301 587 3366 de
614 3300 802 3367 necessariis
827 3301 998 3366 heredibus
1022 3302 1170 3367 diversae

157 3388 288 3453 scholae
312 3393 457 3454 auctores
481 3389 682 3473 existimant,
705 3389 791 3474 quod
815 3389 895 3456 nihil
920 3389 1049 3455 videtur
1071 3391 1171 3456 inter-

157 3497 237 3559 esse,
259 3481 368 3541 utrum
391 3477 553 3561 <aliquis>
577 3478 723 3544 adeundo
745 3478 963 3544 hereditatem
986 3479 1045 3544 fiat
1066 3479 1171 3567 heres,

158 3586 199 3629 an
222 3565 342 3630 invitus
366 3568 494 3632 existat.
