2580 3900
145 213 213 277 214
235 213 281 267 IV.
296 211 514 266 VESPASIANI
529 211 601 266 ΤΙΤΙ
615 209 808 266 DOMITIANI
822 211 929 266 TEMP.
944 210 1040 265 IURIS
1055 209 1157 266 CONS.

142 376 194 440 vel
224 397 339 440 navem
371 374 609 455 fabricandam,
642 374 762 457 poterit
794 373 833 438 ad
866 373 946 438 haec
974 374 1080 458 operis
1109 375 1159 439 uti

140 464 272 529 usuarii.
316 485 376 528 nec
403 463 582 529 offendetur
608 464 666 528 illa
689 460 802 527 Sabini
830 462 992 528 sententia
1019 463 1157 528 ancillae

140 575 202 618 usu
229 553 306 617 dato
336 553 376 617 ad
403 553 580 618 lanificium
609 574 680 617 eam
707 573 771 616 non
795 551 883 616 mitti
905 573 964 616 nec
988 573 1027 616 ex
1050 553 1157 635 operis

141 641 319 706 mercedem
339 643 420 726 capi,
443 641 499 706 sed
518 641 580 706 sibi
598 642 706 706 lanam
725 640 831 705 facere
849 641 918 704 iure
937 661 1066 724 cogere3
1092 640 1157 704 sibi

142 730 228 794 enim
251 731 356 795 facere
379 731 521 809 videtur,
545 731 600 814 qui
623 751 689 794 non
712 751 826 814 operas
851 730 918 793 eius
941 729 1076 807 locavit,
1100 729 1157 793 sed

142 841 222 903 opus
238 820 322 904 quod
338 819 492 884 conduxit
506 819 657 904 expediit.
687 817 772 882 idem
788 823 821 883 et
833 817 1014 882 Octauenus
1029 819 1157 903 probat.

230 931 267 991 cf.
287 949 379 1006 supra
401 931 483 991 frui.

547 1050 597 1115 De
619 1051 746 1132 nuptiis.

231 1176 281 1239 11.
315 1173 352 1242 D.
372 1177 424 1258 23,
439 1175 468 1259 2,
483 1175 535 1238 44.
585 1171 705 1237 Paulus
735 1173 818 1237 libro
847 1173 953 1256 primo
981 1173 1021 1236 ad
1050 1173 1156 1257 legem

139 1262 257 1328 Iuliam
280 1268 313 1327 ct
336 1261 470 1348 Papiam
493 1261 543 1348 (P.
553 1261 642 1346 929).
664 1298 702 1307 -
726 1259 811 1345 Lege
833 1260 917 1325 Iulia
939 1262 987 1325 ita
1010 1267 1155 1326 cavetur:

141 1351 195 1416 ³...
214 1351 345 1418 cuiusve
364 1356 456 1436 pater
475 1356 618 1416 materve
638 1355 741 1416 artem
761 1351 918 1416 ludicram
937 1351 1017 1414 facit
1030 1350 1155 1414 fecerit'

215 1463 274 1506 nec
299 1440 524 1527 distinguitur,
551 1444 645 1523 pater
667 1439 700 1503 in
722 1443 886 1523 potestate
909 1439 1030 1503 habeat
1052 1439 1155 1503 filiam

139 1552 198 1595 nec
217 1551 265 1595 ne.
297 1534 407 1594 tamen
421 1531 542 1594 iustum
558 1532 684 1612 patrem
701 1527 954 1611 intellegendum
969 1525 1155 1593 Octauenus
1230 1541 1233 1546 '

141 1619 200 1704 ait,
224 1622 363 1683 matrem
386 1619 485 1684 etiam
510 1618 537 1682 si
560 1618 659 1702 vulgo
682 1617 876 1699 conceperit.

230 1708 281 1772 12.
313 1707 352 1772 D.
371 1709 424 1790 23,
439 1709 468 1787 2,
482 1708 583 1790 43pr.
598 1707 627 1772 3.
677 1704 838 1790 Ulpianus
867 1705 952 1769 libro
980 1704 1086 1788 primo
1116 1704 1156 1769 ad

139 1795 246 1880 legem
265 1795 382 1860 Iuliam
402 1801 433 1860 et
451 1795 587 1880 Papiam
602 1791 771 1881 (Prote).
789 1830 833 1840 —
851 1793 964 1858 Palam
985 1795 1156 1876 quaestum

139 1884 245 1948 facere
269 1884 411 1949 dicemus
434 1907 499 1949 non
522 1888 650 1948 tantum
673 1905 754 1967 eam,
777 1904 858 1966 quae
877 1883 911 1946 in
930 1882 1102 1966 lupanario
1122 1905 1156 1947 se

139 1971 318 2058 prostituit,
336 1995 447 2038 verum
467 1975 564 2038 etiam
585 1973 613 2037 si
630 1993 694 2056 qua
782 1970 816 2035 in
835 1972 973 2035 taberna
996 1971 1156 2055 cauponia

139 2063 190 2126 vel
214 2083 277 2145 qua
301 2062 366 2126 alio
389 2062 504 2145 pudori
527 2084 585 2126 suo
609 2083 675 2126 non
698 2061 813 2143 parcit.
853 2061 961 2143 palam
981 2064 1089 2123 autem
1109 2060 1155 2126 sio

140 2151 330 2234 accipimus:
359 2151 495 2235 passim,
521 2151 583 2215 hoo
611 2156 662 2215 est
688 2151 758 2213 sine
788 2146 918 2230 dileetu3
946 2170 1011 2212 non
1035 2151 1063 2212 si
1092 2169 1155 2232 qua

140 2239 295 2304 adulteris
332 2240 383 2303 vel
419 2240 659 2324 stupratoribus
693 2258 726 2302 se
759 2237 946 2319 committit,
984 2237 1040 2301 sed
1072 2258 1155 2321 quac

139 2328 243 2393 vicem
274 2327 470 2413 prostitutae
503 2329 653 2394 sustinet.
701 2327 779 2390 item
813 2326 900 2409 quod
928 2347 1000 2390 cum
1028 2348 1093 2391 uno
1122 2332 1156 2392 et

140 2417 245 2482 altero
269 2417 407 2503 pecunia
431 2423 562 2502 accepta
581 2413 793 2499 commiscuit,
815 2436 882 2479 non
901 2415 1027 2478 videtur
1045 2415 1154 2498 palam

140 2527 273 2591 corpore
310 2511 480 2592 quaestum
512 2507 626 2570 faeere.
676 2503 859 2569 Octauenus
892 2506 1003 2567 tamen
1036 2553 1073 2568 ..
1108 2505 1155 2568 ait

140 2595 240 2660 etiam
269 2618 353 2678 eam,
381 2617 461 2681 quae
490 2596 560 2660 sine
587 2597 723 2680 quaestu
750 2592 860 2678 palam
884 2615 917 2656 se
941 2593 1154 2678 prostituerit,
1184 2608 1186 2611 ·

140 2684 290 2750 debuisse
312 2685 364 2749 his
383 2685 606 2749 connumerari
625 2679 683 2769 (sc.
697 2705 778 2766 quae
797 2681 869 2766 lege
888 2679 973 2745 Iulia
991 2684 1155 2766 notantur,

140 2795 219 2857 quas
255 2780 422 2948 penatores
457 2772 615 2856 liberique
652 2793 761 2835 eorum
795 2768 1007 2854 prohibentur
1038 2791 1154 2836 uxores

141 2862 278 2927 ducere.

139 3059 154 3118 f
229 2972 321 3083 Lpnel
356 2973 477 3048 supplet
513 2966 568 3032 ‘sc
602 2990 677 3047 quac
709 2988 833 3045 corpore
863 2970 962 3044 palam
997 2974 1155 3046 quaestum

154 3060 275 3120 aoiunt.

561 3178 610 3242 De
630 3177 734 3259 fartis.

231 3303 282 3367 13.
294 3302 522 3384 D.47,2,67‚1.
554 3301 675 3366 Paulus
689 3301 773 3365 libro
789 3302 927 3386 septimo
939 3302 978 3366 ad
989 3303 1155 3367 Plautium

142 3389 191 3475 (P.
212 3390 321 3474 1141).
345 3427 386 3436 -
412 3389 447 3455 si
475 3391 516 3474 is,
545 3391 596 3455 cui
623 3413 674 3455 res
704 3390 856 3475 subrepta
884 3391 939 3475 sit,
968 3391 1042 3454 dum
1069 3393 1154 3475 apud

141 3481 243 3543 furem
264 3480 316 3563 sit,
333 3479 500 3564 legaverat
519 3502 589 3544 eam
609 3480 689 3544 mihi
708 3477 788 3564 <per
804 3479 1082 3564 vindicationem>,
1102 3503 1155 3561 an,

142 3568 171 3632 si
193 3570 307 3652 postea
329 3567 382 3631 fur
406 3590 477 3633 eam
502 3573 689 3652 contrectet,
711 3568 791 3633 furti
813 3569 973 3634 actionem
991 3567 1154 3634 habeam?
