2580 3900
509 208 535 256 4.
553 199 734 256 PLAUTIUS
1061 203 1125 266 227

452 387 499 447 De
520 389 674 462 usufructu
696 389 795 463 nuato.
899 407 901 412 ·

203 511 255 575 12.
281 507 359 574 Vct.
373 507 412 573 fr.
427 508 478 572 77.
510 503 584 592 Ulp.
598 507 619 572 l.
633 503 729 571 XVII
749 507 790 571 ad
803 504 877 573 sab.
892 505 942 594 (P.
956 508 1068 595 2563).
1086 546 1123 557 —

112 597 279 664 Interdum
415 594 476 660 etsi
506 618 573 661 non
603 596 668 660 sint
700 597 876 681 coniuncti,
907 601 1017 662 tamen
1049 620 1126 664 usus

111 689 237 754 fructus
260 687 390 772 legatus
413 684 507 750 elteri
530 685 699 770 adcrescit,
721 689 758 750 ut
779 688 858 769 putu
880 686 909 750 si
931 687 1011 752 mihi
1035 685 1127 753 fundi

112 800 192 842 usus
219 775 345 840 fructus
373 774 548 859 seperatim
575 771 676 839 totins
705 778 738 838 et
765 775 826 838 tibi
854 775 1005 841 similiter
1027 776 1126 841 fuerit

113 888 190 931 usus
223 864 348 930 fructus
380 863 520 928 relictus.
569 884 659 945 nem,
691 866 728 927 ut
755 861 868 929 celsus
899 863 983 930 libro
1011 861 1125 932 XVIII

113 953 328 1041 Digestorum
347 956 380 1016 et
397 950 542 1017 Iulianus
556 951 641 1016 libro
655 949 781 1017 XXXV
796 951 949 1033 scribunt,
967 975 1126 1020 concursu

113 1049 223 1129 partes
252 1042 423 1124 habemus,
451 1038 537 1124 quod
564 1044 597 1105 et
624 1040 658 1104 in
684 1041 881 1125 proprietate
909 1043 1125 1131 contingeret,

113 1155 189 1198 nam
222 1131 325 1196 altero
357 1129 545 1214 repudiante
574 1129 655 1194 alter
682 1133 788 1194 totum
815 1129 951 1196 fundum
978 1132 1124 1199 heberet.

114 1221 170 1287 scd
201 1221 237 1285 in
267 1241 328 1284 usu
359 1219 468 1284 fructu
498 1217 562 1284 hoc
592 1218 666 1302 plus
699 1222 759 1303 est,
782 1223 895 1285 contra
925 1242 1021 1305 qnam
1054 1220 1125 1285 Ati-

113 1311 248 1377 licinum
283 1307 486 1392 respondisse
518 1306 666 1372 Aufidius
701 1304 801 1374 Chius
833 1309 944 1394 refert,
976 1310 1061 1394 quod
1093 1314 1125 1373 et

114 1399 313 1465 constitutus
340 1395 441 1461 nihilo
469 1393 575 1461 minus
603 1394 741 1461 amissus
768 1393 819 1461 ius
843 1397 1124 1464 1111111111ᾶίαὰ-

114 1487 231 1572 mittit3
262 1505 376 1550 omncs
401 1485 488 1549 enim
516 1486 663 1549 annicius
692 1485 777 1569 apud
804 1484 968 1552 Plautium
996 1487 1035 1552 dc
1062 1486 1125 1553 hoc

115 1578 354 1642 consenserunt.

202 1669 241 1730 cf.
263 1667 298 1729 D.
315 1671 344 1744 7,
360 1670 389 1746 2,
405 1669 433 1744 1,
449 1668 478 1728 3.

202 1771 255 1837 13.
272 1765 348 1835 Vet.
361 1769 400 1834 fr.
416 1767 467 1834 75.
499 1767 573 1852 Ulp.
587 1769 608 1833 l.
620 1763 717 1833 XVII
736 1769 776 1833 ad
790 1767 865 1836 Seb.
880 1769 1066 1859 (111561).
1081 1809 1124 1818 -

114 1861 204 1927 Idem
228 1858 285 1942 (sc.
309 1855 471 1944 Iulianus)
494 1859 548 1942 cit,
570 1861 603 1921 et
626 1858 653 1920 si
678 1859 840 1923 communi
862 1880 954 1925 servo
978 1865 1010 1924 et
1033 1884 1123 1945 sepa·

114 1951 211 2016 ratim
230 1943 321 2012 Titio
344 1969 421 2012 usus
445 1947 568 2011 fructus
590 1945 717 2032 legatus
742 1947 798 2032 sit,
822 1949 973 2013 emissem
996 1953 1124 2034 partem

115 2061 191 2105 usus
223 2038 348 2102 fructus
379 2057 447 2101 nou
480 2035 520 2100 ad
547 2033 685 2118 Titium,
717 2036 772 2100 sed
800 2035 841 2101 ed
869 2037 974 2102 solum
1001 2039 1124 2104 socium

113 2128 276 2213 pertinere
292 2124 408 2190 debere
445 2125 515 2189 nasi
529 2123 633 2190 solum
649 2125 854 2191 coniunctum
926 2125 1122 2212 Pomponius

17 2209 19 2231 '
116 2218 161 2281 ait
182 2213 270 2281 libro
286 2208 353 2280 VII
377 2235 416 2278 ex
474 2213 562 2278 antio
586 2213 690 2278 111111
707 2213 826 2279 Iuliani
845 2216 1006 2281 sententie
1028 2238 1122 2300 quos-

18 2309 19 2374 }
115 2305 186 2371 dem
212 2325 283 2370 esse
306 2304 341 2367 in
363 2303 523 2368 diversam
546 2301 745 2390 opinionem3
767 2339 810 2349 -
832 2325 890 2368 nec
913 2304 998 2368 enim
1019 2307 1123 2390 magis

116 2395 201 2460 socio
234 2393 351 2458 debere
384 2392 575 2474 adcrescere,
609 2412 706 2475 quam
734 2391 863 2456 deberet
890 2392 919 2455 ei
949 2393 1005 2477 qni
1031 2392 1123 2458 fundi

19 2505 20 2544 1
114 2483 236 2548 habens
260 2503 354 2549 usum
371 2479 511 2545 fructum
529 2484 655 2565 partem
673 2502 750 2545 usus
768 2481 890 2545 fructus
908 2481 1122 2564 proprietario

19 2551 20 2586 ³
114 2572 210 2638 cessit
243 2570 294 2635 vel
321 2591 387 2634 non
413 2569 534 2633 utendo
563 2569 672 2633 amisit
760 2589 954 2653 quamquem
983 2566 1121 2634 Sabinus

113 2659 317 2746 responderit
334 2679 473 2724 ...eum
499 2658 557 2741 qui
583 2662 709 2742 partem
735 2679 813 2722 usus
839 2655 964 2721 suiectus
991 2657 1026 2720 in
1053 2657 1122 2721 iure

110 2750 234 2902 cessit,f
251 2752 290 2900 elt)
311 2747 466 2901 111121111τὲ
484 2749 611 2830 purtem
635 2747 762 2832 etipse
785 2750 949 2810 momento
972 2745 1121 2830 recipere.

232 2889 239 2901 ”
293 2886 475 2919 '''''

203 2943 268 3009 14?
296 2942 336 3008 D.
356 2943 386 3025 7,
403 2943 435 3026 4,
452 2943 504 3008 28.
550 2942 640 3008 Idem
668 2941 725 3030 (sc.
748 2939 883 3030 Paulus)
910 2941 994 3006 libro
1021 2941 1120 3007 tertio

114 3033 237 3100 decimo
268 3031 308 3096 ad
337 3029 502 3097 Plautium
529 3029 578 3120 (P.
601 3029 726 3118 119112).
757 3067 795 3079 -
826 3030 861 3095 Si
889 3029 1120 3097 ususfructus

115 3121 249 3188 alternis
283 3121 376 3186 annis
407 3122 544 3207 legetur,
575 3142 641 3186 nou
672 3142 768 3205 posse
799 3141 865 3185 non
896 3120 1015 3186 utendo
1048 3142 1121 3186 enm

114 3212 229 3294 emitti,
252 3210 328 3295 quie
350 3208 445 3294 plura
467 3214 544 3275 sunt
565 3209 685 3295 legate.

203 3297 268 3366 157
287 3295 330 3364 D.
345 3299 375 3383 7,
390 3299 419 3382 1,
433 3299 484 3382 48,
498 3297 528 3362 1.
564 3295 685 3363 Paulus
703 3299 788 3363 libro
802 3319 887 3364 nono
901 3297 941 3362 ed
956 3295 1120 3363 Plautium

115 3386 162 3476 (P.
183 3384 295 3474 1162).
326 3423 364 3434 —
395 3383 516 3451 Silvam
544 3386 708 3471 cnednam,
741 3387 868 3452 etiamsi
894 3385 1119 3468 intempestive

116 3499 206 3544 caesa
230 3473 282 3562 s'it,
304 3476 338 3540 in
361 3475 468 3540 fructu
491 3495 560 3538 csse
584 3478 711 3539 constat
734 3475 832 3556 [sicut
854 3474 927 3539 olea
945 3474 1119 3536 immatura

116 3566 205 3648 lecta,
228 3568 307 3632 item
330 3564 460 3630 foenum
483 3562 691 3628 immaturum
713 3583 842 3626 caesum
864 3561 899 3623 in
922 3559 1027 3622 fructu
1045 3559 1118 3634 est].

905 3657 960 3710 rs*
