2614 3912
174 202 242 266 410
278 203 311 258 V.
330 202 478 258 NERVAE
497 203 544 257 ΕΤ
563 203 717 259 TRAIANI
734 203 842 262 TEMP.
859 205 955 260 IURIS
971 205 1152 261 CONSULTI

173 371 209 430 ut
233 365 317 430 Titia
338 387 417 432 uuae
439 387 508 432 mea
530 369 707 433 mutaniem
727 373 847 450 partem
868 368 977 433 babeat
996 369 1183 450 quantulam

171 475 254 519 unus
271 454 363 535 beros,
381 457 410 520 si
424 476 487 520 uon
500 457 639 537 aequales
648 461 755 538 partes
769 462 866 522 essent
875 457 1026 538 heredum,
1047 456 1182 537 metum

175 543 299 608 Mucius
330 549 360 609 et
387 543 500 610 Gallus
521 545 679 628 putabant
705 547 877 610 munimem
899 551 1021 628 partem
1049 545 1181 628 teqatam

172 651 242 714 esse,
260 633 335 714 quia
352 634 387 698 in
405 635 521 698 maiore
538 635 641 698 minoe
658 655 773 717 quoque
789 636 906 712 inesset,
926 633 1052 700 Seruius
1068 633 1182 717 Ofilium

171 721 344 804 minimam,
367 723 442 804 quia
464 743 533 787 eum
554 722 637 788 beres
660 725 735 788 dare
756 724 924 789 damnatus
945 727 1027 806 esset,
1049 725 1084 788 in
1095 729 1180 806 pote-

170 814 248 874 state
269 811 335 875 eius
362 816 448 894 esset,
474 831 569 893 quam
586 817 711 894 partem
732 813 827 877 daret.
872 812 974 878 Labeo
996 812 1050 877 boe
1066 813 1181 894 probat

170 899 261 980 idque
281 919 387 964 omnm
408 905 460 965 est.

259 988 311 1052 26.
333 987 372 1052 D.
387 989 463 1053 ibid.
478 990 498 1069 ξ
513 989 541 1052 2,
564 1025 601 1034 -
623 987 701 1054 Oum
723 990 769 1053 ita
788 990 919 1078 loquum
936 994 1026 1055 esset:
1050 987 1179 1072 ‘quanta

165 1077 299 1158 pmuuia
325 1097 363 1142 eu
389 1077 550 1142 hereditate
579 1077 656 1142 Titii
677 1079 720 1142 aet
740 1099 787 1142 une
804 1077 955 1160 peruenit,
985 1083 1104 1142 tantam
1120 1099 1177 1161 pe-

168 1165 295 1229 ennmm
316 1165 401 1230 beros
423 1186 508 1231 meus
530 1165 618 1230 Seiae
640 1165 732 1250 dato‚'
756 1169 790 1231 iet
811 1168 941 1250 teqatum
954 1171 1050 1249 putat
1066 1167 1179 1246 Labeo,

168 1255 251 1336 quaet
276 1259 429 1337 aeeeqtum
455 1256 489 1319 in
517 1255 629 1319 tabulis
654 1257 720 1321 suis
747 1275 784 1320 eu
808 1276 844 1320 ea
866 1255 1030 1320 hereditate
1052 1260 1180 1321 motator

168 1343 346 1420 rettulisset·
371 1347 500 1407 aeterum
520 1348 610 1426 neqat
626 1345 793 1409 canendum
810 1343 913 1409 heredi
930 1365 951 1409 a
970 1345 1126 1430 teqataria
1148 1345 1178 1410 oi

168 1432 245 1513 quii
262 1429 342 1510 faeie
357 1436 464 1513 postea
487 1433 552 1496 eius
573 1431 748 1498 hereditatio
765 1434 888 1498 nomine
904 1433 989 1498 beree
1006 1434 1175 1498 damnatus

168 1524 249 1584 esset.
290 1540 341 1603 eqo
363 1525 469 1584 eontra
486 1525 572 1602 puta,
594 1522 669 1602 quia
691 1542 753 1586 non
773 1527 870 1604 potest
887 1523 986 1588 uidem
997 1523 1175 1604 peruenisse

167 1610 211 1673 aet
234 1608 382 1688 heredem,
413 1610 494 1690 quaet
518 1611 583 1674 eius
609 1609 783 1675 baereditatis
811 1612 933 1675 nomine
955 1615 1176 1691 praestaturus

167 1701 256 1772 esset·
279 1698 358 1762 idem
380 1697 513 1778 Alfenus
549 1697 650 1764 Varus
667 1698 772 1763 Seruio
784 1700 939 1781 placuisse
956 1700 1069 1782 scribit,
1091 1701 1175 1780 quai

168 1790 198 1850 et
219 1805 325 1851 oerum
346 1791 398 1851 est.

512 1899 559 1958 De
575 1901 703 1973 pecnnia
725 1899 826 1973 teqata.

256 2007 309 2071 21.
335 2006 375 2072 D.
391 2008 443 2092 33,
456 2009 486 2092 4,
501 2008 521 2073 6
537 2031 583 2091 pr.
633 2008 741 2074 Labeo
768 2008 852 2073 libro
876 2009 1014 2074 seoundo
1040 2013 1178 2091 posteri·

168 2115 259 2159 0rum
278 2116 297 2158 a
315 2094 469 2161 Iavoleno
489 2099 745 2181 epitomatorum.
765 2133 807 2143 -
826 2095 904 2162 Oum
921 2098 1069 2180 seriptum
1082 2102 1177 2162 esoet:

167 2182 256 2266 ‘quae
280 2185 412 2266 pecunia
429 2191 555 2267 propter
576 2206 703 2251 uuorem
725 2207 825 2250 meam
847 2187 891 2251 ad
910 2206 957 2251 me
979 2186 1061 2251 oenit
1083 2187 1176 2267 quin-

166 2273 328 2354 quaqinta,
369 2275 547 2339 tantundem
580 2295 638 2356 pro
673 2296 709 2338 ea
740 2276 806 2340 dote
841 2273 924 2339 beros
959 2294 1044 2339 meus
1079 2274 1174 2359 dato',

166 2363 307 2443 quamuis
329 2363 538 2445 quadraqinta
560 2364 637 2428 dotis
657 2363 801 2443 fuissent,
823 2368 925 2428 ianua
947 2365 1175 2446 quinquaqinta

165 2450 267 2515 debere
288 2449 423 2532 Alfenus
452 2450 553 2516 Varus
574 2451 716 2516 Seruium
742 2452 930 2532 respondisse
953 2452 1070 2535 scribit,
1097 2453 1173 2535 quia

159 2541 323 2622 proposita
344 2560 466 2605 summa
488 2541 714 2624 quinquaqinta
735 2542 853 2606 adieeta
874 2541 923 2605 sit.

256 2630 305 2694 28.
334 2627 373 2695 D.
391 2629 468 2694 ibid.
487 2631 506 2709 ἓ
527 2631 555 2694 1.
583 2666 625 2676 -
653 2629 734 2694 Item
759 2631 801 2710 ei,
828 2650 906 2712 quae
927 2630 1025 2695 dotem
1049 2629 1174 2694 nuttam

164 2717 300 2801 babebat,
322 2719 371 2782 oie
388 2719 432 2784 sie
450 2718 615 2801 leqaoeuat:
639 2717 767 2801 ‘quanta
786 2719 919 2800 pecunia
941 2719 1020 2783 datu
1038 2717 1174 2784 nomine'

165 2811 194 2870 et
219 2807 351 2888 reliqna,
378 2803 445 2887 ‘pro
472 2828 509 2871 ea
530 2809 758 2891 quinquaqinta
780 2807 863 2882 beros
885 2805 976 2872 dato'.
1021 2807 1123 2872 deberi
1144 2808 1174 2872 ei

166 2895 297 2976 teqatum
316 2893 428 2976 Ofilium
449 2893 622 2975 aneettius,
645 2898 716 2961 item
738 2901 765 2961 et
784 2894 884 2962 Seruii
907 2897 1061 2960 auditores
1078 2900 1173 2960 rettu-

165 2983 283 3058 lerunt;
299 2983 426 3064 perinde
442 2983 614 3049 habentium
632 3005 694 3050 esse
711 3006 748 3050 ae
765 2987 793 3050 si
806 3005 909 3050 servm
923 2984 1019 3049 atieui
1031 2990 1173 3050 mortuus

164 3076 221 3135 aut
240 3090 299 3152 pro
323 3091 355 3135 eo
378 3075 495 3136 eentum
518 3072 618 3154 teqata
639 3077 742 3138 essent.
786 3075 868 3155 quaet
888 3093 992 3138 oerum
1014 3077 1070 3155 eet,
1096 3073 1174 3155 quia

164 3157 213 3222 bis
245 3158 341 3224 verbis
371 3180 434 3224 nou
465 3161 519 3224 ctos
545 3162 627 3242 absa,
658 3163 711 3225 seit
732 3181 793 3242 qna
820 3164 886 3226 dote
908 3163 1041 3244 pecunia
1069 3162 1172 3245 teqata

163 3248 289 3311 uidetur.

410 3357 457 3417 De
478 3363 551 3418 ueste
574 3364 600 3418 et
620 3361 794 3421 uestimentis
816 3363 925 3435 teqatis.

253 3467 303 3532 29.
341 3468 379 3533 D.
399 3469 451 3550 32,
472 3467 545 3555 100,
563 3468 592 3534 2.
646 3470 815 3536 Iavolenus
843 3472 926 3536 libro
960 3472 1098 3537 seeundo
1132 3495 1171 3538 ox

164 3555 396 3640 posterioribus
423 3556 593 3624 Labeonis.
618 3595 657 3606 -
682 3557 798 3626 ‘Uuoei
824 3581 907 3624 meae
932 3565 1054 3646 uestem,
1081 3581 1172 3628 muu-
