2602 3906
430 223 455 272 6.
478 215 687 272 IAVOLENUS
704 215 851 272 PRISCUS
1077 217 1142 282 469

508 387 558 453 De
579 388 782 455 servitutibus.

229 504 278 569 13.
305 502 344 568 D.
360 503 389 587 8,
403 511 433 586 4,
447 502 477 568 5.
513 503 601 567 Idem
621 501 678 590 (so.
696 502 884 589 Iavolenus)
903 504 988 568 libro
1006 506 1146 571 secundo

137 592 427 678 Epistularum-
441 592 609 674 Proprium
626 592 726 656 sotum
743 594 895 658 vendendo
913 614 956 657 an
974 596 1147 659 seruitutem

137 683 231 746 tatem
253 682 412 764 iniunqere
428 683 565 764 possim*
578 686 614 745 ut
635 681 713 746 mitri
735 686 764 745 et
784 683 884 747 uicino
902 683 1037 748 seruiat?
1062 685 1147 747 simi-

139 772 209 836 titer
234 772 263 834 si
284 790 442 835 commuue
463 770 563 834 sotum
585 771 693 855 oendo,
719 775 755 834 ut
775 771 854 834 mihi
875 775 903 835 et
924 772 1003 836 socio
1025 774 1148 854 seruiat,

139 881 184 924 an
205 859 347 941 consequi
365 859 505 941 possim?

227 947 402 1034 Respondi:
424 949 596 1012 seruitutem
618 948 748 1030 recipere
768 948 835 1011 nisi
852 947 913 1011 sibi
933 969 1021 1013 nemo
1032 955 1147 1030 potest;

132 1038 266 1102 ‘adiectio
288 1040 392 1118 itaque
413 1037 509 1102 uicini
525 1057 585 1118 pro
607 1056 792 1120 superuacuo
814 1036 953 1100 habenda
975 1042 1027 1121 est,
1048 1040 1094 1102 ita
1113 1043 1150 1102 ut

137 1131 202 1191 tota
215 1127 346 1191 seruitus
359 1127 403 1191 ad
418 1146 495 1209 eum,
513 1127 568 1206 qui
584 1128 736 1209 receperit,
749 1127 910 1206 pertineat.
928 1127 1028 1190 sotum
1046 1130 1156 1191 autem

137 1235 296 1280 commuue
318 1217 469 1280 vendendo
491 1218 528 1278 ut
548 1213 626 1278 mitri
648 1219 676 1278 et
697 1215 776 1279 socio
798 1216 923 1298 seruiat,
947 1217 1064 1298 efficere
1085 1236 1149 1280 non

136 1323 276 1386 possum,
303 1304 378 1385 quia
404 1325 458 1385 per
484 1323 582 1367 unum
608 1305 725 1368 socium
753 1305 908 1368 communi
934 1305 997 1368 soto
1019 1305 1150 1370 seruitus

138 1393 266 1474 adquiri
287 1413 351 1456 non
369 1397 475 1472 potest.

229 1479 279 1546 14.
307 1480 346 1546 D.
362 1481 391 1564 8,
406 1482 435 1564 6,
454 1480 502 1545 15.
536 1479 626 1545 Idem
641 1480 698 1568 (sc.
713 1479 898 1564 Iavolenus)
913 1480 997 1545 libro
1012 1485 1149 1546 secundo

138 1569 372 1653 Epistularum.
389 1606 426 1616 -
447 1569 492 1654 Si,
515 1590 584 1634 oum
606 1571 736 1634 seruitus
755 1570 834 1633 miti
845 1589 904 1650 per
915 1571 1024 1651 piures
1035 1571 1151 1650 fundos

138 1659 306 1739 deberetur,
328 1660 463 1723 medium
483 1659 619 1740 fundum
641 1660 809 1740 adquisivi,
831 1678 954 1722 manere
975 1661 1150 1724 seruitutem

134 1752 225 1831 puto,
252 1749 327 1829 quia
354 1749 462 1812 totiens
487 1749 617 1812 seruitus
643 1749 857 1832 confunditur,
884 1749 1023 1829 quotiens
1044 1749 1092 1813 uti
1113 1769 1150 1812 ea

138 1837 169 1900 is
199 1837 242 1900 ad
271 1857 359 1917 quem
384 1837 541 1918 pertineat
570 1857 633 1901 uon
654 1840 769 1918 potest;
800 1837 898 1901 medio
924 1842 1026 1901 autem
1050 1837 1150 1918 fundo

138 1925 294 2006 adquisito
319 1930 415 2006 potest
440 1927 613 2005 consistere,
645 1931 681 1989 ut
700 1945 760 2008 per
783 1927 924 2006 primum
951 1932 979 1990 et
1004 1925 1149 1990 ultimum

138 2015 199 2079 iter
220 2014 372 2079 debeatur.

232 2102 280 2168 15.
311 2102 349 2166 D.
364 2103 394 2185 8,
412 2102 443 2186 5,
463 2103 513 2167 12.
558 2102 727 2167 Iavolenus
749 2103 833 2167 libro
858 2102 997 2168 secundo
1020 2102 1150 2186 Epistu-

139 2192 255 2256 larum.
277 2227 315 2237 —-
336 2192 400 2274 Epi
422 2194 472 2256 ius
494 2192 545 2256 itti
566 2213 628 2256 uon
651 2211 712 2257 esse
730 2193 816 2275 tiqna
833 2193 867 2256 in
880 2193 1031 2274 parietem
1049 2212 1150 2256 meum

137 2281 280 2345 immissu
297 2279 413 2345 habere.
454 2301 498 2344 an
514 2287 544 2345 et
560 2282 596 2346 de
611 2281 731 2363 futuris
748 2302 810 2346 non
828 2282 1027 2346 immittentis
1044 2301 1150 2346 caven·

140 2371 217 2435 dum
238 2369 303 2433 est?

227 2457 400 2539 Respondi:
424 2458 537 2522 iudicis
554 2459 656 2541 ospicio
674 2459 823 2524 contineri
835 2464 922 2542 puto,
939 2463 975 2522 ut
991 2459 1027 2522 de
1042 2457 1150 2539 futuro

139 2567 257 2629 quoque
279 2567 367 2628 opere
388 2549 489 2610 cauni
510 2547 622 2613 debeat.

555 2763 664 2824 Liber
686 2764 741 2824 III.

551 2874 601 2940 De
624 2875 737 2958 teqatis.

231 2991 282 3057 16.
308 2989 349 3056 D.
363 2993 393 3074 7,
410 2994 436 3073 1,
451 2990 504 3056 54.
544 2989 633 3055 Idem
659 2989 716 3075 (so.
738 2987 924 3074 Iavolenus)
948 2990 1033 3055 libro
1052 2991 1149 3054 tertio

138 3079 371 3163 Epistularum.
398 3116 435 3126 -
467 3078 531 3145 sao
562 3081 736 3145 condicione
764 3080 984 3159 ususfructus
1009 3079 1103 3160 fundi
1129 3099 1151 3144 a

138 3174 168 3234 te
190 3167 295 3234 herede
320 3169 401 3233 Titio
425 3170 541 3252 topatus
562 3173 614 3235 est.
647 3169 831 3250 infandum
849 3169 927 3233 mihi
944 3170 1106 3233 vendidisti
1122 3173 1152 3232 et

138 3255 347 3339 mancipastil
368 3259 501 3323 detracto
522 3278 582 3322 usu
601 3258 714 3339 fructu.
741 3279 867 3340 quaero,
889 3259 919 3322 si
940 3278 1001 3322 non
1020 3257 1152 3322 extiterit

138 3347 288 3430 condicio,
315 3351 373 3411 aut
397 3347 533 3412 extiterit
552 3354 583 3412 et
604 3348 723 3412 interiit
743 3367 818 3412 usus
838 3347 971 3430 fructus,
998 3348 1042 3412 ad
1062 3366 1151 3428 quem

133 3436 310 3520 pertineat·

212 3597 227 3645 1
250 3592 326 3648 Tuo.
344 3590 496 3647 tradidisti.
