2596 3902
524 205 548 254 7.
567 199 755 255 PROCULUS
1082 201 1144 266 117

419 360 469 427 De
491 361 650 428 uerborum
673 362 861 446 oblipatioue.

223 469 250 532 7.
274 466 313 533 D.
327 467 380 551 45,
396 470 424 552 1,
440 467 512 533 113.
557 467 715 533 Proculus
739 469 823 534 libro
848 469 987 535 seeundo
1011 468 1145 554 Epistu-

136 557 247 621 larum.
273 593 310 603 -
338 554 419 621 Cum
444 556 618 641 stipulatus
643 555 704 621 sim
727 558 817 643 mihi,
842 557 989 642 Procula,
1013 560 1041 623 si
1065 581 1144 644 opus

137 646 294 710 arbitratu
323 666 396 711 mea
425 651 499 710 ante
522 645 676 710 kalendas
700 645 810 710 lunias
835 647 981 712 effectum
1004 669 1069 712 non
1093 649 1145 732 sit,

137 755 282 818 poenam,
302 738 335 798 et
351 734 474 818 protuli
494 733 592 798 diem:
611 738 749 818 putasne
769 757 843 800 vere
861 757 912 800 me
930 757 1026 819 passe
1041 737 1145 801 dicere
1239 740 1241 744 ’

140 822 300 888 arbitratu
327 845 399 887 meo
428 845 508 907 opus
537 822 686 888 effectum
708 844 774 887 non
798 845 868 888 esse
892 828 968 889 anta
989 823 1145 890 kalendas

136 910 254 994 Iunias,
269 911 424 995 cumipse
439 911 574 976 arbitrio
590 933 661 976 meo
676 911 775 976 aliam
790 911 874 976 diem
889 913 978 997 operi
989 913 1145 979 laxiorem

136 999 298 1064 dederim?

226 1087 383 1153 Proculus
406 1086 586 1173 respondit:
609 1109 672 1154 uau
694 1090 760 1154 siue
781 1109 876 1154 eausa
897 1090 1145 1173 distiupueudum

134 1182 179 1242 est
206 1178 363 1261 iuteresse,
390 1183 496 1242 utrum
517 1198 576 1260 per
594 1179 814 1260 promissorem
836 1198 925 1243 mara
946 1198 1009 1243 uou
1029 1180 1147 1263 suisset,

138 1287 197 1348 quo
215 1267 321 1330 miuus
339 1285 414 1350 opus
432 1270 502 1331 aute
518 1266 665 1332 kalendas
682 1267 797 1332 quias
814 1268 867 1350 ita,
886 1269 934 1332 uti
950 1267 1147 1349 stipulatione
1258 1296 1263 1304 ·

139 1354 384 1437 comprehensum
406 1360 480 1439 erat,
497 1357 702 1439 perficeretur,
725 1377 777 1438 au,
800 1376 869 1420 aum
889 1357 955 1420 iam
973 1375 1048 1440 opus
1066 1356 1147 1437 effici

136 1464 199 1508 uou
230 1448 334 1526 posset
367 1448 437 1508 aute
467 1443 615 1508 kalendas
645 1444 773 1530 Iunias,
808 1445 971 1526 stipulatur
1001 1446 1081 1510 diem
1112 1446 1147 1509 iu

135 1532 283 1598 kalendas
309 1529 486 1615 Aupustus¹
506 1533 693 1614 protulisset.
738 1554 813 1598 uum
839 1534 868 1598 si
894 1537 960 1598 turm
987 1535 1068 1599 diem
1094 1535 1146 1598 sti·

130 1621 260 1702 pulatar
286 1621 430 1705 protulit,
462 1641 531 1686 arm
561 1622 629 1686 ium
658 1641 734 1704 opus
760 1627 831 1687 aute
857 1621 1006 1687 leutardus
1032 1622 1147 1707 Iunias

135 1709 215 1791 effici
242 1730 305 1774 mou
326 1714 461 1793 poterut,
486 1714 560 1791 putu
575 1730 710 1792 pomam
733 1730 794 1776 esse
816 1711 1008 1776 commissam
1030 1731 1084 1776 uer
1105 1713 1148 1776 ad

136 1819 198 1862 rem
215 1799 379 1881 pertimere,
402 1799 482 1881 quad
503 1799 629 1880 aliquod
646 1804 761 1881 tempus
779 1804 850 1864 aute
866 1799 1012 1865 kalendas
1030 1801 1146 1865 Iunias

134 1886 209 1968 suit,
245 1907 303 1970 queo
334 1887 499 1970 stipulator
528 1908 591 1952 uou
622 1889 804 1954 desiderauit
833 1889 868 1954 id
897 1893 968 1954 aute
998 1889 1146 1954 lraleudas

134 1975 250 2041 Iunius
272 1976 361 2059 efflei,
383 1977 419 2040 id
440 1980 484 2041 est
504 1997 562 2058 quo
585 1997 648 2042 uou
666 1982 710 2042 est
727 1978 897 2042 arbitratus
914 1982 950 2042 ut
965 1979 1051 2062 (ieret
1066 1979 1147 2060 quad

134 2063 203 2145 fieri
224 2085 288 2129 mou
304 2069 434 2146 poterat.
474 2070 531 2130 aut
551 2066 580 2130 si
601 2064 656 2130 luae
675 2066 793 2146 falsum
815 2071 867 2151 est,
889 2068 982 2131 etiam
1000 2068 1030 2132 si
1046 2068 1144 2148 stiput

135 2153 215 2218 lator
234 2154 342 2235 pridie
368 2153 515 2219 lraleudas
537 2153 651 2219 quias
676 2159 814 2220 mutuus
836 2160 921 2238 esset,
943 2176 1046 2239 poema
1068 2176 1144 2221 aom-

134 2243 229 2307 missu
247 2261 310 2306 uou
328 2247 410 2325 esset,
432 2244 578 2325 quoniam
596 2248 735 2309 mortuus
752 2244 903 2309 arbitrari
920 2265 983 2309 uou
999 2246 1144 2326 potuisse-

132 2335 161 2394 et
196 2331 324 2412 aliquod
354 2335 471 2412 tempuu
495 2336 568 2413 post
598 2337 724 2396 mortem
755 2334 821 2398 eius
852 2334 935 2414 uperi
961 2334 1145 2415 perficiendo

137 2419 342 2502 superfuisset.
396 2424 426 2484 et
452 2422 674 2503 propemodum
709 2422 802 2485 etiam
837 2423 866 2486 si
897 2426 968 2485 aute
998 2421 1146 2486 kalendas

135 2507 249 2572 Iunias
271 2505 402 2572 eertum²
424 2528 487 2574 esse
508 2511 604 2592 eoepit
620 2529 695 2592 opus
713 2514 784 2574 aute
801 2530 868 2574 eam
886 2510 967 2574 diem
984 2510 1066 2591 effici
1083 2530 1145 2574 rou

129 2616 233 2678 posse,
250 2616 352 2679 poena
374 2597 535 2663 commissa
557 2602 609 2662 est.

426 2737 476 2803 Da
497 2739 647 2821 emptioue
672 2738 850 2804 verditione.

221 2844 250 2910 8.
260 2842 699 2925 Ibid.§l.—Oumvenderet
709 2844 836 2929 aliquis,
846 2843 997 2930 promisit
1007 2845 1145 2929 emptori

136 2931 341 2998 fideiussores
364 2934 525 3018 praestari
548 2937 581 2998 et
603 2955 672 2998 rem
696 2933 859 3000 venditam
883 2933 1021 2998 liberari.
1063 2956 1146 3019 quae

137 3026 173 3086 ut
200 3022 368 3108 liberetur,
395 3043 480 3087 nunu
503 3022 665 3088 desiderat
689 3027 822 3107 emptor.
863 3023 897 3087 in
920 3044 1012 3087 mora
1036 3028 1086 3088 est
1108 3025 1146 3106 is,

136 3110 190 3196 qui
214 3133 252 3176 ea
276 3111 484 3195 stipulatione
507 3111 540 3175 id
563 3111 707 3176 futurum
726 3113 886 3196 promisit.
928 3133 1045 3196 quaero
1070 3112 1146 3197 quid

132 3199 212 3264 iuris
236 3199 288 3263 sit.

218 3287 374 3353 Proculus
405 3288 585 3371 respondit:
618 3291 700 3356 tauti
726 3291 809 3356 litem
837 3291 996 3356 aestimari
1023 3293 1146 3372 oportet,

132 3378 244 3457 prouti
266 3377 378 3442 actoris
399 3377 530 3443 interest.

203 3504 215 3551 1
237 3496 286 3553 Fl.
306 3497 433 3552 kalendis
450 3497 596 3568 Augustis.

201 3575 216 3623 2
236 3567 287 3624 Fi.
306 3567 438 3624 futurum.
