<?xml version="1.0" encoding="UTF-8"?>
<!DOCTYPE html PUBLIC "-//W3C//DTD XHTML 1.0 Transitional//EN"
    "http://www.w3.org/TR/xhtml1/DTD/xhtml1-transitional.dtd">
<html xmlns="http://www.w3.org/1999/xhtml" xml:lang="en" lang="en">
 <head>
  <title>
</title>
<meta http-equiv="Content-Type" content="text/html;charset=utf-8" />
  <meta name='ocr-system' content='tesseract 3.04.00' />
  <meta name='ocr-capabilities' content='ocr_page ocr_carea ocr_par ocr_line ocrx_word'/>
</head>
<body>
  <div class='ocr_page' id='page_1' title='image "./iurisprudentiae03bremgoog_0398.png"; bbox 0 0 2614 3912; ppageno 0'>
   <div class='ocr_carea' id='block_1_1' title="bbox 181 199 1161 268">
    <p class='ocr_par' dir='ltr' id='par_1_1' title="bbox 181 199 1161 268">
     <span class='ocr_line' id='line_1_1' title="bbox 181 199 1161 268; baseline -0.005 -9"><span class='ocrx_word' id='word_1_1' title='bbox 181 204 247 268; x_wconf 82' lang='lat'>368</span> <span class='ocrx_word' id='word_1_2' title='bbox 286 203 318 259; x_wconf 89' lang='lat' dir='ltr'>V.</span> <span class='ocrx_word' id='word_1_3' title='bbox 339 201 489 257; x_wconf 78' lang='lat' dir='ltr'><strong>NERVAE</strong></span> <span class='ocrx_word' id='word_1_4' title='bbox 509 201 556 255; x_wconf 85' lang='grc' dir='ltr'>ΕΤ</span> <span class='ocrx_word' id='word_1_5' title='bbox 574 201 727 256; x_wconf 71' lang='grc' dir='ltr'><strong>ΤΒΑΙΑΝΙ</strong></span> <span class='ocrx_word' id='word_1_6' title='bbox 744 200 849 256; x_wconf 87' lang='grc' dir='ltr'>ΤΕΜΡ.</span> <span class='ocrx_word' id='word_1_7' title='bbox 868 201 963 255; x_wconf 86' lang='lat' dir='ltr'>IURIS</span> <span class='ocrx_word' id='word_1_8' title='bbox 982 199 1161 256; x_wconf 83' lang='lat' dir='ltr'>CONSULTI</span> 
     </span>
    </p>
   </div>
   <div class='ocr_carea' id='block_1_2' title="bbox 178 365 1197 966">
    <p class='ocr_par' dir='ltr' id='par_1_2' title="bbox 178 365 1197 966">
     <span class='ocr_line' id='line_1_2' title="bbox 181 365 1195 452; baseline -0.003 -20"><span class='ocrx_word' id='word_1_9' title='bbox 181 367 323 452; x_wconf 86' lang='lat' dir='ltr'>scripsit,</span> <span class='ocrx_word' id='word_1_10' title='bbox 352 369 548 432; x_wconf 89' lang='lat' dir='ltr'>testamento</span> <span class='ocrx_word' id='word_1_11' title='bbox 576 365 659 430; x_wconf 91' lang='lat' dir='ltr'>liber</span> <span class='ocrx_word' id='word_1_12' title='bbox 687 387 755 430; x_wconf 88' lang='lat' dir='ltr'>esse</span> <span class='ocrx_word' id='word_1_13' title='bbox 782 366 903 448; x_wconf 88' lang='lat' dir='ltr'>iussus,</span> <span class='ocrx_word' id='word_1_14' title='bbox 932 386 1005 429; x_wconf 89' lang='lat' dir='ltr'>cum</span> <span class='ocrx_word' id='word_1_15' title='bbox 1034 385 1195 429; x_wconf 84' lang='lat' dir='ltr'>annorum</span> 
     </span>
     <span class='ocr_line' id='line_1_3' title="bbox 178 453 1197 542; baseline -0.004 -21"><span class='ocrx_word' id='word_1_16' title='bbox 178 456 315 542; x_wconf 83' lang='lat' dir='ltr'>triginta</span> <span class='ocrx_word' id='word_1_17' title='bbox 345 458 442 540; x_wconf 87' lang='lat' dir='ltr'>esset,</span> <span class='ocrx_word' id='word_1_18' title='bbox 474 458 647 540; x_wconf 87' lang='lat' dir='ltr'>antequam</span> <span class='ocrx_word' id='word_1_19' title='bbox 675 454 715 519; x_wconf 94' lang='lat' dir='ltr'>ad</span> <span class='ocrx_word' id='word_1_20' title='bbox 744 476 814 520; x_wconf 88' lang='lat' dir='ltr'>eam</span> <span class='ocrx_word' id='word_1_21' title='bbox 843 457 983 518; x_wconf 87' lang='lat' dir='ltr'>aetatem</span> <span class='ocrx_word' id='word_1_22' title='bbox 1011 453 1197 536; x_wconf 88' lang='lat' dir='ltr'>perveniret</span> 
     </span>
     <span class='ocr_line' id='line_1_4' title="bbox 181 543 1196 627; baseline -0.003 -18"><span class='ocrx_word' id='word_1_23' title='bbox 181 545 209 610; x_wconf 90' lang='lat' dir='ltr'>si</span> <span class='ocrx_word' id='word_1_24' title='bbox 231 547 265 609; x_wconf 93' lang='lat' dir='ltr'>in</span> <span class='ocrx_word' id='word_1_25' title='bbox 289 544 458 610; x_wconf 84' lang='lat' dir='ltr'>metallum</span> <span class='ocrx_word' id='word_1_26' title='bbox 481 543 654 610; x_wconf 81' lang='lat' dir='ltr'>damnatus</span> <span class='ocrx_word' id='word_1_27' title='bbox 674 543 718 608; x_wconf 88' lang='lat' dir='ltr'>sit</span> <span class='ocrx_word' id='word_1_28' title='bbox 736 565 773 608; x_wconf 86' lang='lat' dir='ltr'>ac</span> <span class='ocrx_word' id='word_1_29' title='bbox 791 545 906 627; x_wconf 89' lang='lat' dir='ltr'>postea</span> <span class='ocrx_word' id='word_1_30' title='bbox 924 547 1102 624; x_wconf 85' lang='lat' dir='ltr'>revocetur,</span> <span class='ocrx_word' id='word_1_31' title='bbox 1125 543 1196 608; x_wconf 89' lang='lat' dir='ltr'>sine</span> 
     </span>
     <span class='ocr_line' id='line_1_5' title="bbox 180 631 1196 718; baseline -0.001 -21"><span class='ocrx_word' id='word_1_32' title='bbox 180 632 383 700; x_wconf 76' lang='lat' dir='ltr'>dubitatione</span> <span class='ocrx_word' id='word_1_33' title='bbox 415 655 488 698; x_wconf 89' lang='lat' dir='ltr'>cum</span> <span class='ocrx_word' id='word_1_34' title='bbox 514 633 667 698; x_wconf 84' lang='lat' dir='ltr'>libertate</span> <span class='ocrx_word' id='word_1_35' title='bbox 694 634 838 718; x_wconf 80' lang='lat' dir='ltr'>legatum</span> <span class='ocrx_word' id='word_1_36' title='bbox 866 631 906 696; x_wconf 92' lang='lat' dir='ltr'>ad</span> <span class='ocrx_word' id='word_1_37' title='bbox 933 654 1006 696; x_wconf 91' lang='lat' dir='ltr'>eum</span> <span class='ocrx_word' id='word_1_38' title='bbox 1034 631 1196 714; x_wconf 87' lang='lat' dir='ltr'>pertinere</span> 
     </span>
     <span class='ocr_line' id='line_1_6' title="bbox 179 720 1197 806; baseline -0.003 -19"><span class='ocrx_word' id='word_1_39' title='bbox 179 744 283 806; x_wconf 90' lang='lat' dir='ltr'>neque</span> <span class='ocrx_word' id='word_1_40' title='bbox 311 721 520 787; x_wconf 84' lang='lat' dir='ltr'>metallorum</span> <span class='ocrx_word' id='word_1_41' title='bbox 546 744 651 806; x_wconf 90' lang='lat' dir='ltr'>poena</span> <span class='ocrx_word' id='word_1_42' title='bbox 677 721 728 786; x_wconf 90' lang='lat' dir='ltr'>ius</span> <span class='ocrx_word' id='word_1_43' title='bbox 757 721 824 786; x_wconf 88' lang='lat' dir='ltr'>eius</span> <span class='ocrx_word' id='word_1_44' title='bbox 853 720 985 804; x_wconf 82' lang='lat' dir='ltr'>mutari3</span> <span class='ocrx_word' id='word_1_45' title='bbox 1013 740 1072 784; x_wconf 90' lang='lat' dir='ltr'>neo</span> <span class='ocrx_word' id='word_1_46' title='bbox 1099 720 1197 804; x_wconf 87' lang='lat' dir='ltr'>aliud,</span> 
     </span>
     <span class='ocr_line' id='line_1_7' title="bbox 180 808 1196 894; baseline -0.002 -18"><span class='ocrx_word' id='word_1_47' title='bbox 180 812 208 876; x_wconf 90' lang='lat' dir='ltr'>si</span> <span class='ocrx_word' id='word_1_48' title='bbox 230 811 323 876; x_wconf 88' lang='lat' dir='ltr'>heres</span> <span class='ocrx_word' id='word_1_49' title='bbox 347 815 433 876; x_wconf 89' lang='lat' dir='ltr'>esset</span> <span class='ocrx_word' id='word_1_50' title='bbox 452 812 512 876; x_wconf 90' lang='lat' dir='ltr'>sub</span> <span class='ocrx_word' id='word_1_51' title='bbox 531 811 719 876; x_wconf 89' lang='lat' dir='ltr'>condicione</span> <span class='ocrx_word' id='word_1_52' title='bbox 738 809 921 894; x_wconf 81' lang='lat' dir='ltr'>institutus3</span> <span class='ocrx_word' id='word_1_53' title='bbox 945 809 1088 875; x_wconf 83' lang='lat' dir='ltr'>futurum</span> <span class='ocrx_word' id='word_1_54' title='bbox 1108 808 1196 874; x_wconf 90' lang='lat' dir='ltr'>enim</span> 
     </span>
     <span class='ocr_line' id='line_1_8' title="bbox 179 900 623 966; baseline 0.005 -2"><span class='ocrx_word' id='word_1_55' title='bbox 179 922 252 966; x_wconf 90' lang='lat' dir='ltr'>eum</span> <span class='ocrx_word' id='word_1_56' title='bbox 278 901 375 965; x_wconf 89' lang='lat' dir='ltr'>etiam</span> <span class='ocrx_word' id='word_1_57' title='bbox 398 900 623 966; x_wconf 89' lang='lat' dir='ltr'>necessarium.</span> 
     </span>
    </p>
   </div>
   <div class='ocr_carea' id='block_1_3' title="bbox 129 1003 1255 3489">
    <p class='ocr_par' dir='ltr' id='par_1_3' title="bbox 129 1003 1255 3489">
     <span class='ocr_line' id='line_1_9' title="bbox 270 1003 1195 1091; baseline -0.002 -19"><span class='ocrx_word' id='word_1_58' title='bbox 270 1009 298 1072; x_wconf 80' lang='lat'>7.</span> <span class='ocrx_word' id='word_1_59' title='bbox 322 1007 565 1091; x_wconf 78' lang='lat' dir='ltr'>D.40,7,29,1.</span> <span class='ocrx_word' id='word_1_60' title='bbox 607 1006 804 1090; x_wconf 84' lang='lat' dir='ltr'>Pomponius</span> <span class='ocrx_word' id='word_1_61' title='bbox 827 1003 912 1071; x_wconf 92' lang='lat' dir='ltr'>libro</span> <span class='ocrx_word' id='word_1_62' title='bbox 931 1008 1046 1070; x_wconf 85' lang='lat' dir='ltr'>octavo</span> <span class='ocrx_word' id='word_1_63' title='bbox 1068 1003 1195 1070; x_wconf 91' lang='lat' dir='ltr'>decimo</span> 
     </span>
     <span class='ocr_line' id='line_1_10' title="bbox 129 1091 1196 1182; baseline -0.003 -21"><span class='ocrx_word' id='word_1_64' title='bbox 129 1096 132 1101; x_wconf 77' lang='grc'><strong>’</strong></span> <span class='ocrx_word' id='word_1_65' title='bbox 180 1096 221 1161; x_wconf 90' lang='lat' dir='ltr'>ad</span> <span class='ocrx_word' id='word_1_66' title='bbox 258 1095 415 1173; x_wconf 80' lang='lat' dir='ltr'>Quintum</span> <span class='ocrx_word' id='word_1_67' title='bbox 449 1095 592 1161; x_wconf 90' lang='lat' dir='ltr'>Mucium</span> <span class='ocrx_word' id='word_1_68' title='bbox 624 1091 674 1182; x_wconf 89' lang='grc' dir='ltr'>(Ρ.</span> <span class='ocrx_word' id='word_1_69' title='bbox 697 1091 788 1182; x_wconf 78' lang='grc'>275).</span> <span class='ocrx_word' id='word_1_70' title='bbox 823 1131 860 1142; x_wconf 89' lang='grc'><strong>-</strong></span> <span class='ocrx_word' id='word_1_71' title='bbox 896 1092 1035 1170; x_wconf 75' lang='lat' dir='ltr'><strong>Quintus</strong></span> <span class='ocrx_word' id='word_1_72' title='bbox 1067 1091 1196 1160; x_wconf 90' lang='lat' dir='ltr'>Mucius</span> 
     </span>
     <span class='ocr_line' id='line_1_11' title="bbox 180 1180 1196 1270; baseline -0.004 -20"><span class='ocrx_word' id='word_1_73' title='bbox 180 1185 308 1251; x_wconf 89' lang='lat' dir='ltr'>scribit:</span> <span class='ocrx_word' id='word_1_74' title='bbox 332 1187 426 1270; x_wconf 87' lang='lat' dir='ltr'>pater</span> <span class='ocrx_word' id='word_1_75' title='bbox 447 1184 590 1249; x_wconf 81' lang='lat' dir='ltr'><strong>familias</strong></span> <span class='ocrx_word' id='word_1_76' title='bbox 609 1184 642 1248; x_wconf 92' lang='lat' dir='ltr'>in</span> <span class='ocrx_word' id='word_1_77' title='bbox 661 1186 856 1248; x_wconf 89' lang='lat' dir='ltr'>testamento</span> <span class='ocrx_word' id='word_1_78' title='bbox 876 1182 1050 1266; x_wconf 89' lang='lat' dir='ltr'>scripserat</span> <span class='ocrx_word' id='word_1_79' title='bbox 1069 1180 1110 1246; x_wconf 75' lang='lat' dir='ltr'>‘si</span> <span class='ocrx_word' id='word_1_80' title='bbox 1128 1182 1196 1247; x_wconf 83' lang='lat' dir='ltr'>An·</span> 
     </span>
     <span class='ocr_line' id='line_1_12' title="bbox 180 1271 1197 1354; baseline -0.003 -15"><span class='ocrx_word' id='word_1_81' title='bbox 180 1275 331 1340; x_wconf 86' lang='lat' dir='ltr'>dronicus</span> <span class='ocrx_word' id='word_1_82' title='bbox 356 1295 468 1339; x_wconf 87' lang='lat' dir='ltr'>servus</span> <span class='ocrx_word' id='word_1_83' title='bbox 492 1295 582 1338; x_wconf 89' lang='lat' dir='ltr'>meus</span> <span class='ocrx_word' id='word_1_84' title='bbox 605 1272 716 1337; x_wconf 88' lang='lat' dir='ltr'>heredi</span> <span class='ocrx_word' id='word_1_85' title='bbox 736 1293 808 1338; x_wconf 89' lang='lat' dir='ltr'>meo</span> <span class='ocrx_word' id='word_1_86' title='bbox 829 1271 953 1337; x_wconf 88' lang='lat' dir='ltr'>dederit</span> <span class='ocrx_word' id='word_1_87' title='bbox 971 1271 1090 1354; x_wconf 90' lang='lat' dir='ltr'>decem,</span> <span class='ocrx_word' id='word_1_88' title='bbox 1113 1271 1197 1336; x_wconf 89' lang='lat' dir='ltr'>liber</span> 
     </span>
     <span class='ocr_line' id='line_1_13' title="bbox 179 1360 1196 1447; baseline -0.004 -19"><span class='ocrx_word' id='word_1_89' title='bbox 179 1363 270 1429; x_wconf 89' lang='lat' dir='ltr'>esto&#39;.</span> <span class='ocrx_word' id='word_1_90' title='bbox 312 1362 424 1428; x_wconf 88' lang='lat' dir='ltr'>deinde</span> <span class='ocrx_word' id='word_1_91' title='bbox 448 1362 486 1427; x_wconf 92' lang='lat' dir='ltr'>de</span> <span class='ocrx_word' id='word_1_92' title='bbox 509 1361 560 1427; x_wconf 92' lang='lat' dir='ltr'>his</span> <span class='ocrx_word' id='word_1_93' title='bbox 584 1362 676 1427; x_wconf 92' lang='lat' dir='ltr'>bonis</span> <span class='ocrx_word' id='word_1_94' title='bbox 700 1365 851 1447; x_wconf 89' lang='lat' dir='ltr'>coeperat</span> <span class='ocrx_word' id='word_1_95' title='bbox 869 1360 1090 1426; x_wconf 86' lang='lat' dir='ltr'>controversie</span> <span class='ocrx_word' id='word_1_96' title='bbox 1108 1381 1196 1444; x_wconf 70' lang='lat' dir='ltr'>esse,</span> 
     </span>
     <span class='ocr_line' id='line_1_14' title="bbox 180 1448 1198 1538; baseline -0.003 -21"><span class='ocrx_word' id='word_1_97' title='bbox 180 1453 236 1538; x_wconf 90' lang='lat' dir='ltr'>qui</span> <span class='ocrx_word' id='word_1_98' title='bbox 264 1474 299 1517; x_wconf 91' lang='lat' dir='ltr'>se</span> <span class='ocrx_word' id='word_1_99' title='bbox 326 1453 397 1536; x_wconf 79' lang='lat' dir='ltr'>lege</span> <span class='ocrx_word' id='word_1_100' title='bbox 420 1451 571 1515; x_wconf 86' lang='lat' dir='ltr'>heredem</span> <span class='ocrx_word' id='word_1_101' title='bbox 595 1450 703 1516; x_wconf 88' lang='lat' dir='ltr'>aiebat</span> <span class='ocrx_word' id='word_1_102' title='bbox 726 1471 808 1531; x_wconf 89' lang='lat' dir='ltr'>esse,</span> <span class='ocrx_word' id='word_1_103' title='bbox 835 1451 863 1514; x_wconf 91' lang='lat' dir='ltr'>is</span> <span class='ocrx_word' id='word_1_104' title='bbox 887 1471 959 1514; x_wconf 89' lang='lat' dir='ltr'>eam</span> <span class='ocrx_word' id='word_1_105' title='bbox 981 1448 1198 1514; x_wconf 76' lang='lat' dir='ltr'>hereditatem</span> 
     </span>
     <span class='ocr_line' id='line_1_15' title="bbox 181 1537 1196 1625; baseline -0.006 -18"><span class='ocrx_word' id='word_1_106' title='bbox 181 1542 222 1607; x_wconf 91' lang='lat' dir='ltr'>ad</span> <span class='ocrx_word' id='word_1_107' title='bbox 246 1539 466 1624; x_wconf 87' lang='lat' dir='ltr'>sepertinere</span> <span class='ocrx_word' id='word_1_108' title='bbox 490 1539 631 1625; x_wconf 84' lang='lat' dir='ltr'>dicebat,</span> <span class='ocrx_word' id='word_1_109' title='bbox 658 1540 752 1624; x_wconf 88' lang='lat' dir='ltr'>alter,</span> <span class='ocrx_word' id='word_1_110' title='bbox 775 1539 831 1624; x_wconf 90' lang='lat' dir='ltr'>qui</span> <span class='ocrx_word' id='word_1_111' title='bbox 853 1537 1068 1605; x_wconf 78' lang='lat' dir='ltr'>hereditatem</span> <span class='ocrx_word' id='word_1_112' title='bbox 1090 1537 1196 1621; x_wconf 89' lang='lat' dir='ltr'>possi·</span> 
     </span>
     <span class='ocr_line' id='line_1_16' title="bbox 180 1623 1196 1714; baseline -0.004 -19"><span class='ocrx_word' id='word_1_113' title='bbox 180 1630 286 1714; x_wconf 87' lang='lat' dir='ltr'>debat,</span> <span class='ocrx_word' id='word_1_114' title='bbox 304 1629 413 1694; x_wconf 88' lang='lat' dir='ltr'>aicbat</span> <span class='ocrx_word' id='word_1_115' title='bbox 430 1632 625 1694; x_wconf 87' lang='lat' dir='ltr'>testamento</span> <span class='ocrx_word' id='word_1_116' title='bbox 646 1650 680 1693; x_wconf 93' lang='lat' dir='ltr'>se</span> <span class='ocrx_word' id='word_1_117' title='bbox 697 1627 849 1692; x_wconf 86' lang='lat' dir='ltr'>heredem</span> <span class='ocrx_word' id='word_1_118' title='bbox 867 1648 945 1692; x_wconf 89' lang='lat' dir='ltr'>esse.</span> <span class='ocrx_word' id='word_1_119' title='bbox 978 1623 1102 1692; x_wconf 68' lang='grc' dir='ltr'>οοπύνα1</span> <span class='ocrx_word' id='word_1_120' title='bbox 1122 1648 1196 1691; x_wconf 90' lang='lat' dir='ltr'>eum</span> 
     </span>
     <span class='ocr_line' id='line_1_17' title="bbox 181 1715 1196 1802; baseline -0.004 -19"><span class='ocrx_word' id='word_1_121' title='bbox 181 1719 343 1783; x_wconf 89' lang='lat' dir='ltr'>sententia</span> <span class='ocrx_word' id='word_1_122' title='bbox 366 1717 453 1783; x_wconf 90' lang='lat' dir='ltr'>dicta</span> <span class='ocrx_word' id='word_1_123' title='bbox 471 1722 549 1801; x_wconf 84' lang='lat' dir='ltr'>erat,</span> <span class='ocrx_word' id='word_1_124' title='bbox 573 1717 628 1802; x_wconf 90' lang='lat' dir='ltr'>qui</span> <span class='ocrx_word' id='word_1_125' title='bbox 646 1719 845 1782; x_wconf 84' lang='lat' dir='ltr'>testamento</span> <span class='ocrx_word' id='word_1_126' title='bbox 864 1716 972 1782; x_wconf 89' lang='lat' dir='ltr'>aiebat</span> <span class='ocrx_word' id='word_1_127' title='bbox 991 1737 1025 1782; x_wconf 87' lang='lat' dir='ltr'>se</span> <span class='ocrx_word' id='word_1_128' title='bbox 1043 1715 1196 1781; x_wconf 82' lang='lat' dir='ltr'>heredem</span> 
     </span>
     <span class='ocr_line' id='line_1_18' title="bbox 180 1804 1197 1891; baseline -0.002 -21"><span class='ocrx_word' id='word_1_129' title='bbox 180 1827 259 1871; x_wconf 88' lang='lat' dir='ltr'>esse.</span> <span class='ocrx_word' id='word_1_130' title='bbox 297 1805 413 1872; x_wconf 88' lang='lat' dir='ltr'>deinde</span> <span class='ocrx_word' id='word_1_131' title='bbox 436 1807 641 1872; x_wconf 77' lang='lat' dir='ltr'>Andronicus</span> <span class='ocrx_word' id='word_1_132' title='bbox 665 1805 847 1891; x_wconf 78' lang='lat' dir='ltr'>quaerebat,</span> <span class='ocrx_word' id='word_1_133' title='bbox 870 1805 898 1868; x_wconf 91' lang='lat' dir='ltr'>si</span> <span class='ocrx_word' id='word_1_134' title='bbox 920 1804 985 1888; x_wconf 89' lang='lat' dir='ltr'>ipsi</span> <span class='ocrx_word' id='word_1_135' title='bbox 1008 1804 1126 1890; x_wconf 81' lang='lat' dir='ltr'>viginti</span> <span class='ocrx_word' id='word_1_136' title='bbox 1145 1804 1197 1868; x_wconf 90' lang='lat' dir='ltr'>de·</span> 
     </span>
     <span class='ocr_line' id='line_1_19' title="bbox 180 1892 1196 1980; baseline -0.001 -22"><span class='ocrx_word' id='word_1_137' title='bbox 180 1895 294 1978; x_wconf 79' lang='lat' dir='ltr'>disset,</span> <span class='ocrx_word' id='word_1_138' title='bbox 327 1895 482 1980; x_wconf 88' lang='lat' dir='ltr'>quoniam</span> <span class='ocrx_word' id='word_1_139' title='bbox 513 1896 687 1960; x_wconf 89' lang='lat' dir='ltr'>secundum</span> <span class='ocrx_word' id='word_1_140' title='bbox 720 1917 794 1959; x_wconf 90' lang='lat' dir='ltr'>eum</span> <span class='ocrx_word' id='word_1_141' title='bbox 826 1893 986 1959; x_wconf 88' lang='lat' dir='ltr'>sententia</span> <span class='ocrx_word' id='word_1_142' title='bbox 1017 1892 1105 1959; x_wconf 90' lang='lat' dir='ltr'>dicta</span> <span class='ocrx_word' id='word_1_143' title='bbox 1137 1897 1196 1972; x_wconf 84' lang='lat' dir='ltr'>est,</span> 
     </span>
     <span class='ocr_line' id='line_1_20' title="bbox 180 1982 1197 2068; baseline -0.001 -20"><span class='ocrx_word' id='word_1_144' title='bbox 180 1983 350 2049; x_wconf 87' lang='lat' dir='ltr'>futurusne</span> <span class='ocrx_word' id='word_1_145' title='bbox 374 1988 460 2048; x_wconf 87' lang='lat' dir='ltr'>esset</span> <span class='ocrx_word' id='word_1_146' title='bbox 481 1983 564 2048; x_wconf 89' lang='lat' dir='ltr'>liber</span> <span class='ocrx_word' id='word_1_147' title='bbox 587 2006 629 2048; x_wconf 91' lang='lat' dir='ltr'>an</span> <span class='ocrx_word' id='word_1_148' title='bbox 652 1983 734 2048; x_wconf 91' lang='lat' dir='ltr'>nihil</span> <span class='ocrx_word' id='word_1_149' title='bbox 756 1982 905 2048; x_wconf 84' lang='lat' dir='ltr'>videatur</span> <span class='ocrx_word' id='word_1_150' title='bbox 928 1982 1103 2067; x_wconf 88' lang='lat' dir='ltr'>sententia,</span> <span class='ocrx_word' id='word_1_151' title='bbox 1132 2004 1197 2068; x_wconf 90' lang='lat' dir='ltr'>qua</span> 
     </span>
     <span class='ocr_line' id='line_1_21' title="bbox 179 2071 1196 2156; baseline -0.001 -19"><span class='ocrx_word' id='word_1_152' title='bbox 179 2072 272 2152; x_wconf 87' lang='lat' dir='ltr'>vicit,</span> <span class='ocrx_word' id='word_1_153' title='bbox 301 2071 341 2137; x_wconf 89' lang='lat' dir='ltr'>ad</span> <span class='ocrx_word' id='word_1_154' title='bbox 364 2094 435 2137; x_wconf 87' lang='lat' dir='ltr'>eam</span> <span class='ocrx_word' id='word_1_155' title='bbox 458 2093 527 2136; x_wconf 90' lang='lat' dir='ltr'>rem</span> <span class='ocrx_word' id='word_1_156' title='bbox 550 2071 678 2137; x_wconf 78' lang='lat' dir='ltr'>valere?</span> <span class='ocrx_word' id='word_1_157' title='bbox 724 2071 915 2156; x_wconf 86' lang='lat' dir='ltr'>&lt;respondit</span> <span class='ocrx_word' id='word_1_158' title='bbox 937 2071 1075 2155; x_wconf 81' lang='lat' dir='ltr'>valera&gt;</span> <span class='ocrx_word' id='word_1_159' title='bbox 1120 2093 1196 2156; x_wconf 91' lang='lat' dir='ltr'>qua·</span> 
     </span>
     <span class='ocr_line' id='line_1_22' title="bbox 179 2159 1196 2247; baseline 0 -23"><span class='ocrx_word' id='word_1_160' title='bbox 179 2166 315 2246; x_wconf 91' lang='lat' dir='ltr'>propter</span> <span class='ocrx_word' id='word_1_161' title='bbox 337 2159 365 2225; x_wconf 91' lang='lat' dir='ltr'>si</span> <span class='ocrx_word' id='word_1_162' title='bbox 389 2161 505 2247; x_wconf 82' lang='lat' dir='ltr'>viginti</span> <span class='ocrx_word' id='word_1_163' title='bbox 527 2161 639 2226; x_wconf 87' lang='lat' dir='ltr'>heredi</span> <span class='ocrx_word' id='word_1_164' title='bbox 661 2161 781 2245; x_wconf 90' lang='lat' dir='ltr'>scripto</span> <span class='ocrx_word' id='word_1_165' title='bbox 801 2160 942 2225; x_wconf 85' lang='lat' dir='ltr'>dedisset</span> <span class='ocrx_word' id='word_1_166' title='bbox 960 2165 993 2224; x_wconf 89' lang='lat' dir='ltr'>et</span> <span class='ocrx_word' id='word_1_167' title='bbox 1011 2181 1062 2224; x_wconf 90' lang='lat' dir='ltr'>res</span> <span class='ocrx_word' id='word_1_168' title='bbox 1081 2163 1196 2226; x_wconf 88' lang='lat' dir='ltr'>contra</span> 
     </span>
     <span class='ocr_line' id='line_1_23' title="bbox 179 2248 1195 2334; baseline -0.001 -19"><span class='ocrx_word' id='word_1_169' title='bbox 179 2271 400 2334; x_wconf 84' lang='lat' dir='ltr'>possessorem</span> <span class='ocrx_word' id='word_1_170' title='bbox 432 2249 574 2314; x_wconf 88' lang='lat' dir='ltr'>iudicata</span> <span class='ocrx_word' id='word_1_171' title='bbox 605 2254 704 2334; x_wconf 89' lang='lat' dir='ltr'>esset,</span> <span class='ocrx_word' id='word_1_172' title='bbox 734 2250 827 2314; x_wconf 92' lang='lat' dir='ltr'>illum</span> <span class='ocrx_word' id='word_1_173' title='bbox 860 2251 895 2313; x_wconf 90' lang='lat' dir='ltr'>in</span> <span class='ocrx_word' id='word_1_174' title='bbox 928 2249 1083 2314; x_wconf 86' lang='lat' dir='ltr'>servitute</span> <span class='ocrx_word' id='word_1_175' title='bbox 1115 2248 1195 2314; x_wconf 86' lang='lat' dir='ltr'>fore.</span> 
     </span>
     <span class='ocr_line' id='line_1_24' title="bbox 179 2335 1255 2424; baseline -0.002 -21"><span class='ocrx_word' id='word_1_176' title='bbox 179 2338 289 2405; x_wconf 88' lang='lat' dir='ltr'>Labeo</span> <span class='ocrx_word' id='word_1_177' title='bbox 321 2339 396 2421; x_wconf 88' lang='lat' dir='ltr'>hoc,</span> <span class='ocrx_word' id='word_1_178' title='bbox 428 2339 514 2424; x_wconf 88' lang='lat' dir='ltr'>quod</span> <span class='ocrx_word' id='word_1_179' title='bbox 542 2335 679 2414; x_wconf 81' lang='lat' dir='ltr'>Quintus</span> <span class='ocrx_word' id='word_1_180' title='bbox 707 2338 833 2406; x_wconf 88' lang='lat' dir='ltr'>Mucius</span> <span class='ocrx_word' id='word_1_181' title='bbox 866 2337 990 2420; x_wconf 88' lang='lat' dir='ltr'>scribit,</span> <span class='ocrx_word' id='word_1_182' title='bbox 1023 2338 1071 2403; x_wconf 88' lang='lat' dir='ltr'>ita</span> <span class='ocrx_word' id='word_1_183' title='bbox 1100 2341 1197 2422; x_wconf 90' lang='lat' dir='ltr'>putat</span> <span class='ocrx_word' id='word_1_184' title='bbox 1253 2359 1255 2364; x_wconf 92' lang='lat'>·</span> 
     </span>
     <span class='ocr_line' id='line_1_25' title="bbox 179 2426 1194 2513; baseline -0.003 -19"><span class='ocrx_word' id='word_1_185' title='bbox 179 2450 292 2495; x_wconf 80' lang='lat' dir='ltr'>verum</span> <span class='ocrx_word' id='word_1_186' title='bbox 315 2450 394 2511; x_wconf 90' lang='lat' dir='ltr'>esse,</span> <span class='ocrx_word' id='word_1_187' title='bbox 419 2428 503 2492; x_wconf 89' lang='lat' dir='ltr'>sire</span> <span class='ocrx_word' id='word_1_188' title='bbox 528 2449 603 2493; x_wconf 87' lang='lat' dir='ltr'>vera</span> <span class='ocrx_word' id='word_1_189' title='bbox 625 2429 698 2513; x_wconf 82' lang='lat' dir='ltr'>lege</span> <span class='ocrx_word' id='word_1_190' title='bbox 722 2427 762 2492; x_wconf 89' lang='lat' dir='ltr'>ab</span> <span class='ocrx_word' id='word_1_191' title='bbox 786 2428 940 2492; x_wconf 88' lang='lat' dir='ltr'>intestato</span> <span class='ocrx_word' id='word_1_192' title='bbox 963 2426 1057 2491; x_wconf 89' lang='lat' dir='ltr'>heres</span> <span class='ocrx_word' id='word_1_193' title='bbox 1080 2426 1194 2491; x_wconf 82' lang='lat' dir='ltr'>initis</span> 
     </span>
     <span class='ocr_line' id='line_1_26' title="bbox 180 2515 1194 2602; baseline -0.002 -20"><span class='ocrx_word' id='word_1_194' title='bbox 180 2519 236 2602; x_wconf 89' lang='lat' dir='ltr'>qui</span> <span class='ocrx_word' id='word_1_195' title='bbox 262 2518 353 2602; x_wconf 81' lang='lat' dir='ltr'>vicit3</span> <span class='ocrx_word' id='word_1_196' title='bbox 382 2539 460 2582; x_wconf 85' lang='lat' dir='ltr'>nam</span> <span class='ocrx_word' id='word_1_197' title='bbox 488 2517 515 2582; x_wconf 88' lang='lat' dir='ltr'>si</span> <span class='ocrx_word' id='word_1_198' title='bbox 539 2517 657 2582; x_wconf 85' lang='lat' dir='ltr'>iniuria</span> <span class='ocrx_word' id='word_1_199' title='bbox 679 2516 793 2582; x_wconf 89' lang='lat' dir='ltr'>iudicis</span> <span class='ocrx_word' id='word_1_200' title='bbox 816 2515 921 2581; x_wconf 81' lang='lat' dir='ltr'>victus</span> <span class='ocrx_word' id='word_1_201' title='bbox 945 2520 1031 2580; x_wconf 90' lang='lat' dir='ltr'>esset</span> <span class='ocrx_word' id='word_1_202' title='bbox 1054 2516 1194 2598; x_wconf 89' lang='lat' dir='ltr'>scriptus</span> 
     </span>
     <span class='ocr_line' id='line_1_27' title="bbox 180 2604 1195 2690; baseline -0.004 -18"><span class='ocrx_word' id='word_1_203' title='bbox 180 2630 274 2672; x_wconf 81' lang='lat' dir='ltr'>verus</span> <span class='ocrx_word' id='word_1_204' title='bbox 297 2607 390 2672; x_wconf 88' lang='lat' dir='ltr'>heres</span> <span class='ocrx_word' id='word_1_205' title='bbox 415 2628 454 2671; x_wconf 91' lang='lat' dir='ltr'>ex</span> <span class='ocrx_word' id='word_1_206' title='bbox 476 2610 684 2690; x_wconf 88' lang='lat' dir='ltr'>testamento,</span> <span class='ocrx_word' id='word_1_207' title='bbox 705 2604 810 2670; x_wconf 92' lang='lat' dir='ltr'>nihilo</span> <span class='ocrx_word' id='word_1_208' title='bbox 828 2605 936 2670; x_wconf 86' lang='lat' dir='ltr'>minus</span> <span class='ocrx_word' id='word_1_209' title='bbox 955 2626 1028 2670; x_wconf 89' lang='lat' dir='ltr'>eum</span> <span class='ocrx_word' id='word_1_210' title='bbox 1047 2604 1195 2687; x_wconf 89' lang='lat' dir='ltr'>paruisse</span> 
     </span>
     <span class='ocr_line' id='line_1_28' title="bbox 180 2692 1194 2763; baseline -0.006 -1"><span class='ocrx_word' id='word_1_211' title='bbox 180 2696 364 2763; x_wconf 89' lang='lat' dir='ltr'>condicioni</span> <span class='ocrx_word' id='word_1_212' title='bbox 388 2696 418 2761; x_wconf 89' lang='lat' dir='ltr'>ei</span> <span class='ocrx_word' id='word_1_213' title='bbox 440 2696 546 2761; x_wconf 90' lang='lat' dir='ltr'>dando</span> <span class='ocrx_word' id='word_1_214' title='bbox 570 2699 603 2760; x_wconf 91' lang='lat' dir='ltr'>et</span> <span class='ocrx_word' id='word_1_215' title='bbox 626 2696 762 2761; x_wconf 89' lang='lat' dir='ltr'>liberum</span> <span class='ocrx_word' id='word_1_216' title='bbox 785 2694 863 2760; x_wconf 89' lang='lat' dir='ltr'>fore.</span> <span class='ocrx_word' id='word_1_217' title='bbox 909 2692 964 2758; x_wconf 88' lang='lat' dir='ltr'>sed</span> <span class='ocrx_word' id='word_1_218' title='bbox 990 2693 1194 2759; x_wconf 85' lang='lat' dir='ltr'>verissimum</span> 
     </span>
     <span class='ocr_line' id='line_1_29' title="bbox 180 2781 1194 2870; baseline -0.004 -20"><span class='ocrx_word' id='word_1_219' title='bbox 180 2790 238 2869; x_wconf 89' lang='lat' dir='ltr'>est,</span> <span class='ocrx_word' id='word_1_220' title='bbox 255 2786 339 2870; x_wconf 90' lang='lat' dir='ltr'>quod</span> <span class='ocrx_word' id='word_1_221' title='bbox 355 2791 388 2850; x_wconf 87' lang='lat' dir='ltr'>et</span> <span class='ocrx_word' id='word_1_222' title='bbox 402 2785 514 2851; x_wconf 83' lang='lat' dir='ltr'>Aristo</span> <span class='ocrx_word' id='word_1_223' title='bbox 530 2783 624 2850; x_wconf 82' lang='lat' dir='ltr'>Celso</span> <span class='ocrx_word' id='word_1_224' title='bbox 639 2784 813 2868; x_wconf 78' lang='lat' dir='ltr'>rescripsit,</span> <span class='ocrx_word' id='word_1_225' title='bbox 827 2803 922 2867; x_wconf 90' lang='lat' dir='ltr'>posse</span> <span class='ocrx_word' id='word_1_226' title='bbox 936 2781 1006 2846; x_wconf 89' lang='lat' dir='ltr'>dari</span> <span class='ocrx_word' id='word_1_227' title='bbox 1020 2781 1194 2866; x_wconf 88' lang='lat' dir='ltr'>pecuniam</span> 
     </span>
     <span class='ocr_line' id='line_1_30' title="bbox 179 2870 1195 2958; baseline -0.004 -20"><span class='ocrx_word' id='word_1_228' title='bbox 179 2874 292 2940; x_wconf 89' lang='lat' dir='ltr'>heredi</span> <span class='ocrx_word' id='word_1_229' title='bbox 321 2874 362 2939; x_wconf 93' lang='lat' dir='ltr'>ab</span> <span class='ocrx_word' id='word_1_230' title='bbox 388 2873 560 2958; x_wconf 87' lang='lat' dir='ltr'>intestato,</span> <span class='ocrx_word' id='word_1_231' title='bbox 592 2874 766 2939; x_wconf 87' lang='lat' dir='ltr'>secundum</span> <span class='ocrx_word' id='word_1_232' title='bbox 794 2893 888 2956; x_wconf 91' lang='lat' dir='ltr'>quem</span> <span class='ocrx_word' id='word_1_233' title='bbox 918 2871 1080 2936; x_wconf 88' lang='lat' dir='ltr'>sententia</span> <span class='ocrx_word' id='word_1_234' title='bbox 1108 2870 1195 2935; x_wconf 88' lang='lat' dir='ltr'>dicta</span> 
     </span>
     <span class='ocr_line' id='line_1_31' title="bbox 180 2959 1194 3046; baseline -0.002 -20"><span class='ocrx_word' id='word_1_235' title='bbox 180 2965 239 3044; x_wconf 90' lang='lat' dir='ltr'>est,</span> <span class='ocrx_word' id='word_1_236' title='bbox 262 2963 416 3046; x_wconf 90' lang='lat' dir='ltr'>quoniam</span> <span class='ocrx_word' id='word_1_237' title='bbox 439 2963 492 3026; x_wconf 85' lang='lat' dir='ltr'>lex</span> <span class='ocrx_word' id='word_1_238' title='bbox 511 2962 678 3027; x_wconf 89' lang='lat' dir='ltr'>duodecim</span> <span class='ocrx_word' id='word_1_239' title='bbox 696 2960 882 3027; x_wconf 80' lang='lat' dir='ltr'>tabularum</span> <span class='ocrx_word' id='word_1_240' title='bbox 901 2959 1074 3043; x_wconf 89' lang='lat' dir='ltr'>emptionis</span> <span class='ocrx_word' id='word_1_241' title='bbox 1094 2959 1194 3024; x_wconf 81' lang='lat' dir='ltr'>verbo</span> 
     </span>
     <span class='ocr_line' id='line_1_32' title="bbox 180 3048 1195 3134; baseline -0.003 -20"><span class='ocrx_word' id='word_1_242' title='bbox 180 3071 309 3115; x_wconf 89' lang='lat' dir='ltr'>omnem</span> <span class='ocrx_word' id='word_1_243' title='bbox 341 3050 567 3115; x_wconf 86' lang='lat' dir='ltr'>alienationem</span> <span class='ocrx_word' id='word_1_244' title='bbox 600 3050 766 3134; x_wconf 85' lang='lat' dir='ltr'>complexa</span> <span class='ocrx_word' id='word_1_245' title='bbox 798 3050 972 3131; x_wconf 80' lang='lat' dir='ltr'>videretur3</span> <span class='ocrx_word' id='word_1_246' title='bbox 1004 3069 1070 3113; x_wconf 90' lang='lat' dir='ltr'>non</span> <span class='ocrx_word' id='word_1_247' title='bbox 1097 3048 1195 3112; x_wconf 88' lang='lat' dir='ltr'>inter-</span> 
     </span>
     <span class='ocr_line' id='line_1_33' title="bbox 180 3136 1193 3223; baseline -0.001 -21"><span class='ocrx_word' id='word_1_248' title='bbox 180 3159 264 3222; x_wconf 86' lang='lat' dir='ltr'>esse,</span> <span class='ocrx_word' id='word_1_249' title='bbox 292 3160 355 3223; x_wconf 87' lang='lat' dir='ltr'>quo</span> <span class='ocrx_word' id='word_1_250' title='bbox 383 3159 499 3223; x_wconf 85' lang='lat' dir='ltr'>genere</span> <span class='ocrx_word' id='word_1_251' title='bbox 527 3138 663 3222; x_wconf 89' lang='lat' dir='ltr'>quisque</span> <span class='ocrx_word' id='word_1_252' title='bbox 688 3137 836 3204; x_wconf 90' lang='lat' dir='ltr'>dominus</span> <span class='ocrx_word' id='word_1_253' title='bbox 860 3137 929 3203; x_wconf 89' lang='lat' dir='ltr'>eius</span> <span class='ocrx_word' id='word_1_254' title='bbox 952 3137 1043 3202; x_wconf 89' lang='lat' dir='ltr'>lieret</span> <span class='ocrx_word' id='word_1_255' title='bbox 1065 3141 1098 3202; x_wconf 88' lang='lat' dir='ltr'>et</span> <span class='ocrx_word' id='word_1_256' title='bbox 1120 3136 1193 3201; x_wconf 88' lang='lat' dir='ltr'>ideo</span> 
     </span>
     <span class='ocr_line' id='line_1_34' title="bbox 179 3225 1194 3312; baseline -0.002 -22"><span class='ocrx_word' id='word_1_257' title='bbox 179 3225 266 3291; x_wconf 92' lang='lat' dir='ltr'>hunc</span> <span class='ocrx_word' id='word_1_258' title='bbox 280 3248 406 3312; x_wconf 89' lang='lat' dir='ltr'>quoque</span> <span class='ocrx_word' id='word_1_259' title='bbox 421 3247 459 3291; x_wconf 89' lang='lat' dir='ltr'>ea</span> <span class='ocrx_word' id='word_1_260' title='bbox 473 3227 544 3311; x_wconf 85' lang='lat' dir='ltr'>lege</span> <span class='ocrx_word' id='word_1_261' title='bbox 558 3227 726 3310; x_wconf 80' lang='lat' dir='ltr'>contineri,</span> <span class='ocrx_word' id='word_1_262' title='bbox 741 3226 914 3293; x_wconf 86' lang='lat' dir='ltr'>secundum</span> <span class='ocrx_word' id='word_1_263' title='bbox 925 3247 1020 3311; x_wconf 89' lang='lat' dir='ltr'>quem</span> <span class='ocrx_word' id='word_1_264' title='bbox 1031 3225 1194 3291; x_wconf 89' lang='lat' dir='ltr'>sententia</span> 
     </span>
     <span class='ocr_line' id='line_1_35' title="bbox 180 3313 1194 3401; baseline -0.002 -21"><span class='ocrx_word' id='word_1_265' title='bbox 180 3315 268 3380; x_wconf 90' lang='lat' dir='ltr'>dicta</span> <span class='ocrx_word' id='word_1_266' title='bbox 291 3319 349 3400; x_wconf 89' lang='lat' dir='ltr'>est,</span> <span class='ocrx_word' id='word_1_267' title='bbox 372 3319 405 3380; x_wconf 87' lang='lat' dir='ltr'>et</span> <span class='ocrx_word' id='word_1_268' title='bbox 427 3315 565 3380; x_wconf 87' lang='lat' dir='ltr'>liberum</span> <span class='ocrx_word' id='word_1_269' title='bbox 587 3314 732 3380; x_wconf 79' lang='lat' dir='ltr'>futurum</span> <span class='ocrx_word' id='word_1_270' title='bbox 751 3337 832 3400; x_wconf 91' lang='lat' dir='ltr'>eum,</span> <span class='ocrx_word' id='word_1_271' title='bbox 855 3315 911 3401; x_wconf 90' lang='lat' dir='ltr'>qui</span> <span class='ocrx_word' id='word_1_272' title='bbox 929 3316 958 3380; x_wconf 88' lang='lat' dir='ltr'>ei</span> <span class='ocrx_word' id='word_1_273' title='bbox 977 3313 1119 3380; x_wconf 89' lang='lat' dir='ltr'>dedisset</span> <span class='ocrx_word' id='word_1_274' title='bbox 1140 3337 1194 3398; x_wconf 89' lang='lat' dir='ltr'>pe·</span> 
     </span>
     <span class='ocr_line' id='line_1_36' title="bbox 179 3403 1194 3489; baseline -0.003 -19"><span class='ocrx_word' id='word_1_275' title='bbox 179 3404 318 3470; x_wconf 89' lang='lat' dir='ltr'>cuniam.</span> <span class='ocrx_word' id='word_1_276' title='bbox 362 3403 448 3470; x_wconf 89' lang='lat' dir='ltr'>hunc</span> <span class='ocrx_word' id='word_1_277' title='bbox 472 3408 595 3488; x_wconf 87' lang='lat' dir='ltr'>autem,</span> <span class='ocrx_word' id='word_1_278' title='bbox 621 3403 654 3469; x_wconf 93' lang='lat' dir='ltr'>id</span> <span class='ocrx_word' id='word_1_279' title='bbox 678 3409 728 3469; x_wconf 88' lang='lat' dir='ltr'>est</span> <span class='ocrx_word' id='word_1_280' title='bbox 750 3426 968 3489; x_wconf 88' lang='lat' dir='ltr'>possessorem</span> <span class='ocrx_word' id='word_1_281' title='bbox 991 3403 1194 3486; x_wconf 88' lang='lat' dir='ltr'>hereditatis,</span> 
     </span>
    </p>
   </div>
   <div class='ocr_carea' id='block_1_4' title="bbox 253 3579 512 3636">
    <p class='ocr_par' dir='ltr' id='par_1_4' title="bbox 253 3579 512 3636">
     <span class='ocr_line' id='line_1_37' title="bbox 253 3579 512 3636; baseline 0.004 -2"><span class='ocrx_word' id='word_1_282' title='bbox 253 3589 265 3634; x_wconf 94' lang='lat'>1</span> <span class='ocrx_word' id='word_1_283' title='bbox 286 3579 335 3636; x_wconf 71' lang='grc' dir='ltr'>ΡΖ.</span> <span class='ocrx_word' id='word_1_284' title='bbox 353 3579 512 3636; x_wconf 88' lang='lat' dir='ltr'>secundum.</span> 
     </span>
    </p>
   </div>
   <div class='ocr_carea' id='block_1_5' title="bbox 0 0 1312 3912">
    <p class='ocr_par' dir='ltr' id='par_1_5' title="bbox 0 0 1312 3912">
     <span class='ocr_line' id='line_1_38' title="bbox 0 0 1312 3912; baseline 0 0"><span class='ocrx_word' id='word_1_285' title='bbox 0 0 1312 3912; x_wconf 95' lang='lat' dir='ltr'> </span> 
     </span>
    </p>
   </div>
  </div>
 </body>
</html>
