2596 3902
330 270 334 276 .
447 233 471 282 5.
495 226 632 282 SEXTUS
651 226 782 283 PEDIUS
1076 229 1117 293 97

192 392 224 456 2.
261 390 557 474 D.21,1,12,1.
617 389 778 474 Ulpianus
814 391 898 456 libro
934 392 1040 476 primo
1078 393 1119 456 ad

104 479 244 545 edictum
276 477 427 544 aedilium
455 480 613 545 curulium
642 478 693 566 (P.
714 475 834 566 1760‘).
864 517 901 527 -
932 480 1032 564 Eum,
1063 482 1119 566 qui

106 570 243 634 alterum
267 568 395 634 oculum
419 574 476 633 aut
496 569 631 633 alteram
651 568 817 634 maxillam
835 568 991 634 maiorem
1009 569 1119 651 habet,

106 658 132 722 si
158 662 245 723 recte
273 657 314 721 iis
341 660 464 741 utatur,
495 679 611 722 sanum
639 657 740 722 videri
768 657 884 722 Pedius
913 657 1039 742 scribit,
1072 659 1119 724 ait

106 746 190 810 enim
214 745 476 830 inaequalitatem
495 747 696 811 maxillarum
716 746 881 812 oculorum
900 746 1118 832 brachiorum,

107 836 133 899 si
154 834 240 899 nihil
264 857 302 899 ex
324 835 505 900 ministerio
526 835 721 920 praestando
741 834 912 913 subtrahit,
936 840 1028 900 extra
1046 837 1115 901 red·

106 924 299 988 bibitionem
322 944 401 988 esse.

193 1012 224 1077 3.
242 1009 345 1096 D.21,
356 1013 385 1096 1,
397 1013 447 1092 14,
455 1014 486 1078 4.
522 1009 681 1095 Ulpianus
700 1012 782 1077 libro
801 1012 905 1095 primo
922 1012 962 1077 ad
976 1014 1118 1078 edictum
1153 1069 1157 1078 .

107 1101 255 1166 aedilium
279 1101 437 1167 curulium
461 1097 510 1188 (P.
528 1101 651 1184 17602).
677 1137 714 1148 —
736 1148 766 1165 ..
789 1101 828 1165 de
852 1122 889 1166 eo
913 1101 968 1185 qui
991 1103 1117 1166 urinam

106 1189 183 1255 facit
206 1190 382 1275 quaeritur.
423 1193 456 1254 et
473 1189 590 1254 Pedius
614 1191 660 1254 ait
678 1211 747 1255 non
762 1189 803 1254 ob
823 1211 894 1254 eam
914 1211 981 1254 rem
1002 1212 1117 1255 sanum

106 1300 169 1344 non
197 1300 281 1362 esse,
310 1277 396 1362 quod
423 1280 459 1343 in
485 1279 568 1344 lecto
597 1300 711 1344 somno
738 1279 876 1362 vinoque
903 1299 1034 1363 pressus
1063 1284 1119 1344 aut

106 1369 202 1432 etiam
225 1367 361 1452 pigritia
382 1367 535 1453 surgendi
557 1368 683 1432 urinam
706 1368 817 1451 faciat,
842 1368 891 1431 sin
910 1370 1019 1432 autem
1038 1368 1118 1432 vitio

106 1462 229 1521 vesicae
258 1456 430 1521 collectum
457 1477 602 1522 umorem
626 1455 790 1522 continere
813 1478 879 1521 non
901 1459 1024 1541 potest,
1051 1478 1118 1522 non

106 1547 182 1630 quia
205 1545 331 1610 urinam
354 1545 387 1609 in
411 1545 496 1611 lecto
520 1544 608 1629 facit,
633 1544 686 1610 sed
711 1547 788 1629 quia
808 1545 959 1610 vitiosam
979 1546 1118 1611 vesicam

105 1633 218 1715 habet,
243 1632 404 1700 redhiberi
427 1655 533 1720 posse.

194 1721 226 1786 4.
248 1721 401 1804 Ibid.§5.
428 1759 465 1770 —
487 1722 576 1788 Idem
600 1723 656 1804 ait,
679 1723 707 1787 si
729 1744 793 1788 uva
816 1722 950 1787 alicuius
973 1723 1119 1806 praecisa

105 1813 157 1895 sit,
180 1811 296 1876 tollere
319 1811 424 1896 magis
449 1833 545 1895 quam
569 1816 733 1896 praestare
752 1811 1010 1896 redhibitionem,
1033 1812 1118 1898 quod

100 1899 236 1966 morbus
259 1901 422 1965 minuitur.

435 2043 485 2108 Dc
506 2044 595 2110 dictis
612 2044 786 2126 promissis.

194 2167 224 2232 ἴ).
247 2167 286 2232 D.
296 2168 350 2253 21,
361 2170 389 2251 1,
401 2169 441 2233 19
447 2191 493 2253 pr.
532 2166 690 2251 Ulpianus
705 2165 789 2231 libro
803 2166 906 2249 primo
921 2166 962 2232 ad
977 2165 1117 2232 edictum

106 2256 259 2321 aedilium
294 2257 452 2321 curulium
489 2253 540 2343 (P.
565 2253 691 2343 1764b).
723 2293 765 2302 -
878 2264 915 2321 ut
938 2305 972 2321 ..
1000 2255 1117 2321 Pedius

107 2343 227 2430 scribit,
245 2347 384 2410 multum
402 2346 544 2429 interest,
563 2345 810 2410 commendandi
829 2346 912 2410 servi
930 2366 1027 2410 causa
1041 2345 1117 2430 quid

106 2433 230 2516 dixerit,
248 2455 290 2497 an
308 2455 385 2499 vero
404 2439 695 2517 praestaturumse
713 2435 902 2518 promiserit
920 2433 1006 2519 quod
1026 2433 1115 2498 dixit.

193 2524 223 2588 6.
246 2520 285 2586 D.
295 2522 348 2606 21,
362 2523 450 2606 1,23,
460 2524 489 2589 9.
526 2522 685 2608 Ulpianus
699 2521 785 2587 libro
799 2524 905 2605 primo
920 2523 961 2586 ad
975 2521 1116 2586 edictum

106 2611 258 2676 aedilium
281 2612 439 2676 curulium
460 2608 510 2700 (P.
523 2608 632 2698 1772).
652 2647 694 2658 -
714 2609 796 2676 Oum
820 2610 1004 2675 redhibetur
1027 2631 1116 2673 man·

106 2701 239 2786 cipium,
268 2700 296 2765 si
320 2700 395 2783 quid
419 2700 459 2766 ad
483 2705 661 2785 emptorem
684 2699 833 2786 pervenit
855 2700 905 2764 vel
929 2699 1025 2782 culpa
1048 2699 1117 2762 eius

106 2811 169 2854 non
188 2790 343 2874 pervenit,
361 2790 489 2854 restitui
508 2793 645 2874 oportet,
663 2810 729 2854 non
746 2789 852 2852 solum
867 2788 894 2852 si
908 2787 978 2872 ipse
992 2786 1117 2851 fructus

105 2877 249 2963 percepit
276 2878 478 2944 mercedesve
505 2901 525 2942 a
553 2900 644 2943 servo
667 2878 718 2943 vel
741 2875 934 2942 conductore
958 2876 1044 2940 servi
1068 2898 1118 2941 ac·

105 2968 204 3051 cepit,
237 2967 292 3031 aed
325 2968 423 3031 etiam
456 2966 484 3032 si
516 2989 536 3032 a
568 2967 732 3031 venditore
764 2965 864 3030 fuerit
892 2965 1019 3046 idcirco
1040 2987 1119 3030 con-

106 3060 244 3134 secutus,
268 3055 354 3142 quod
376 3053 500 3121 tardius
524 3055 554 3120 ei
575 3055 740 3120 bominem
763 3054 916 3120 restitnit.
951 3055 1007 3120 sed
1031 3059 1065 3119 et
1089 3057 1117 3120 si

106 3165 125 3207 a
152 3145 266 3229 quovis
294 3145 359 3210 alio
386 3166 571 3228 possessore
599 3144 731 3210 fructus
752 3145 876 3228 accepit
898 3147 1038 3228 emptor,
1067 3166 1117 3208 re-

107 3232 240 3298 stituere
266 3255 321 3299 eos
344 3233 483 3299 debebit.
515 3233 570 3298 sed
594 3239 627 3297 et
649 3233 676 3298 si
700 3232 776 3317 quid
800 3233 962 3298 fructuum
984 3234 1117 3298 nomine
1187 3274 1191 3280 -

103 3325 297 3387 consecutus
334 3326 396 3407 est,
435 3322 468 3386 id
504 3325 663 3408 praestet;
703 3323 782 3387 item
820 3322 848 3386 si
885 3323 1027 3405 legatum
1065 3323 1116 3385 vel

106 3407 267 3476 hereditas
292 3433 383 3478 servo
407 3411 583 3477 obvenerit.
623 3432 727 3495 neque
745 3410 855 3492 refert,
876 3411 1020 3493 potuerit
1037 3408 1116 3473 haec

108 3501 258 3585 consequi
291 3500 440 3565 venditor
472 3522 512 3564 an
544 3521 609 3564 non
642 3499 798 3583 potuerit,
831 3499 858 3562 si
891 3518 1018 3561 servum
1051 3516 1117 3560 non
1241 3536 1244 3537 ν

33 3575 35 3642 l
108 3588 315 3673 vendidisset,
338 3611 497 3675 ponamus
521 3589 608 3653 enim
629 3588 727 3651 talem
752 3607 831 3668 esse,
854 3585 910 3667 qui
930 3603 1042 3665 capere
1062 3582 1118 3644 ali-

158 3701 253 3751 Iurlspr.
267 3703 386 3744 antebadr.
400 3702 450 3743 rell.
463 3702 498 3742 cd.
512 3701 613 3741 Bremer.
636 3699 668 3751 11,
677 3702 696 3740 2.
889 3689 904 3736 'l
