2602 3906
436 910 817 983 ADDITAMENTA.

229 1103 254 1167 1.
281 1101 498 1168 VETERUM
520 1101 799 1169 SENTENTIAE
823 1102 880 1168 ET
903 1101 1031 1170 LIBRI.

216 1266 280 1336 Quo
299 1268 387 1328 modo
406 1272 542 1328 veterum
560 1269 678 1328 nomine
698 1270 745 1328 usi
764 1271 834 1328 sunt
852 1269 1040 1345 posteriores
1061 1271 1133 1329 satis
1247 1343 1252 1350 Ι

123 1356 261 1416 indioant
283 1375 318 1416 ea
341 1375 416 1432 quae
440 1358 562 1417 subieoi.

213 1439 348 1505 ‘Veteres
363 1449 550 1522 interpretes,
565 1447 594 1506 S.
609 1447 713 1506 Aelius
727 1446 762 1506 L.
777 1445 891 1506 Acilius
906 1491 913 1504 .
929 1493 935 1506 .
952 1493 958 1506 .
973 1441 1134 1506 dixerunt'.

123 1533 183 1594 Cio.
208 1534 244 1594 de
264 1535 321 1613 leg.
342 1537 370 1608 2,
390 1538 441 1614 23,
463 1539 512 1596 59.

213 1617 324 1684 ‘Labeo
425 1625 506 1684 aeria
528 1627 559 1683 et
582 1642 686 1685 severa
713 1623 825 1683 iudicia
852 1625 888 1683 de
916 1624 1006 1685 furtis
1031 1625 1136 1684 habita

122 1730 187 1772 esse
216 1713 296 1788 apud
318 1715 434 1772 veteres
463 1713 583 1790 scripsit
605 1713 693 1790 idque
716 1713 846 1773 Brutum
869 1713 992 1775 solitum
1016 1708 1133 1774 dioere'.

125 1799 201 1860 Geli.
227 1804 244 1861 6
280 1803 319 1862 15
347 1806 375 1860 1.

213 1847 332 1950 ‘A'taui
356 1890 462 1966 Capito
486 1934 536 1951 ...
556 1893 644 1965 putat
657 1890 771 1950 dietum
786 1891 859 1968 quia
878 1895 993 1951 veteres
1013 1911 1052 1950 an
1079 1911 1134 1968 pro

123 1978 235 2037 oiroum
253 1998 364 2055 ponere
384 1981 529 2058 solebant,
551 1981 587 2038 ut
605 1973 701 2039 Ga'to’.
745 1979 873 2039 Maerob.
899 1980 961 2040 Sat.
986 1985 1014 2057 1,
1037 1983 1087 2056 14,
1106 1983 1134 2041 5.

213 2060 362 2143 ‘Veteres
394 2069 493 2146 inquit
526 2061 578 2150 (se.
611 2068 720 2128 Ateius
752 2060 886 2150 Capito),
918 2089 978 2128 non
1011 2072 1134 2129 ornatus

122 2173 214 2216 eausa
374 2159 498 2217 anulum
539 2175 638 2216 seeum
675 2153 942 2218 circumferebant'.
1006 2157 1134 2217 Macrob.

124 2243 187 2303 Sat.
213 2248 241 2321 7,
268 2247 317 2321 13,
342 2248 392 2304 11.

214 2327 269 2392 ‘aii
297 2327 350 2414 (so.
383 2334 534 2393 Masurius
563 2327 705 2415 Sabinus)
733 2335 892 2412 plerosque
920 2335 994 2394 iuris
1026 2335 1135 2394 veteris

125 2425 262 2482 auctores
363 2417 536 2498 scripsisse'.
582 2421 657 2482 Geli.
682 2426 711 2498 5,
736 2426 786 2495 19,
811 2426 859 2482 14.

212 2510 354 2586 Pompon.
378 2512 412 2572 D.
434 2514 485 2589 35,
509 2513 538 2585 2,
562 2513 601 2570 31
628 2505 803 2571 ‘seeundum
827 2509 923 2571 Cassii
946 2515 977 2570 et
999 2513 1136 2571 veterum

123 2618 293 2748 opffllqlfiglgl
303 2646 421 2751 totores
441 2689 626 2748 existimasse
645 2689 825 2764 Pomponius
840 2688 946 2765 refert;
970 2689 1022 2747 sed
1042 2686 1135 2747 Gaius

123 2775 245 2836 Cassius
345 2771 437 2837 dioit'.
483 2777 519 2839 D.
544 2779 573 2853 2,
596 2780 626 2856 4,
649 2779 679 2852 4,
704 2779 721 2835 2
746 2776 815 2854 Ulp.

214 2865 279 2926 Gai.
304 2870 336 2940 1,
363 2869 425 2927 188
454 2861 582 2927 ‘veteres
611 2867 826 2926 dubitaverunt
933 2865 1054 2943 quidam

124 2955 273 3028 dixerunt,
288 2959 332 3066 ,ut
355 2955 388 3025 Q.
406 2955 531 3033 Munius,
554 2955 607 3014 alii
626 3001 632 3014 .
649 2998 677 3014 ..
697 2957 732 3014 ut
751 2955 812 3014 Ser.
834 2954 993 3032 Sulpicius,
1012 2954 1065 3014 alii

123 3046 159 3102 ut
177 3044 286 3103 Labeo.

213 3132 282 3209 Ulp.
306 3134 340 3192 D.
367 3136 396 3210 7,
420 3135 449 3210 8,
475 3136 525 3212 10,
545 3136 563 3192 2
588 3128 680 3209 ‘apud
702 3136 818 3193 veteres
838 3133 1008 3211 quaesitum
1028 3136 1085 3208 est,
1106 3137 1137 3194 et

124 3221 257 3281 Rutilius
281 3267 332 3281 ...
356 3217 419 3282 ait'.

213 3309 283 3422 ,Ulp.
314 3310 350 3370 D.
377 3314 427 3389 12,
451 3313 480 3385 5,
506 3315 524 3372 6
556 3305 697 3371 ‘Sabinus
720 3311 860 3386 probavit
883 3314 1019 3370 veterum
1043 3309 1136 3386 opini-

125 3417 232 3459 onem.

215 3488 284 3564 Ulp.
326 3488 362 3548 D.
393 3491 441 3562 17,
472 3491 500 3567 2,
525 3491 636 3562 52,18
661 3483 754 3562 ‘apud
776 3491 892 3548 veteres
915 3489 1134 3546 tractatur...

128 3580 159 3636 et
182 3576 342 3638 Atilicinus
367 3572 492 3638 Sabinus
517 3575 637 3636 Cassius
660 3570 895 3651 responderunt’.
