2590 3902
427 213 453 261 9.
472 205 622 262 CAELIUS
642 205 795 260 SABINUS
1051 209 1117 273 253

20 385 22 440 1
107 393 178 436 eum
207 369 358 436 dominus
385 370 564 453 reciperare
591 391 656 434 non
680 369 796 454 possit,
824 370 991 455 multoque
1014 373 1118 456 magis

106 460 197 525 illum
219 458 395 545 fugitivum
418 479 489 523 esse
512 459 569 542 qui
591 481 630 523 eo
653 480 688 523 se
711 459 870 543 conferat,
894 461 979 525 unde
1003 462 1120 527 abduei

106 571 170 615 non
192 548 308 632 possit.

195 638 248 702 16.
272 637 311 702 D.
325 637 403 702 ibid.
417 638 437 718 ξ
453 636 505 702 15.
523 672 567 683 -
587 636 682 719 Apud
706 633 850 701 Caelium
875 638 1033 721 seriptum
1057 643 1120 705 est:

107 726 216 791 liberti
240 726 326 810 apud
344 729 517 810 patronum
535 725 715 789 habitantis
735 725 791 808 sio,
813 730 849 791 ut
868 727 928 792 sub
946 749 1013 792 una
1031 729 1121 794 clave

107 820 178 880 tota
206 815 275 878 eius
298 815 458 880 habitatio
482 818 581 898 esset,
610 835 720 878 servus
744 836 783 879 ea
805 819 913 879 mente
936 837 977 880 ne
1001 818 1121 883 rediret

108 904 147 969 ad
178 925 268 984 eum,
305 907 403 968 extra.
427 902 663 968 habitationem
696 903 806 967 liberti
836 902 912 982 fuit,
945 904 1000 968 red
1034 907 1121 971 intra

109 993 202 1058 aedes
224 993 366 1076 patroni,
389 995 422 1056 et
444 995 515 1057 tota
538 996 632 1058 noete
656 991 799 1057 oblituit:
823 990 925 1056 videri
949 1015 1019 1058 esse
1038 994 1121 1082 fugi-

107 1081 209 1146 tivum
230 1079 359 1146 (laelius
383 1083 439 1146 ait.
483 1081 578 1164 plane
602 1081 631 1146 si
652 1081 751 1145 talem
774 1081 954 1146 custodiam
974 1105 1012 1146 ea
1029 1083 1121 1148 habi-

108 1170 190 1236 tatio
213 1192 283 1236 non
305 1170 419 1234 habuit
442 1172 476 1234 et
497 1169 532 1234 in
555 1191 594 1234 ea
616 1169 698 1234 cella
721 1168 857 1235 libertus
875 1169 1047 1250 habitavit,
1070 1173 1122 1237 oui

108 1281 278 1325 commune
311 1263 343 1322 et
369 1259 590 1342 promiscuum
617 1259 761 1343 plurium
788 1259 943 1324 cellarum
970 1260 1034 1323 iter
1061 1265 1121 1344 est,

109 1352 221 1414 eontra
243 1348 370 1432 plaeere
395 1347 511 1413 debere
534 1344 662 1412 Caelius
687 1349 735 1412 ait
758 1351 790 1411 et
813 1347 920 1414 Labeo
943 1349 1069 1434 probat

99 1507 103 1516 ¹
195 1441 233 1503 ef.
253 1442 398 1502 Proeulna
421 1440 458 1503 D.
473 1445 524 1520 21,
542 1445 570 1518 1,
586 1445 636 1519 17,
651 1444 672 1501 4
687 1460 779 1518 supra
792 1463 820 1519 p.
837 1444 909 1504 108.

199 1544 250 1608 17.
279 1543 320 1610 D.
333 1543 444 1624 ibid.§
461 1543 512 1608 16.
535 1579 578 1590 —
601 1542 692 1608 Idem
715 1541 843 1610 Caelius
868 1545 914 1609 ait
936 1566 1064 1610 servum
1087 1545 1122 1609 in

109 1632 309 1716 provinciam
329 1633 465 1698 missum
483 1655 503 1697 a
522 1632 663 1715 domino,
685 1654 759 1698 eum
779 1655 850 1697 eum
871 1638 1033 1698 mortuum
1052 1655 1122 1698 esse

109 1726 140 1786 et
158 1724 357 1786 testamento
378 1743 411 1786 se
430 1721 567 1786 liberum
587 1720 736 1785 relietum
755 1721 898 1787 audisset
917 1729 948 1787 et
962 1724 995 1787 in
1011 1723 1123 1788 eodem

110 1810 216 1875 officio
249 1811 484 1894 permansisset
514 1814 705 1894 tantumque
734 1832 792 1893 pro
821 1811 921 1877 libero
951 1833 984 1876 se
1013 1833 1123 1897 gerere

109 1900 279 1983 coepisset,
297 1899 383 1964 hune
401 1921 466 1964 non
484 1920 555 1963 esse
576 1899 763 1984 fugitivum3
782 1920 836 1966 nee
854 1902 937 1966 euim
954 1903 1124 1968 mentiendo

109 2009 141 2054 se
163 1988 305 2073 liberum,
326 1987 443 2072 inquit,
464 1987 615 2072 sapidiores
637 2008 699 2054 esse
721 1990 825 2076 eoepit,
847 1991 922 2073 quio
944 1992 1012 2056 sine
1030 1993 1125 2076 suque

109 2077 236 2143 oonsilio
259 2079 295 2142 id
313 2076 394 2157 feeit.
1205 2134 1209 2142 .

199 2166 251 2232 18.
274 2165 313 2229 D.
327 2167 381 2248 21,
397 2169 426 2250 1,
440 2164 492 2249 65,
507 2167 537 2231 2.
573 2165 751 2231 Venuleius
774 2167 858 2232 libro
881 2169 993 2253 quinto
1014 2170 1124 2235 Aetio-

108 2276 186 2320 num
215 2252 267 2342 (P.
284 2250 330 2342 2).
353 2291 396 2301 -
420 2253 539 2320 Servus
567 2263 636 2319 tarn
663 2260 827 2321 veterator
854 2279 950 2341 quam
978 2259 1125 2323 novicius

110 2343 173 2409 diei
197 2345 317 2428 potest.
354 2343 408 2408 sed
429 2347 644 2409 veteratorem
663 2366 730 2410 non
749 2345 856 2428 spatio
876 2346 1046 2431 serviendi,
1069 2346 1125 2412 sed

109 2454 228 2518 genere
257 2437 291 2496 et
318 2454 417 2498 eausa
444 2433 681 2498 aestimandum
705 2431 833 2499 Caelius
861 2435 921 2519 ait3
948 2455 1026 2498 nam
1055 2437 1124 2521 qui-

111 2543 249 2605 cumque
279 2543 318 2584 ex
347 2521 504 2588 venalioio
532 2523 733 2587 noviciorum
761 2527 887 2606 emptus
912 2522 1008 2587 alicui
1032 2525 1124 2588 mini·

110 2611 210 2676 sterio
230 2611 435 2694 praepositus
455 2611 507 2694 sit,
531 2611 643 2676 statim
662 2632 734 2675 eum
754 2615 972 2676 veteratorum
991 2632 1125 2678 numero

110 2721 193 2783 esse,
226 2699 388 2764 novicium
416 2702 525 2766 autem
552 2722 617 2765 non
645 2699 794 2765 tirocinio
823 2699 934 2782 enimi,
967 2700 1023 2765 sed
1052 2721 1125 2765 eon·

110 2789 235 2854 dieione
274 2788 441 2853 servitutis
476 2788 633 2874 intellegi.
686 2809 745 2853 neo
782 2788 822 2853 ad
856 2810 925 2852 rem
957 2788 1126 2873 pertinere,

18 2897 19 2902 ’
110 2877 227 2943 Latine
256 2879 339 2942 sciat
364 2899 423 2942 neo
446 2899 500 2961 ne,
526 2877 603 2942 neo1
626 2877 668 2942 ob
691 2877 725 2941 id
747 2881 962 2943 veteratorem
986 2900 1069 2961 esse,
1097 2880 1126 2943 si

110 2965 301 3031 liberalibus
326 2965 440 3030 studiis
465 2966 609 3032 eruditus
634 2967 685 3031 sit.

202 3053 253 3120 19.
287 3052 370 3119 Gell.
389 3055 419 3137 6,
437 3055 467 3138 4,
488 3056 581 3121 1-3,
613 3092 651 3103 -
680 3055 834 3122 Pilleatos
867 3077 977 3121 servos
1009 3079 1125 3122 venum

18 3213 19 3228 ,
113 3144 229 3209 solitos
257 3143 317 3226 ire,
347 3165 484 3228 quorum
509 3145 639 3210 nomine
663 3144 810 3210 venditor
832 3144 914 3209 nihil
938 3150 1127 3231 praestaret,

18 3243 19 3304 ξ
114 3229 243 3298 (laelius
268 3229 408 3297 Sabinus
432 3232 658 3318 iurisperitus
682 3234 836 3319 seriptum
860 3235 999 3320 reliquit.
1036 3235 1126 3300 ouius

18 3395 20 3420 .
114 3321 160 3386 rei
178 3343 309 3388 oausam
325 3342 394 3387 esse
410 3322 465 3405 ait,
480 3323 565 3406 quod
582 3322 739 3389 eiusmodi
753 3322 951 3389 condicionis
965 3323 1127 3407 mancipia

18 3435 20 3520 p
115 3408 253 3496 insignia
273 3432 343 3475 esse
361 3410 396 3474 in
416 3410 584 3476 vendundo
604 3411 766 3495 deberent,
784 3415 821 3476 ut
840 3416 1001 3495 emptores
1019 3432 1127 3475 errare

186 3591 199 3640 1
220 3585 268 3642 Fu.
287 3601 361 3640 narn.
