2580 3900
160 217 222 281 178
238 216 286 272 III.
297 215 374 271 GAII
385 213 532 270 CLAUDII
541 213 678 270 NERON.
689 211 832 269 GALBAE
844 211 951 268 TEMP.
961 211 1057 268 IURIS
1065 210 1170 268 CONS.

158 405 230 444 num
257 383 461 443 aminoribus
484 381 594 461 viginti
618 381 703 442 annis
727 381 854 442 dominis
877 380 974 457 possit
996 380 1076 456 apud
1099 399 1169 440 con·

159 473 260 532 silium
282 471 467 548 manumitti,
490 472 618 531 fortasse
643 470 805 531 secundum
828 469 976 536 Urseium.

464 659 515 730 De
537 661 637 744 operte
660 659 862 730 libertorum?

249 778 300 843 14.
324 775 361 841 D.
376 777 430 860 44,
444 775 474 859 5,
491 778 518 856 1,
534 776 585 841 10.
621 774 780 859 Ulpianus
802 775 886 839 libro
905 774 1169 859 septuagensimo

160 870 251 930 sexto
276 866 316 930 ad
338 865 475 930 edictum
496 863 544 952 (P.
560 863 670 949 1684).
690 900 731 910 -
751 865 824 928 ..si
842 868 997 946 patronus
1016 863 1170 929 libertum

161 978 254 1020 suum
287 953 485 1039 delegaverit
517 953 680 1036 creditori,
714 974 755 1016 an
787 953 939 1018 adversus
968 952 1171 1036 creditorem,

160 1044 212 1109 eui
236 1044 405 1128 delegatus
428 1043 579 1128 promisit
601 1042 699 1106 libert
700 1043 764 1106 atis
788 1063 884 1106 causa
903 1041 1092 1126 onerandae,
1115 1063 1166 1105 ex·

160 1133 306 1218 ceptione
324 1133 389 1197 ista
408 1129 466 1218 (se.
481 1131 661 1198 onerandae
681 1129 842 1195 libertatis
862 1125 973 1216 causa)
992 1129 1041 1194 uti
1054 1091 1170 1215 possit,

158 1223 334 1287 videamus.
372 1224 404 1285 et
419 1217 583 1285 Oassium¹
598 1220 799 1284 existimasse
813 1216 947 1283 Urseius
959 1218 1058 1282 refer
1072 1218 1172 1283 eredi-

157 1315 263 1376 torem
285 1310 413 1394 quidem
440 1309 572 1373 minime
600 1329 670 1372 esse
698 1307 951 1373 submovendum
975 1307 1172 1391 exceptione,

159 1401 235 1485 quia
253 1421 346 1464 suum
361 1398 494 1482 recepit3
512 1401 734 1462 verumtamen
754 1396 908 1461 libertum
922 1399 1060 1479 patrono
1073 1417 1170 1480 posse

159 1488 340 1572 condicere,
374 1487 402 1551 si
433 1507 499 1550 non
532 1485 759 1570 transigendae
791 1485 1030 1550 controversiae
1062 1488 1137 1569 grat
1138 1484 1171 1548 ia

158 1575 192 1642 id
215 1577 302 1642 fecit.

409 1716 410 1754 3
521 1679 572 1748 De
594 1681 811 1748 commuuione.

251 1795 300 1862 15.
329 1795 369 1860 D.
386 1797 437 1881 10,
450 1798 480 1878 2,
496 1797 592 1880 52ρι.
634 1794 723 1861 Idem
746 1792 805 1883 (se.
828 1791 990 1881 Iulianus)
1014 1794 1099 1859 libro
1123 1817 1171 1860 sc·

160 1885 263 1951 cundo
289 1884 329 1949 ad
348 1884 498 1951 Urseium
516 1884 669 1950 Ferocem
692 1883 741 1972 (P.
757 1881 846 1969 896).
870 1919 912 1929 -
936 1881 1091 1964 Maevius,
1115 1886 1171 1968 qui

159 1996 220 2039 nos
243 1974 376 2039 heredes
399 1974 489 2058 fecit,
515 1995 583 2038 rem
607 1994 810 2039 communem
833 1971 950 2036 habuit
972 1993 1046 2036 oum
1067 1973 1170 2039 At.tic

161 2062 188 2128 si
217 2084 289 2127 cum
312 2062 405 2128 Α11ιο
431 2063 594 2127 communi
619 2062 793 2128 dividundo
817 2061 997 2163 egissemus
1021 2065 1054 2126 et
1076 2062 1171 2126 nobis

161 2174 199 2216 ee
229 2173 281 2216 res
315 2151 498 2216 adiudicata
525 2155 630 2234 esset,
662 2155 831 2232 venturam
864 2171 935 2214 eam
967 2150 1002 2213 in
1028 2149 1172 2216 familiae

159 2240 365 2305 erciscundae
389 2240 507 2306 iudicio
524 2202 687 2306 Procillus
711 2240 766 2304 ait

252 2348 302 2415 16.
337 2347 418 2412 Ibid
446 2349 589 2428 §2-
624 2347 758 2412 Arbiter
794 2346 936 2412 familiae
968 2345 1174 2411 erciscundae

160 2438 246 2503 inter
271 2458 321 2502 me
345 2441 378 2502 et
400 2441 433 2501 te
457 2439 604 2522 sumptus
628 2436 785 2521 quaedem
809 2434 903 2515 mibi,
931 2435 1087 2520 quaedam
1110 2435 1173 2499 tibi

161 2527 343 2593 adiudicare
366 2526 512 2608 volebat,
540 2547 598 2610 pro
622 2525 674 2589 bis
696 2525 793 2590 rebus
818 2525 956 2590 alterum
980 2523 1075 2588 alteri
1099 2539 1172 2588 con*-

161 2616 358 2681 demnandos
382 2637 452 2680 esse
474 2614 694 2700 intellegebat.
731 2614 912 2699 quaesitum
931 2618 989 2698 est,
1008 2635 1050 2677 an
1067 2613 1174 2696 possit

160 2705 349 2789 pensatione
381 2705 469 2769 ultro
502 2705 645 2791 citroque
678 2703 955 2769 condemnationis
983 2701 1070 2766 facta
1098 2722 1173 2766 eum

162 2794 277 2876 solum,
296 2795 387 2859 cuius
406 2815 532 2858 summa
551 2793 724 2876 excederet,
743 2793 812 2857 eius
832 2792 1001 2857 dumtaxat
1019 2811 1174 2874 summae,

162 2904 243 2967 quae
267 2882 314 2947 ita
338 2882 512 2964 excederet,
538 2882 700 2946 damnare.
746 2884 778 2946 et
800 2881 923 2965 placuit
946 2900 1041 2964 posse
1065 2878 1099 2943 id
1122 2901 1172 2943 ar

161 2971 211 3034 bit
197 2974 283 3034 trum
305 2969 421 3035 facere.

253 3077 302 3141 17.
321 3075 364 3140 D.
381 3074 431 3159 10,
446 3074 476 3158 3,
486 3073 516 3139 5.
549 3073 694 3140 Iulianus
709 3075 793 3140 libro
809 3075 949 3140 secundo
965 3073 1005 3138 ad
1019 3015 1172 3139 Urseium

161 3163 314 3231 Ferocem
315 3161 379 3283 (P
389 3124 531 3245 8117).-
545 3160 598 3248 (D.
609 3162 660 3241 10,
670 3163 700 3248 3,
710 3162 780 3246 4,4.
808 3161 898 3228 Idem
917 3185 960 3230 se.
973 3161 1049 3246 Ulp
1063 3161 1172 3228 LXIX

163 3253 202 3318 ad
231 3251 325 3319 ed.
326 3304 356 3321 ..
380 3253 493 3319 scribit
479 3250 677 3338 tIulianus,
705 3253 733 3318 si
761 3253 851 3319 missi
876 3254 910 3316 in
931 3252 1173 3338 possessionem

163 3343 273 3446 damni
290 3342 401 3407 infeot
376 3345 404 3407 t1
423 3345 523 3407 simus
543 3345 674 3427 stante,
692 3365 788 3429 quam
802 3341 966 3427 possidere
980 3340 1172 3422 iuberemur,

235 3522 249 3570 1
279 3516 325 3570 Fr.
355 3515 477 3571 ‘Cassius
511 3481 684 3572 existimasse
717 3516 868 3586 Urseinm’,
905 3532 989 3584 quam
1021 3513 1172 3570 lectionem

162 3585 292 3642 Karlowa
310 3587 323 3640 Ι
342 3591 393 3642 694
412 3587 545 3644 defendit.
992 3625 995 3631 ι
