2590 3902
399 234 425 281 4.
447 225 480 280 1..
498 225 682 280 NERA'I'IUS
699 223 846 280 Pittacus
904 231 908 236 “
1060 223 1126 288 297

202 395 260 456 En
300 395 429 454 maxime
465 395 551 453 libris
586 389 704 453 Neratii
739 387 907 471 ‘responsa'
943 413 962 453 a
996 395 1127 471 posteris

117 485 276 544 memoriae
293 483 414 560 prodita
432 483 534 543 deberi
551 483 729 542 credendum
749 487 803 544 est.
838 484 1008 543 afferuntur
1024 487 1127 544 autem

117 594 135 634 a
156 573 245 634 Celso
272 573 293 633 l.
311 571 442 631 XXXIII
463 573 657 650 Digestorum
680 573 716 630 D.
732 575 783 645 50,
799 575 850 650 1‘1,
866 576 928 633 191
957 566 1127 653 (Neratius

118 663 317 724 consultus..
333 653 543 743 .respcndit'),
566 680 584 719 a
606 660 769 737 Pomponio
793 661 878 720 libris
901 661 949 720 III
972 665 1003 722 et
1021 661 1066 721 IV
1089 663 1129 723 ad

23 779 24 782 a
118 752 261 812 erenum
278 750 316 810 n.
332 752 383 828 35,
400 755 427 826 1,
442 751 471 824 e,
488 752 505 810 1
522 753 554 808 a
566 749 602 810 n.
617 753 669 821 ao,
686 751 725 809 13
746 744 917 828 (seranus
935 745 1127 832 rospondit),

117 862 136 901 a
160 839 328 917 Papiniano
359 841 379 899 l.
400 837 488 898 XVII
520 842 551 897 et
577 837 722 897 XXXVII
749 837 966 908 Quaestionum
992 841 1028 899 D.
1050 843 1128 913 7,1‚

119 933 158 991 33
167 950 212 1007 pr.
240 921 411 1010 (Neratius
431 920 694 1010 mrespondit');
725 927 762 986 D.
781 929 812 1003 4,
834 929 863 1002 3,
883 930 923 987 19
958 920 1128 1009 (³Neratius

118 1019 239 1078 Priscus
271 1023 303 1076 et
332 1017 469 1077 Iulianus
499 1008 759 1098 responderunt'),
794 1034 814 1074 a
845 1015 940 1076 Paulo
971 1017 991 1075 l.
1013 1017 1059 1075 IV
1090 1017 1129 1078 ad

119 1107 262 1168 Sabinum
285 1107 322 1166 D.
338 1108 389 1182 33,
404 1109 433 1183 7,
450 1107 533 1181 13‚1
559 1097 727 1185 (Neratius
750 1098 945 1187 respondit’),
968 1105 1067 1164 LXII
1090 1107 1129 1165 ad

118 1197 248 1257 edictum
274 1194 312 1254 D.
331 1197 384 1273 41,
403 1197 431 1270 3,
447 1197 520 1271 8pr.
549 1189 676 1273 (Labeo
703 1193 845 1254 Neratius
873 1185 1128 1271 responderunt’),

119 1287 136 1344 l.
150 1286 166 1345 Ι
180 1285 219 1345 ad
232 1283 391 1344 Neratium
404 1285 440 1343 D.
455 1286 508 1361 47,
524 1286 574 1350 19,
590 1285 608 1343 6
623 1275 841 1365 (‘respondit'),
859 1281 1007 1359 Ulpianus
1021 1283 1042 1343 l.
1057 1282 1130 1342 XIX

22 1401 23 1406 ¹
119 1375 155 1434 sd
178 1374 311 1433 edictum
333 1373 368 1432 D.
385 1376 435 1450 10,
451 1374 479 1450 2,
495 1375 545 1447 20,
562 1377 579 1432 7
604 1367 772 1447 (Neratius
787 1418 794 1430 .
809 1418 816 1432 .
830 1363 1020 1453 respondit').

22 1525 23 1530 ,
206 1463 363 1538 Responsa
383 1462 546 1521 maximam
567 1465 685 1537 partem
708 1461 745 1521 de
768 1461 833 1520 iure
855 1460 937 1521 cirili
959 1459 1032 1521 data
1049 1463 1129 1535 sunt,

22 1533 24 1584 l
121 1552 230 1612 additis
252 1551 406 1610 nonnullis
429 1550 478 1611 vel
502 1550 539 1609 de
560 1545 678 1626 peculio
701 1551 750 1610 vel
772 1549 810 1608 de
832 1551 864 1608 in
885 1569 950 1610 rem
973 1568 1069 1629 verso,
1092 1548 1129 1609 de

121 1641 229 1719 quibus
251 1639 342 1699 rebus
365 1640 413 1700 vel
435 1638 609 1700 Iauolenum
632 1638 718 1698 libris
741 1657 777 1698 ox
797 1637 901 1698 Cassio
924 1638 1032 1699 dixisse
1054 1639 1130 1701 ridi-

22 1741 24 1792 i
120 1749 194 1790 mus.
237 1728 343 1788 attulit
360 1729 495 1805 priorum
513 1728 587 1788 iuris
606 1728 813 1788 consultorum
831 1727 1004 1803 sententias,
1028 1747 1072 1787 ex.
1085 1747 1130 1806 gr.

22 1797 23 1848 ⁴
120 1810 340 1986 roilo
354 1819 410 1988 ³⁵⁹5
425 1818 464 1966 ξε
478 1809 626 1965 {3003
649 1821 691 1986 a
713 1817 856 1966 33⁰3
873 1817 972 1986 33⁰3
1008 1816 1131 1878 a...
1220 1889 1222 1894 ·

164 1955 171 1968 ·
232 1953 239 1984 r
276 1953 284 1979 r
343 1951 351 1983 r
691 1950 698 1965 ·
758 1952 765 1980 i
802 1951 809 1982 s
852 1928 920 1981 P·-

209 1996 255 2055 De
273 1995 379 2056 iisdem
397 1995 487 2055 rebus
506 1994 537 2054 in
555 1993 692 2071 pluribus
706 1994 858 2054 interdum
871 1994 957 2054 libris
971 1994 1133 2055 Neratium

123 2085 233 2146 dixisse
255 2083 405 2161 Ulpianus
432 2084 520 2143 testis
548 2088 594 2143 est
618 2074 667 2163 (D.
685 2086 735 2159 14,
751 2086 779 2158 6,
797 2079 894 2164 7pr.);
923 2083 1002 2161 quod
1030 2087 1132 2144 autem

123 2173 290 2251 exemplum
318 2173 418 2252 affert,
445 2173 476 2231 id
503 2173 542 2232 ad
570 2173 862 2232 senatusconsultum
885 2172 1131 2233 Macedonianum

123 2263 262 2340 pertinet
307 2261 388 2340 quod
415 2261 554 2321 similiter
581 2261 617 2320 de
640 2261 749 2338 legatis
773 2264 804 2321 et
825 2261 923 2338 primo
947 2267 979 2321 et
1001 2261 1132 2322 secundo

123 2352 199 2412 libro
236 2351 396 2410 Neratium
441 2349 551 2410 dixisse
592 2351 730 2426 pluribus
766 2349 945 2428 fragmentis
980 2352 1133 2428 probatur,

126 2440 238 2518 singuli
258 2439 330 2499 libri
353 2439 515 2516 separatim
538 2441 570 2498 et
592 2439 731 2515 deinceps
755 2438 828 2498 editi
850 2437 998 2499 ridentur.

213 2529 320 2589 Restat
346 2531 382 2588 ut
409 2528 445 2588 de
467 2528 574 2588 incerti
597 2527 753 2587 cuiusdam
776 2526 874 2603 operis
897 2527 1066 2603 fragmento
1089 2527 1133 2587 ri·

125 2618 261 2696 deamns,
300 2635 398 2677 nonne
434 2615 656 2693 Responsorum
697 2614 782 2674 libris
822 2614 1047 2675 attribuendum
1085 2616 1134 2676 sit.

21 2749 22 2760 ,
124 2706 238 2766 Paulus
271 2705 350 2765 enim
380 2705 490 2767 LXIV
518 2705 739 2781 Responsorum
767 2703 803 2764 D.
823 2705 874 2780 22,
896 2707 923 2780 1,
944 2704 1031 2780 14,1
1061 2702 1134 2764 haec

125 2795 218 2855 tradit
243 2790 261 2854 ³.
277 2837 305 2855 ..
324 2795 438 2854 Paulus
461 2793 617 2870 respondit
635 2840 641 2852 .
657 2837 685 2852 ..
705 2792 848 2853 Neratius
870 2792 947 2853 libro
971 2791 1067 2868 primo
1090 2793 1135 2852 ita

125 2885 262 2944 refert..
278 2878 298 2943 .'
339 2883 447 2961 quibus
470 2883 570 2942 verbis
592 2882 815 2958 Responscrum
839 2881 949 2941 librum
973 2881 1136 2960 significari

126 2972 189 3032 reri
207 2970 391 3032 simillimum
410 2972 538 3050 videtur,
560 2971 697 3048 quamvis
716 2970 843 3031 Paulum
862 2971 894 3030 in
912 2969 1136 3047 Responsorum

127 3080 244 3139 qnoque
253 3062 340 3121 libris
349 3060 466 3120 Neratii
474 3079 617 3136 responsa
627 3060 765 3120 attulisse
775 3059 875 3135 nullis,
885 3063 1031 3137 quantum
1039 3060 1135 3138 video,

126 3153 282 3227 praeterea
295 3149 476 3210 testimoniis
489 3149 641 3225 probetur.
670 3152 702 3209 at
714 3151 746 3208 iu
759 3149 807 3209 his
820 3149 893 3225 ipsIe
907 3149 993 3210 libris
1007 3149 1136 3210 Paulum

126 3257 270 3316 responsa
287 3238 463 3316 neglexisse,
481 3256 559 3316 quae
576 3239 626 3300 rel
642 3238 674 3297 in
688 3238 756 3298 aliis
776 3237 888 3312 attulit,
906 3257 993 3299 nemo
1006 3239 1135 3315 putabit.

215 3327 377 3388 Librorum
403 3327 572 3404 fragmenta
599 3327 761 3388 secundum
784 3326 979 3386 Sabinianum
1002 3327 1137 3387 ordinem

127 3416 319 3494 proponenda
341 3416 421 3476 duxi.
444 3416 613 3493 fragmenta
637 3435 729 3492 supra
750 3435 778 3491 p.
795 3417 857 3476 293
881 3415 978 3476 relata
1000 3416 1137 3493 quamvis

127 3507 193 3566 fieri
211 3505 353 3584 potnerit,
371 3507 408 3564 ut
424 3504 491 3580 ipsa
509 3521 627 3581 qnoque
646 3504 677 3563 in
693 3503 915 3579 Responsorum
932 3502 1025 3563 libros
1044 3502 1137 3578 recip-

128 3597 260 3674 erentur,
283 3591 426 3654 hocloco
449 3611 508 3652 non
531 3593 642 3650 iterum
664 3590 815 3668 proposui.
