<?xml version="1.0" encoding="UTF-8"?>
<!DOCTYPE html PUBLIC "-//W3C//DTD XHTML 1.0 Transitional//EN"
    "http://www.w3.org/TR/xhtml1/DTD/xhtml1-transitional.dtd">
<html xmlns="http://www.w3.org/1999/xhtml" xml:lang="en" lang="en">
 <head>
  <title>
</title>
<meta http-equiv="Content-Type" content="text/html;charset=utf-8" />
  <meta name='ocr-system' content='tesseract 3.04.00' />
  <meta name='ocr-capabilities' content='ocr_page ocr_carea ocr_par ocr_line ocrx_word'/>
</head>
<body>
  <div class='ocr_page' id='page_1' title='image "./iurisprudentiae03bremgoog_0140.png"; bbox 0 0 2596 3902; ppageno 0'>
   <div class='ocr_carea' id='block_1_1' title="bbox 178 181 1192 249">
    <p class='ocr_par' dir='ltr' id='par_1_1' title="bbox 178 181 1192 249">
     <span class='ocr_line' id='line_1_1' title="bbox 178 181 1192 249; baseline -0.002 -9"><span class='ocrx_word' id='word_1_1' title='bbox 178 184 241 249; x_wconf 86' lang='lat'><strong>108</strong></span> <span class='ocrx_word' id='word_1_2' title='bbox 255 184 303 240; x_wconf 86' lang='grc' dir='ltr'><strong>ΙΙΙ.</strong></span> <span class='ocrx_word' id='word_1_3' title='bbox 314 183 390 240; x_wconf 86' lang='lat' dir='ltr'>GAII</span> <span class='ocrx_word' id='word_1_4' title='bbox 399 183 547 239; x_wconf 84' lang='lat' dir='ltr'>CLAUDII</span> <span class='ocrx_word' id='word_1_5' title='bbox 556 181 692 238; x_wconf 80' lang='lat' dir='ltr'><strong>NERON.</strong></span> <span class='ocrx_word' id='word_1_6' title='bbox 703 183 849 239; x_wconf 80' lang='lat' dir='ltr'><strong>GALBAll</strong></span> <span class='ocrx_word' id='word_1_7' title='bbox 859 182 966 238; x_wconf 81' lang='grc' dir='ltr'><strong>ΤΕΜΡ.</strong></span> <span class='ocrx_word' id='word_1_8' title='bbox 977 182 1074 238; x_wconf 83' lang='lat' dir='ltr'>IURIS</span> <span class='ocrx_word' id='word_1_9' title='bbox 1085 181 1192 238; x_wconf 80' lang='lat' dir='ltr'><strong>CONS.</strong></span> 
     </span>
    </p>
   </div>
   <div class='ocr_carea' id='block_1_2' title="bbox 176 345 1194 699">
    <p class='ocr_par' dir='ltr' id='par_1_2' title="bbox 176 345 1194 699">
     <span class='ocr_line' id='line_1_2' title="bbox 178 345 1193 412; baseline -0.001 0"><span class='ocrx_word' id='word_1_10' title='bbox 178 369 306 412; x_wconf 85' lang='lat' dir='ltr'><strong>servum</strong></span> <span class='ocrx_word' id='word_1_11' title='bbox 329 346 555 411; x_wconf 68' lang='lat' dir='ltr'><strong>manumittere</strong></span> <span class='ocrx_word' id='word_1_12' title='bbox 576 346 674 412; x_wconf 85' lang='lat' dir='ltr'><strong>vellet</strong></span> <span class='ocrx_word' id='word_1_13' title='bbox 692 368 751 412; x_wconf 85' lang='lat' dir='ltr'><strong>nec</strong></span> <span class='ocrx_word' id='word_1_14' title='bbox 769 347 889 412; x_wconf 87' lang='lat' dir='ltr'><strong>iustam</strong></span> <span class='ocrx_word' id='word_1_15' title='bbox 909 368 1037 411; x_wconf 88' lang='lat' dir='ltr'><strong>causam</strong></span> <span class='ocrx_word' id='word_1_16' title='bbox 1057 345 1097 410; x_wconf 87' lang='lat' dir='ltr'><strong>ad</strong></span> <span class='ocrx_word' id='word_1_17' title='bbox 1116 367 1193 411; x_wconf 90' lang='lat' dir='ltr'><strong>con·</strong></span> 
     </span>
     <span class='ocr_line' id='line_1_3' title="bbox 178 434 1194 519; baseline -0.001 -19"><span class='ocrx_word' id='word_1_18' title='bbox 178 436 287 500; x_wconf 88' lang='lat' dir='ltr'><strong>silium</strong></span> <span class='ocrx_word' id='word_1_19' title='bbox 306 435 555 500; x_wconf 88' lang='lat' dir='ltr'><strong>manumittendi</strong></span> <span class='ocrx_word' id='word_1_20' title='bbox 568 435 713 519; x_wconf 89' lang='lat' dir='ltr'><strong>haberet,</strong></span> <span class='ocrx_word' id='word_1_21' title='bbox 731 436 792 501; x_wconf 89' lang='lat' dir='ltr'><strong>tibi</strong></span> <span class='ocrx_word' id='word_1_22' title='bbox 807 458 881 500; x_wconf 90' lang='lat' dir='ltr'><strong>eum</strong></span> <span class='ocrx_word' id='word_1_23' title='bbox 894 440 932 500; x_wconf 91' lang='lat' dir='ltr'><strong>ut</strong></span> <span class='ocrx_word' id='word_1_24' title='bbox 945 434 1194 500; x_wconf 88' lang='lat' dir='ltr'><strong>manumitteres</strong></span> 
     </span>
     <span class='ocr_line' id='line_1_4' title="bbox 176 515 1194 610; baseline 0 -22"><span class='ocrx_word' id='word_1_25' title='bbox 176 523 332 608; x_wconf 87' lang='lat' dir='ltr'><strong>&lt;fiduciae</strong></span> <span class='ocrx_word' id='word_1_26' title='bbox 351 545 448 590; x_wconf 89' lang='lat' dir='ltr'><strong>causa</strong></span> <span class='ocrx_word' id='word_1_27' title='bbox 466 525 649 610; x_wconf 84' lang='lat' dir='ltr'><strong>mancipio&gt;</strong></span> <span class='ocrx_word' id='word_1_28' title='bbox 669 515 770 591; x_wconf 76' lang='lat' dir='ltr'><strong>dedit:</strong></span> <span class='ocrx_word' id='word_1_29' title='bbox 788 523 923 610; x_wconf 86' lang='lat' dir='ltr'><strong>negavit</strong></span> <span class='ocrx_word' id='word_1_30' title='bbox 940 545 1014 588; x_wconf 87' lang='lat' dir='ltr'><strong>eum</strong></span> <span class='ocrx_word' id='word_1_31' title='bbox 1034 523 1194 589; x_wconf 89' lang='lat' dir='ltr'><strong>Proculus</strong></span> 
     </span>
     <span class='ocr_line' id='line_1_5' title="bbox 176 613 1030 699; baseline 0.002 -23"><span class='ocrx_word' id='word_1_32' title='bbox 176 613 314 677; x_wconf 89' lang='lat' dir='ltr'><strong>liberum</strong></span> <span class='ocrx_word' id='word_1_33' title='bbox 338 634 421 696; x_wconf 88' lang='lat' dir='ltr'><strong>esse,</strong></span> <span class='ocrx_word' id='word_1_34' title='bbox 445 613 597 697; x_wconf 86' lang='lat' dir='ltr'><strong>quoniam</strong></span> <span class='ocrx_word' id='word_1_35' title='bbox 624 613 712 678; x_wconf 78' lang='lat' dir='ltr'><strong>fraus</strong></span> <span class='ocrx_word' id='word_1_36' title='bbox 736 614 803 699; x_wconf 84' lang='lat' dir='ltr'><strong>legi</strong></span> <span class='ocrx_word' id='word_1_37' title='bbox 827 615 914 677; x_wconf 86' lang='lat' dir='ltr'><strong>lacta</strong></span> <span class='ocrx_word' id='word_1_38' title='bbox 937 618 1030 678; x_wconf 86' lang='lat' dir='ltr'><strong>esset.</strong></span> 
     </span>
    </p>
   </div>
   <div class='ocr_carea' id='block_1_3' title="bbox 178 718 1194 890">
    <p class='ocr_par' dir='ltr' id='par_1_3' title="bbox 178 718 1194 890">
     <span class='ocr_line' id='line_1_6' title="bbox 266 718 1194 803; baseline 0 -20"><span class='ocrx_word' id='word_1_39' title='bbox 266 723 332 785; x_wconf 81' lang='lat' dir='ltr'><strong>Gai.</strong></span> <span class='ocrx_word' id='word_1_40' title='bbox 348 729 377 802; x_wconf 93' lang='lat'><strong>1,</strong></span> <span class='ocrx_word' id='word_1_41' title='bbox 391 727 442 785; x_wconf 89' lang='lat'><strong>38.</strong></span> <span class='ocrx_word' id='word_1_42' title='bbox 485 719 503 784; x_wconf 62' lang='grc' dir='ltr'>ἶ</span> <span class='ocrx_word' id='word_1_43' title='bbox 518 771 526 785; x_wconf 90' lang='grc'><strong>.</strong></span> <span class='ocrx_word' id='word_1_44' title='bbox 540 725 644 785; x_wconf 90' lang='lat' dir='ltr'><strong>eadem</strong></span> <span class='ocrx_word' id='word_1_45' title='bbox 666 719 745 803; x_wconf 84' lang='lat' dir='ltr'><strong>lege&#39;</strong></span> <span class='ocrx_word' id='word_1_46' title='bbox 770 744 808 784; x_wconf 90' lang='lat' dir='ltr'><strong>sc.</strong></span> <span class='ocrx_word' id='word_1_47' title='bbox 832 725 921 784; x_wconf 85' lang='lat' dir='ltr'><strong>Aelia</strong></span> <span class='ocrx_word' id='word_1_48' title='bbox 944 723 1048 784; x_wconf 77' lang='lat' dir='ltr'><strong>Sentis</strong></span> <span class='ocrx_word' id='word_1_49' title='bbox 1070 718 1194 784; x_wconf 67' lang='lat' dir='ltr'><strong>‘minori</strong></span> 
     </span>
     <span class='ocr_line' id='line_1_7' title="bbox 178 813 1194 890; baseline 0.001 -19"><span class='ocrx_word' id='word_1_50' title='bbox 178 813 232 872; x_wconf 86' lang='lat' dir='ltr'><strong>XX</strong></span> <span class='ocrx_word' id='word_1_51' title='bbox 255 832 402 872; x_wconf 89' lang='lat' dir='ltr'><strong>annorum</strong></span> <span class='ocrx_word' id='word_1_52' title='bbox 424 813 543 874; x_wconf 90' lang='lat' dir='ltr'><strong>domino</strong></span> <span class='ocrx_word' id='word_1_53' title='bbox 566 833 626 874; x_wconf 91' lang='lat' dir='ltr'><strong>non</strong></span> <span class='ocrx_word' id='word_1_54' title='bbox 649 814 738 873; x_wconf 90' lang='lat' dir='ltr'><strong>aliter</strong></span> <span class='ocrx_word' id='word_1_55' title='bbox 760 813 973 873; x_wconf 73' lang='lat' dir='ltr'><strong>manumittere</strong></span> <span class='ocrx_word' id='word_1_56' title='bbox 994 813 1194 890; x_wconf 81' lang='lat' dir='ltr'><strong>permittitur,</strong></span> 
     </span>
    </p>
   </div>
   <div class='ocr_carea' id='block_1_4' title="bbox 177 902 1194 1070">
    <p class='ocr_par' dir='ltr' id='par_1_4' title="bbox 177 902 1194 1070">
     <span class='ocr_line' id='line_1_8' title="bbox 177 902 1194 979; baseline 0 -18"><span class='ocrx_word' id='word_1_57' title='bbox 177 921 267 978; x_wconf 88' lang='lat' dir='ltr'><strong>quam</strong></span> <span class='ocrx_word' id='word_1_58' title='bbox 289 902 423 962; x_wconf 87' lang='lat' dir='ltr'><strong>vindicta</strong></span> <span class='ocrx_word' id='word_1_59' title='bbox 445 902 527 979; x_wconf 88' lang='lat' dir='ltr'><strong>apud</strong></span> <span class='ocrx_word' id='word_1_60' title='bbox 550 903 707 962; x_wconf 87' lang='lat' dir='ltr'><strong>consilium</strong></span> <span class='ocrx_word' id='word_1_61' title='bbox 729 903 810 962; x_wconf 91' lang='lat' dir='ltr'><strong>iusta</strong></span> <span class='ocrx_word' id='word_1_62' title='bbox 833 920 924 963; x_wconf 88' lang='lat' dir='ltr'><strong>causa</strong></span> <span class='ocrx_word' id='word_1_63' title='bbox 949 902 1194 961; x_wconf 77' lang='lat' dir='ltr'><strong>manumissionis</strong></span> 
     </span>
     <span class='ocr_line' id='line_1_9' title="bbox 177 985 853 1070; baseline 0 -20"><span class='ocrx_word' id='word_1_64' title='bbox 177 985 362 1067; x_wconf 88' lang='lat' dir='ltr'><strong>adprobata&#39;.</strong></span> <span class='ocrx_word' id='word_1_65' title='bbox 408 992 444 1051; x_wconf 89' lang='lat' dir='ltr'><strong>cf.</strong></span> <span class='ocrx_word' id='word_1_66' title='bbox 467 992 591 1051; x_wconf 89' lang='lat' dir='ltr'><strong>Pernice</strong></span> <span class='ocrx_word' id='word_1_67' title='bbox 614 991 755 1070; x_wconf 84' lang='lat'><strong>111‚301</strong></span> <span class='ocrx_word' id='word_1_68' title='bbox 780 1011 808 1050; x_wconf 93' lang='lat' dir='ltr'><strong>n.</strong></span> <span class='ocrx_word' id='word_1_69' title='bbox 824 994 853 1051; x_wconf 87' lang='lat'><strong>3.</strong></span> 
     </span>
    </p>
   </div>
   <div class='ocr_carea' id='block_1_5' title="bbox 474 1140 892 1237">
    <p class='ocr_par' dir='ltr' id='par_1_5' title="bbox 474 1140 892 1237">
     <span class='ocr_line' id='line_1_10' title="bbox 474 1140 892 1237; baseline -0.002 -18"><span class='ocrx_word' id='word_1_70' title='bbox 474 1154 524 1220; x_wconf 84' lang='lat' dir='ltr'><strong>De</strong></span> <span class='ocrx_word' id='word_1_71' title='bbox 545 1155 692 1237; x_wconf 78' lang='lat' dir='ltr'><strong>emptione</strong></span> <span class='ocrx_word' id='word_1_72' title='bbox 714 1140 892 1220; x_wconf 75' lang='lat' dir='ltr'><strong>venditione.</strong></span> 
     </span>
    </p>
   </div>
   <div class='ocr_carea' id='block_1_6' title="bbox 136 1275 1195 2605">
    <p class='ocr_par' dir='ltr' id='par_1_6' title="bbox 136 1275 1195 2605">
     <span class='ocr_line' id='line_1_11' title="bbox 266 1275 1192 1364; baseline -0.003 -19"><span class='ocrx_word' id='word_1_73' title='bbox 266 1279 296 1345; x_wconf 91' lang='lat'><strong>8.</strong></span> <span class='ocrx_word' id='word_1_74' title='bbox 319 1279 358 1345; x_wconf 89' lang='lat' dir='ltr'><strong>D.</strong></span> <span class='ocrx_word' id='word_1_75' title='bbox 368 1279 422 1364; x_wconf 77' lang='lat'><strong>21,</strong></span> <span class='ocrx_word' id='word_1_76' title='bbox 432 1282 461 1361; x_wconf 90' lang='lat'><strong>1,</strong></span> <span class='ocrx_word' id='word_1_77' title='bbox 473 1280 524 1363; x_wconf 79' lang='lat'><strong>17,</strong></span> <span class='ocrx_word' id='word_1_78' title='bbox 533 1279 564 1344; x_wconf 86' lang='lat'><strong>4.</strong></span> <span class='ocrx_word' id='word_1_79' title='bbox 599 1275 759 1362; x_wconf 82' lang='lat' dir='ltr'><strong>Ulpianus</strong></span> <span class='ocrx_word' id='word_1_80' title='bbox 773 1279 859 1344; x_wconf 86' lang='lat' dir='ltr'><strong>libro</strong></span> <span class='ocrx_word' id='word_1_81' title='bbox 874 1279 981 1364; x_wconf 89' lang='lat' dir='ltr'><strong>primo</strong></span> <span class='ocrx_word' id='word_1_82' title='bbox 996 1277 1036 1343; x_wconf 91' lang='lat' dir='ltr'><strong>ad</strong></span> <span class='ocrx_word' id='word_1_83' title='bbox 1050 1277 1192 1343; x_wconf 88' lang='lat' dir='ltr'><strong>edictum</strong></span> 
     </span>
     <span class='ocr_line' id='line_1_12' title="bbox 177 1366 1190 1454; baseline -0.002 -22"><span class='ocrx_word' id='word_1_84' title='bbox 177 1368 329 1432; x_wconf 90' lang='lat' dir='ltr'><strong>aedilium</strong></span> <span class='ocrx_word' id='word_1_85' title='bbox 354 1368 521 1432; x_wconf 85' lang='lat' dir='ltr'><strong>curulium.</strong></span> <span class='ocrx_word' id='word_1_86' title='bbox 548 1404 586 1414; x_wconf 91' lang='lat'><em>-</em></span> <span class='ocrx_word' id='word_1_87' title='bbox 612 1367 702 1432; x_wconf 88' lang='lat' dir='ltr'><strong>Idem</strong></span> <span class='ocrx_word' id='word_1_88' title='bbox 725 1367 783 1454; x_wconf 80' lang='lat' dir='ltr'><strong>(sc.</strong></span> <span class='ocrx_word' id='word_1_89' title='bbox 807 1366 981 1451; x_wconf 85' lang='lat' dir='ltr'><strong>Vivianus)</strong></span> <span class='ocrx_word' id='word_1_90' title='bbox 1006 1368 1065 1432; x_wconf 87' lang='lat' dir='ltr'><strong>ait:</strong></span> <span class='ocrx_word' id='word_1_91' title='bbox 1093 1368 1190 1430; x_wconf 88' lang='lat' dir='ltr'><strong>inter-</strong></span> 
     </span>
     <span class='ocr_line' id='line_1_13' title="bbox 177 1455 1194 1542; baseline 0.001 -22"><span class='ocrx_word' id='word_1_92' title='bbox 177 1461 313 1542; x_wconf 82' lang='lat' dir='ltr'><strong>rogatus</strong></span> <span class='ocrx_word' id='word_1_93' title='bbox 343 1455 499 1522; x_wconf 86' lang='lat' dir='ltr'><strong>Proculus</strong></span> <span class='ocrx_word' id='word_1_94' title='bbox 533 1456 572 1521; x_wconf 92' lang='lat' dir='ltr'><strong>de</strong></span> <span class='ocrx_word' id='word_1_95' title='bbox 604 1477 641 1521; x_wconf 93' lang='lat' dir='ltr'><strong>eo</strong></span> <span class='ocrx_word' id='word_1_96' title='bbox 675 1456 730 1540; x_wconf 90' lang='lat' dir='ltr'><strong>qui</strong></span> <span class='ocrx_word' id='word_1_97' title='bbox 761 1458 850 1521; x_wconf 91' lang='lat' dir='ltr'><strong>domi</strong></span> <span class='ocrx_word' id='word_1_98' title='bbox 882 1457 1033 1520; x_wconf 86' lang='lat' dir='ltr'><strong>latuisset</strong></span> <span class='ocrx_word' id='word_1_99' title='bbox 1065 1455 1098 1520; x_wconf 89' lang='lat' dir='ltr'><strong>in</strong></span> <span class='ocrx_word' id='word_1_100' title='bbox 1131 1455 1194 1521; x_wconf 86' lang='lat' dir='ltr'><strong>boo</strong></span> 
     </span>
     <span class='ocr_line' id='line_1_14' title="bbox 178 1544 1194 1631; baseline -0.002 -21"><span class='ocrx_word' id='word_1_101' title='bbox 178 1547 312 1624; x_wconf 89' lang='lat' dir='ltr'><strong>scilicet,</strong></span> <span class='ocrx_word' id='word_1_102' title='bbox 345 1547 382 1609; x_wconf 88' lang='lat' dir='ltr'><strong>ut</strong></span> <span class='ocrx_word' id='word_1_103' title='bbox 415 1545 511 1631; x_wconf 83' lang='lat' dir='ltr'><strong>fugae</strong></span> <span class='ocrx_word' id='word_1_104' title='bbox 539 1548 655 1611; x_wconf 87' lang='lat' dir='ltr'><strong>nactus</strong></span> <span class='ocrx_word' id='word_1_105' title='bbox 684 1546 886 1611; x_wconf 80' lang='lat' dir='ltr'><strong>occasionem</strong></span> <span class='ocrx_word' id='word_1_106' title='bbox 915 1567 949 1610; x_wconf 87' lang='lat' dir='ltr'><strong>se</strong></span> <span class='ocrx_word' id='word_1_107' title='bbox 978 1544 1194 1627; x_wconf 81' lang='lat' dir='ltr'><strong>subtraheret,</strong></span> 
     </span>
     <span class='ocr_line' id='line_1_15' title="bbox 177 1633 1195 1720; baseline -0.003 -21"><span class='ocrx_word' id='word_1_108' title='bbox 177 1635 237 1719; x_wconf 88' lang='lat' dir='ltr'><strong>ait,</strong></span> <span class='ocrx_word' id='word_1_109' title='bbox 264 1635 396 1698; x_wconf 89' lang='lat' dir='ltr'><strong>tametsi</strong></span> <span class='ocrx_word' id='word_1_110' title='bbox 418 1633 530 1718; x_wconf 81' lang='lat' dir='ltr'><strong>fugere</strong></span> <span class='ocrx_word' id='word_1_111' title='bbox 553 1655 620 1698; x_wconf 91' lang='lat' dir='ltr'><strong>non</strong></span> <span class='ocrx_word' id='word_1_112' title='bbox 640 1638 753 1718; x_wconf 90' lang='lat' dir='ltr'><strong>posset</strong></span> <span class='ocrx_word' id='word_1_113' title='bbox 775 1633 887 1720; x_wconf 81' lang='lat' dir='ltr'><strong>videri,</strong></span> <span class='ocrx_word' id='word_1_114' title='bbox 911 1633 967 1718; x_wconf 91' lang='lat' dir='ltr'><strong>qui</strong></span> <span class='ocrx_word' id='word_1_115' title='bbox 991 1633 1080 1698; x_wconf 93' lang='lat' dir='ltr'><strong>domi</strong></span> <span class='ocrx_word' id='word_1_116' title='bbox 1105 1655 1195 1698; x_wconf 87' lang='lat' dir='ltr'><strong>man-</strong></span> 
     </span>
     <span class='ocr_line' id='line_1_16' title="bbox 179 1721 1194 1809; baseline 0 -23"><span class='ocrx_word' id='word_1_117' title='bbox 179 1723 284 1805; x_wconf 90' lang='lat' dir='ltr'><strong>sisset,</strong></span> <span class='ocrx_word' id='word_1_118' title='bbox 307 1725 417 1786; x_wconf 87' lang='lat' dir='ltr'><strong>tamen</strong></span> <span class='ocrx_word' id='word_1_119' title='bbox 441 1744 515 1787; x_wconf 90' lang='lat' dir='ltr'><strong>eum</strong></span> <span class='ocrx_word' id='word_1_120' title='bbox 537 1721 714 1809; x_wconf 81' lang='lat' dir='ltr'><strong>fugitivum</strong></span> <span class='ocrx_word' id='word_1_121' title='bbox 736 1722 851 1805; x_wconf 85' lang='lat' dir='ltr'><strong>fuisse;</strong></span> <span class='ocrx_word' id='word_1_122' title='bbox 875 1724 926 1787; x_wconf 89' lang='lat' dir='ltr'><strong>sin</strong></span> <span class='ocrx_word' id='word_1_123' title='bbox 949 1727 1057 1787; x_wconf 90' lang='lat' dir='ltr'><strong>autem</strong></span> <span class='ocrx_word' id='word_1_124' title='bbox 1075 1721 1110 1786; x_wconf 92' lang='lat' dir='ltr'><strong>in</strong></span> <span class='ocrx_word' id='word_1_125' title='bbox 1130 1721 1194 1787; x_wconf 92' lang='lat' dir='ltr'><strong>hoc</strong></span> 
     </span>
     <span class='ocr_line' id='line_1_17' title="bbox 177 1810 1193 1897; baseline 0 -23"><span class='ocrx_word' id='word_1_126' title='bbox 177 1814 305 1875; x_wconf 90' lang='lat' dir='ltr'><strong>tantum</strong></span> <span class='ocrx_word' id='word_1_127' title='bbox 325 1811 484 1893; x_wconf 87' lang='lat' dir='ltr'><strong>latuisset,</strong></span> <span class='ocrx_word' id='word_1_128' title='bbox 507 1812 614 1897; x_wconf 88' lang='lat' dir='ltr'><strong>quoad</strong></span> <span class='ocrx_word' id='word_1_129' title='bbox 633 1812 801 1877; x_wconf 90' lang='lat' dir='ltr'><strong>iracundia</strong></span> <span class='ocrx_word' id='word_1_130' title='bbox 820 1811 943 1877; x_wconf 87' lang='lat' dir='ltr'><strong>domini</strong></span> <span class='ocrx_word' id='word_1_131' title='bbox 962 1810 1193 1893; x_wconf 84' lang='lat' dir='ltr'><strong>effervesceret,</strong></span> 
     </span>
     <span class='ocr_line' id='line_1_18' title="bbox 177 1898 1192 1984; baseline 0.001 -21"><span class='ocrx_word' id='word_1_132' title='bbox 177 1899 351 1982; x_wconf 82' lang='lat' dir='ltr'><strong>fugitivum</strong></span> <span class='ocrx_word' id='word_1_133' title='bbox 379 1920 442 1965; x_wconf 89' lang='lat' dir='ltr'><strong>non</strong></span> <span class='ocrx_word' id='word_1_134' title='bbox 474 1921 558 1982; x_wconf 91' lang='lat' dir='ltr'><strong>esse,</strong></span> <span class='ocrx_word' id='word_1_135' title='bbox 586 1900 683 1965; x_wconf 89' lang='lat' dir='ltr'><strong>sicuti</strong></span> <span class='ocrx_word' id='word_1_136' title='bbox 706 1921 747 1964; x_wconf 90' lang='lat' dir='ltr'><strong>ne</strong></span> <span class='ocrx_word' id='word_1_137' title='bbox 771 1921 844 1965; x_wconf 90' lang='lat' dir='ltr'><strong>eum</strong></span> <span class='ocrx_word' id='word_1_138' title='bbox 868 1898 1012 1984; x_wconf 83' lang='lat' dir='ltr'><strong>quidem,</strong></span> <span class='ocrx_word' id='word_1_139' title='bbox 1041 1900 1192 1983; x_wconf 88' lang='lat' dir='ltr'><strong>quicum</strong></span> 
     </span>
     <span class='ocr_line' id='line_1_19' title="bbox 178 1986 1193 2073; baseline 0 -21"><span class='ocrx_word' id='word_1_140' title='bbox 178 1987 346 2054; x_wconf 90' lang='lat' dir='ltr'><strong>dominum</strong></span> <span class='ocrx_word' id='word_1_141' title='bbox 375 1989 645 2054; x_wconf 87' lang='lat' dir='ltr'><strong>animadverteret</strong></span> <span class='ocrx_word' id='word_1_142' title='bbox 670 1987 857 2054; x_wconf 81' lang='lat' dir='ltr'><strong>verberibus</strong></span> <span class='ocrx_word' id='word_1_143' title='bbox 883 2010 917 2052; x_wconf 87' lang='lat' dir='ltr'><strong>se</strong></span> <span class='ocrx_word' id='word_1_144' title='bbox 940 1986 1077 2053; x_wconf 84' lang='lat' dir='ltr'><strong>adficere</strong></span> <span class='ocrx_word' id='word_1_145' title='bbox 1100 1988 1193 2073; x_wconf 85' lang='lat' dir='ltr'><strong>velle,</strong></span> 
     </span>
     <span class='ocr_line' id='line_1_20' title="bbox 176 2075 1193 2162; baseline 0 -22"><span class='ocrx_word' id='word_1_146' title='bbox 176 2075 409 2161; x_wconf 86' lang='lat' dir='ltr'><strong>praeripuisset</strong></span> <span class='ocrx_word' id='word_1_147' title='bbox 432 2099 466 2142; x_wconf 88' lang='lat' dir='ltr'><strong>ec</strong></span> <span class='ocrx_word' id='word_1_148' title='bbox 490 2078 531 2143; x_wconf 90' lang='lat' dir='ltr'><strong>ad</strong></span> <span class='ocrx_word' id='word_1_149' title='bbox 555 2077 704 2160; x_wconf 87' lang='lat' dir='ltr'><strong>amioum,</strong></span> <span class='ocrx_word' id='word_1_150' title='bbox 727 2099 822 2162; x_wconf 88' lang='lat' dir='ltr'><strong>quem</strong></span> <span class='ocrx_word' id='word_1_151' title='bbox 844 2077 883 2142; x_wconf 87' lang='lat' dir='ltr'><strong>ad</strong></span> <span class='ocrx_word' id='word_1_152' title='bbox 903 2077 1100 2161; x_wconf 85' lang='lat' dir='ltr'><strong>precandum</strong></span> <span class='ocrx_word' id='word_1_153' title='bbox 1118 2098 1193 2160; x_wconf 90' lang='lat' dir='ltr'><strong>per-</strong></span> 
     </span>
     <span class='ocr_line' id='line_1_21' title="bbox 178 2165 1193 2251; baseline 0.002 -23"><span class='ocrx_word' id='word_1_154' title='bbox 178 2165 316 2231; x_wconf 87' lang='lat' dir='ltr'><strong>duceret.</strong></span> <span class='ocrx_word' id='word_1_155' title='bbox 357 2187 397 2230; x_wconf 90' lang='lat' dir='ltr'><strong>ne</strong></span> <span class='ocrx_word' id='word_1_156' title='bbox 426 2188 500 2231; x_wconf 90' lang='lat' dir='ltr'><strong>eum</strong></span> <span class='ocrx_word' id='word_1_157' title='bbox 528 2166 657 2250; x_wconf 90' lang='lat' dir='ltr'><strong>quidem</strong></span> <span class='ocrx_word' id='word_1_158' title='bbox 680 2165 855 2250; x_wconf 85' lang='lat' dir='ltr'><strong>fugitivum</strong></span> <span class='ocrx_word' id='word_1_159' title='bbox 879 2187 963 2249; x_wconf 86' lang='lat' dir='ltr'><strong>esse,</strong></span> <span class='ocrx_word' id='word_1_160' title='bbox 994 2166 1049 2251; x_wconf 93' lang='lat' dir='ltr'><strong>qui</strong></span> <span class='ocrx_word' id='word_1_161' title='bbox 1072 2166 1106 2228; x_wconf 94' lang='lat' dir='ltr'><strong>in</strong></span> <span class='ocrx_word' id='word_1_162' title='bbox 1130 2165 1193 2230; x_wconf 90' lang='lat' dir='ltr'><strong>hoc</strong></span> 
     </span>
     <span class='ocr_line' id='line_1_22' title="bbox 136 2252 1191 2340; baseline 0.001 -22"><span class='ocrx_word' id='word_1_163' title='bbox 136 2252 143 2267; x_wconf 84' lang='lat'><strong>‘</strong></span> <span class='ocrx_word' id='word_1_164' title='bbox 177 2275 368 2339; x_wconf 82' lang='lat' dir='ltr'><strong>progressus</strong></span> <span class='ocrx_word' id='word_1_165' title='bbox 388 2259 446 2337; x_wconf 83' lang='lat' dir='ltr'><strong>est,</strong></span> <span class='ocrx_word' id='word_1_166' title='bbox 467 2258 503 2319; x_wconf 90' lang='lat' dir='ltr'><strong>ut</strong></span> <span class='ocrx_word' id='word_1_167' title='bbox 522 2277 556 2320; x_wconf 92' lang='lat' dir='ltr'><strong>se</strong></span> <span class='ocrx_word' id='word_1_168' title='bbox 575 2255 814 2340; x_wconf 86' lang='lat' dir='ltr'><strong>praecipitaret,</strong></span> <span class='ocrx_word' id='word_1_169' title='bbox 838 2259 980 2320; x_wconf 87' lang='lat' dir='ltr'><strong>ceterum</strong></span> <span class='ocrx_word' id='word_1_170' title='bbox 999 2255 1097 2319; x_wconf 91' lang='lat' dir='ltr'><strong>etiam</strong></span> <span class='ocrx_word' id='word_1_171' title='bbox 1117 2276 1191 2319; x_wconf 91' lang='lat' dir='ltr'><strong>eum</strong></span> 
     </span>
     <span class='ocr_line' id='line_1_23' title="bbox 177 2342 1189 2430; baseline -0.001 -23"><span class='ocrx_word' id='word_1_172' title='bbox 177 2342 248 2427; x_wconf 89' lang='lat' dir='ltr'><strong>quis</strong></span> <span class='ocrx_word' id='word_1_173' title='bbox 275 2342 451 2430; x_wconf 85' lang='lat' dir='ltr'><strong>fugitivum</strong></span> <span class='ocrx_word' id='word_1_174' title='bbox 478 2344 611 2427; x_wconf 87' lang='lat' dir='ltr'><strong>diceret,</strong></span> <span class='ocrx_word' id='word_1_175' title='bbox 640 2345 694 2429; x_wconf 89' lang='lat' dir='ltr'><strong>qui</strong></span> <span class='ocrx_word' id='word_1_176' title='bbox 722 2344 809 2408; x_wconf 89' lang='lat' dir='ltr'><strong>domi</strong></span> <span class='ocrx_word' id='word_1_177' title='bbox 833 2344 866 2408; x_wconf 91' lang='lat' dir='ltr'><strong>in</strong></span> <span class='ocrx_word' id='word_1_178' title='bbox 889 2344 992 2408; x_wconf 89' lang='lat' dir='ltr'><strong>altum</strong></span> <span class='ocrx_word' id='word_1_179' title='bbox 1015 2343 1123 2408; x_wconf 90' lang='lat' dir='ltr'><strong>locum</strong></span> <span class='ocrx_word' id='word_1_180' title='bbox 1147 2343 1189 2408; x_wconf 88' lang='lat' dir='ltr'><strong>ad</strong></span> 
     </span>
     <span class='ocr_line' id='line_1_24' title="bbox 176 2432 1190 2518; baseline 0 -22"><span class='ocrx_word' id='word_1_181' title='bbox 176 2432 455 2518; x_wconf 87' lang='lat' dir='ltr'><strong>praecipitandum</strong></span> <span class='ocrx_word' id='word_1_182' title='bbox 475 2455 509 2498; x_wconf 91' lang='lat' dir='ltr'><strong>se</strong></span> <span class='ocrx_word' id='word_1_183' title='bbox 528 2432 733 2515; x_wconf 86' lang='lat' dir='ltr'><strong>ascendisset,</strong></span> <span class='ocrx_word' id='word_1_184' title='bbox 758 2433 927 2518; x_wconf 85' lang='lat' dir='ltr'><strong>magisque</strong></span> <span class='ocrx_word' id='word_1_185' title='bbox 945 2433 1032 2496; x_wconf 86' lang='lat' dir='ltr'><strong>buno</strong></span> <span class='ocrx_word' id='word_1_186' title='bbox 1051 2439 1190 2496; x_wconf 87' lang='lat' dir='ltr'><strong>mortem</strong></span> 
     </span>
     <span class='ocr_line' id='line_1_25' title="bbox 177 2520 1192 2605; baseline -0.001 -20"><span class='ocrx_word' id='word_1_187' title='bbox 177 2521 241 2586; x_wconf 87' lang='lat' dir='ltr'><strong>sibi</strong></span> <span class='ocrx_word' id='word_1_188' title='bbox 265 2521 464 2588; x_wconf 84' lang='lat' dir='ltr'><strong>consciscere</strong></span> <span class='ocrx_word' id='word_1_189' title='bbox 482 2521 635 2588; x_wconf 82' lang='lat' dir='ltr'><strong>voluisse.</strong></span> <span class='ocrx_word' id='word_1_190' title='bbox 675 2521 756 2586; x_wconf 87' lang='lat' dir='ltr'><strong>illud</strong></span> <span class='ocrx_word' id='word_1_191' title='bbox 779 2523 875 2604; x_wconf 90' lang='lat' dir='ltr'><strong>enim,</strong></span> <span class='ocrx_word' id='word_1_192' title='bbox 897 2520 983 2605; x_wconf 91' lang='lat' dir='ltr'><strong>quod</strong></span> <span class='ocrx_word' id='word_1_193' title='bbox 1004 2522 1192 2604; x_wconf 90' lang='lat' dir='ltr'><strong>plerumque</strong></span> 
     </span>
    </p>
   </div>
   <div class='ocr_carea' id='block_1_7' title="bbox 177 2607 1192 2872">
    <p class='ocr_par' dir='ltr' id='par_1_7' title="bbox 177 2607 1192 2872">
     <span class='ocr_line' id='line_1_26' title="bbox 177 2607 1192 2696; baseline -0.002 -21"><span class='ocrx_word' id='word_1_194' title='bbox 177 2611 218 2676; x_wconf 95' lang='lat' dir='ltr'><strong>ab</strong></span> <span class='ocrx_word' id='word_1_195' title='bbox 237 2610 505 2696; x_wconf 88' lang='lat' dir='ltr'><strong>imprudentibus,</strong></span> <span class='ocrx_word' id='word_1_196' title='bbox 519 2611 634 2696; x_wconf 88' lang='lat' dir='ltr'><strong>inquit,</strong></span> <span class='ocrx_word' id='word_1_197' title='bbox 647 2610 711 2676; x_wconf 91' lang='lat' dir='ltr'><strong>dici</strong></span> <span class='ocrx_word' id='word_1_198' title='bbox 726 2611 817 2693; x_wconf 90' lang='lat' dir='ltr'><strong>solet,</strong></span> <span class='ocrx_word' id='word_1_199' title='bbox 832 2633 905 2674; x_wconf 89' lang='lat' dir='ltr'><strong>eum</strong></span> <span class='ocrx_word' id='word_1_200' title='bbox 920 2631 991 2674; x_wconf 89' lang='lat' dir='ltr'><strong>esse</strong></span> <span class='ocrx_word' id='word_1_201' title='bbox 1005 2607 1192 2694; x_wconf 86' lang='lat' dir='ltr'><strong>fugitivum,</strong></span> 
     </span>
     <span class='ocr_line' id='line_1_27' title="bbox 178 2699 1192 2784; baseline -0.002 -20"><span class='ocrx_word' id='word_1_202' title='bbox 178 2700 233 2784; x_wconf 93' lang='lat' dir='ltr'><strong>qui</strong></span> <span class='ocrx_word' id='word_1_203' title='bbox 251 2705 347 2766; x_wconf 89' lang='lat' dir='ltr'><strong>nocte</strong></span> <span class='ocrx_word' id='word_1_204' title='bbox 367 2701 476 2784; x_wconf 90' lang='lat' dir='ltr'><strong>aliqua</strong></span> <span class='ocrx_word' id='word_1_205' title='bbox 494 2701 565 2765; x_wconf 90' lang='lat' dir='ltr'><strong>sine</strong></span> <span class='ocrx_word' id='word_1_206' title='bbox 579 2701 748 2766; x_wconf 82' lang='lat' dir='ltr'><strong>voluntate</strong></span> <span class='ocrx_word' id='word_1_207' title='bbox 768 2700 889 2765; x_wconf 89' lang='lat' dir='ltr'><strong>domini</strong></span> <span class='ocrx_word' id='word_1_208' title='bbox 904 2699 1106 2776; x_wconf 87' lang='lat' dir='ltr'><strong>emansisset,</strong></span> <span class='ocrx_word' id='word_1_209' title='bbox 1125 2719 1192 2762; x_wconf 91' lang='lat' dir='ltr'><strong>non</strong></span> 
     </span>
     <span class='ocr_line' id='line_1_28' title="bbox 177 2785 1192 2872; baseline 0.001 -19"><span class='ocrx_word' id='word_1_210' title='bbox 177 2810 248 2853; x_wconf 88' lang='lat' dir='ltr'><strong>esse</strong></span> <span class='ocrx_word' id='word_1_211' title='bbox 264 2811 385 2871; x_wconf 85' lang='lat' dir='ltr'><strong>verum,</strong></span> <span class='ocrx_word' id='word_1_212' title='bbox 400 2788 455 2853; x_wconf 90' lang='lat' dir='ltr'><strong>sed</strong></span> <span class='ocrx_word' id='word_1_213' title='bbox 471 2790 511 2854; x_wconf 91' lang='lat' dir='ltr'><strong>ab</strong></span> <span class='ocrx_word' id='word_1_214' title='bbox 527 2789 645 2854; x_wconf 85' lang='lat' dir='ltr'><strong>affectu</strong></span> <span class='ocrx_word' id='word_1_215' title='bbox 659 2788 761 2854; x_wconf 92' lang='lat' dir='ltr'><strong>animi</strong></span> <span class='ocrx_word' id='word_1_216' title='bbox 775 2789 928 2872; x_wconf 88' lang='lat' dir='ltr'><strong>cuiusque</strong></span> <span class='ocrx_word' id='word_1_217' title='bbox 942 2785 1192 2854; x_wconf 88' lang='lat' dir='ltr'><strong>aestimandum.</strong></span> 
     </span>
    </p>
   </div>
   <div class='ocr_carea' id='block_1_8' title="bbox 176 2897 1191 3066">
    <p class='ocr_par' dir='ltr' id='par_1_8' title="bbox 176 2897 1191 3066">
     <span class='ocr_line' id='line_1_29' title="bbox 266 2897 1191 2975; baseline 0.001 -18"><span class='ocrx_word' id='word_1_218' title='bbox 266 2899 351 2958; x_wconf 91' lang='lat' dir='ltr'><strong>Hanc</strong></span> <span class='ocrx_word' id='word_1_219' title='bbox 366 2899 486 2959; x_wconf 86' lang='lat' dir='ltr'><strong>Proculi</strong></span> <span class='ocrx_word' id='word_1_220' title='bbox 503 2899 682 2960; x_wconf 87' lang='lat' dir='ltr'><strong>sententiam</strong></span> <span class='ocrx_word' id='word_1_221' title='bbox 696 2899 905 2975; x_wconf 78' lang='lat' dir='ltr'><strong>Epistularum</strong></span> <span class='ocrx_word' id='word_1_222' title='bbox 918 2899 1002 2958; x_wconf 85' lang='lat' dir='ltr'><strong>libris</strong></span> <span class='ocrx_word' id='word_1_223' title='bbox 1017 2897 1191 2958; x_wconf 86' lang='lat' dir='ltr'><strong>adtribuere</strong></span> 
     </span>
     <span class='ocr_line' id='line_1_30' title="bbox 176 2986 1026 3066; baseline 0 -20"><span class='ocrx_word' id='word_1_224' title='bbox 176 2986 244 3046; x_wconf 87' lang='lat' dir='ltr'><strong>ideo</strong></span> <span class='ocrx_word' id='word_1_225' title='bbox 267 2987 474 3066; x_wconf 87' lang='lat' dir='ltr'><strong>prohibemur,</strong></span> <span class='ocrx_word' id='word_1_226' title='bbox 496 2989 575 3065; x_wconf 90' lang='lat' dir='ltr'><strong>quod</strong></span> <span class='ocrx_word' id='word_1_227' title='bbox 598 2987 744 3048; x_wconf 84' lang='lat' dir='ltr'><strong>Vivianue</strong></span> <span class='ocrx_word' id='word_1_228' title='bbox 767 2988 853 3046; x_wconf 87' lang='lat' dir='ltr'><strong>testis</strong></span> <span class='ocrx_word' id='word_1_229' title='bbox 877 2986 1026 3046; x_wconf 89' lang='lat' dir='ltr'><strong>laudatur.</strong></span> 
     </span>
    </p>
   </div>
   <div class='ocr_carea' id='block_1_9' title="bbox 561 3149 805 3215">
    <p class='ocr_par' dir='ltr' id='par_1_9' title="bbox 561 3149 805 3215">
     <span class='ocr_line' id='line_1_31' title="bbox 561 3149 805 3215; baseline -0.008 0"><span class='ocrx_word' id='word_1_230' title='bbox 561 3149 611 3215; x_wconf 86' lang='lat' dir='ltr'><strong>De</strong></span> <span class='ocrx_word' id='word_1_231' title='bbox 633 3149 805 3214; x_wconf 71' lang='lat' dir='ltr'><strong>madata?</strong></span> 
     </span>
    </p>
   </div>
   <div class='ocr_carea' id='block_1_10' title="bbox 176 3272 1190 3625">
    <p class='ocr_par' dir='ltr' id='par_1_10' title="bbox 176 3272 1190 3625">
     <span class='ocr_line' id='line_1_32' title="bbox 264 3272 1188 3360; baseline 0 -22"><span class='ocrx_word' id='word_1_232' title='bbox 264 3274 294 3338; x_wconf 87' lang='grc'><strong>9.</strong></span> <span class='ocrx_word' id='word_1_233' title='bbox 322 3273 360 3339; x_wconf 90' lang='lat' dir='ltr'><strong>D.</strong></span> <span class='ocrx_word' id='word_1_234' title='bbox 378 3273 427 3352; x_wconf 88' lang='lat'><strong>19,</strong></span> <span class='ocrx_word' id='word_1_235' title='bbox 441 3275 472 3357; x_wconf 83' lang='lat'><strong>2,</strong></span> <span class='ocrx_word' id='word_1_236' title='bbox 488 3273 538 3358; x_wconf 84' lang='lat'><strong>15,</strong></span> <span class='ocrx_word' id='word_1_237' title='bbox 553 3275 582 3340; x_wconf 87' lang='lat'><strong>8.</strong></span> <span class='ocrx_word' id='word_1_238' title='bbox 627 3272 717 3338; x_wconf 92' lang='lat' dir='ltr'><strong>Idem</strong></span> <span class='ocrx_word' id='word_1_239' title='bbox 742 3272 799 3359; x_wconf 86' lang='lat' dir='ltr'><strong>(sc.</strong></span> <span class='ocrx_word' id='word_1_240' title='bbox 823 3272 998 3360; x_wconf 89' lang='lat' dir='ltr'><strong>Ulpianus)</strong></span> <span class='ocrx_word' id='word_1_241' title='bbox 1021 3273 1106 3338; x_wconf 90' lang='lat' dir='ltr'><strong>libro</strong></span> <span class='ocrx_word' id='word_1_242' title='bbox 1131 3274 1188 3338; x_wconf 89' lang='lat' dir='ltr'><strong>tri-</strong></span> 
     </span>
     <span class='ocr_line' id='line_1_33' title="bbox 177 3359 1190 3452; baseline 0.003 -27"><span class='ocrx_word' id='word_1_243' title='bbox 177 3363 322 3447; x_wconf 81' lang='lat' dir='ltr'><strong>gensimo</strong></span> <span class='ocrx_word' id='word_1_244' title='bbox 346 3363 485 3428; x_wconf 89' lang='lat' dir='ltr'><strong>secundo</strong></span> <span class='ocrx_word' id='word_1_245' title='bbox 509 3364 549 3428; x_wconf 87' lang='lat' dir='ltr'><strong>ad</strong></span> <span class='ocrx_word' id='word_1_246' title='bbox 573 3362 713 3428; x_wconf 91' lang='lat' dir='ltr'><strong>edictum</strong></span> <span class='ocrx_word' id='word_1_247' title='bbox 736 3361 786 3452; x_wconf 88' lang='lat' dir='ltr'><strong>(P.</strong></span> <span class='ocrx_word' id='word_1_248' title='bbox 805 3359 893 3448; x_wconf 82' lang='lat'><strong>949).</strong></span> <span class='ocrx_word' id='word_1_249' title='bbox 924 3401 966 3410; x_wconf 90' lang='lat'><em>-</em></span> <span class='ocrx_word' id='word_1_250' title='bbox 994 3411 1029 3428; x_wconf 90' lang='lat'><strong>..</strong></span> <span class='ocrx_word' id='word_1_251' title='bbox 1054 3363 1082 3427; x_wconf 91' lang='lat' dir='ltr'><strong>si</strong></span> <span class='ocrx_word' id='word_1_252' title='bbox 1104 3361 1190 3428; x_wconf 89' lang='lat' dir='ltr'><strong>forte</strong></span> 
     </span>
     <span class='ocr_line' id='line_1_34' title="bbox 177 3448 1188 3540; baseline 0.002 -26"><span class='ocrx_word' id='word_1_253' title='bbox 177 3451 324 3516; x_wconf 90' lang='lat' dir='ltr'><strong>dominus</strong></span> <span class='ocrx_word' id='word_1_254' title='bbox 347 3451 411 3516; x_wconf 87' lang='lat' dir='ltr'><strong>frui</strong></span> <span class='ocrx_word' id='word_1_255' title='bbox 432 3473 498 3516; x_wconf 92' lang='lat' dir='ltr'><strong>non</strong></span> <span class='ocrx_word' id='word_1_256' title='bbox 517 3453 659 3537; x_wconf 90' lang='lat' dir='ltr'><strong>patiatur</strong></span> <span class='ocrx_word' id='word_1_257' title='bbox 678 3448 736 3540; x_wconf 90' lang='lat' dir='ltr'><strong>(sc.</strong></span> <span class='ocrx_word' id='word_1_258' title='bbox 755 3453 930 3538; x_wconf 90' lang='lat' dir='ltr'><strong>colonum),</strong></span> <span class='ocrx_word' id='word_1_259' title='bbox 952 3453 1005 3518; x_wconf 82' lang='lat' dir='ltr'><strong>vel</strong></span> <span class='ocrx_word' id='word_1_260' title='bbox 1025 3451 1188 3537; x_wconf 87' lang='lat' dir='ltr'><strong>cumipse</strong></span> 
     </span>
     <span class='ocr_line' id='line_1_35' title="bbox 176 3540 1186 3625; baseline 0.001 -22"><span class='ocrx_word' id='word_1_261' title='bbox 176 3540 318 3604; x_wconf 85' lang='lat' dir='ltr'><strong>locasset</strong></span> <span class='ocrx_word' id='word_1_262' title='bbox 344 3541 394 3606; x_wconf 87' lang='lat' dir='ltr'><strong>vel</strong></span> <span class='ocrx_word' id='word_1_263' title='bbox 422 3561 495 3606; x_wconf 90' lang='lat' dir='ltr'><strong>cum</strong></span> <span class='ocrx_word' id='word_1_264' title='bbox 523 3543 604 3608; x_wconf 91' lang='lat' dir='ltr'><strong>alius</strong></span> <span class='ocrx_word' id='word_1_265' title='bbox 633 3541 774 3610; x_wconf 86' lang='lat' dir='ltr'><strong>alienum</strong></span> <span class='ocrx_word' id='word_1_266' title='bbox 802 3542 853 3608; x_wconf 87' lang='lat' dir='ltr'><strong>vel</strong></span> <span class='ocrx_word' id='word_1_267' title='bbox 881 3541 974 3625; x_wconf 89' lang='lat' dir='ltr'><strong>quasi</strong></span> <span class='ocrx_word' id='word_1_268' title='bbox 995 3549 1186 3624; x_wconf 90' lang='lat' dir='ltr'><strong>procurator</strong></span> 
     </span>
    </p>
   </div>
   <div class='ocr_carea' id='block_1_11' title="bbox 0 0 1302 3902">
    <p class='ocr_par' dir='ltr' id='par_1_11' title="bbox 0 0 1302 3902">
     <span class='ocr_line' id='line_1_36' title="bbox 0 0 1302 3902; baseline 0 0"><span class='ocrx_word' id='word_1_269' title='bbox 0 0 1302 3902; x_wconf 95' lang='lat' dir='ltr'><strong> </strong></span> 
     </span>
    </p>
   </div>
  </div>
 </body>
</html>
