2568 3912
181 226 246 291 564
548 220 824 276 4444444444.

181 391 340 454 bonorum
362 390 530 470 raptorum
552 385 670 451 iudicio
693 388 829 468 tenetur,
852 384 990 450 maxime
1013 385 1042 448 si
1061 406 1129 449 non
1150 385 1193 449 in-

181 476 358 561 tellegebat
376 497 415 540 ex
439 473 610 558 naufragio
633 473 684 538 vel
707 435 852 538 incendio
871 474 1003 537 ruinave
1024 495 1096 538 eam
1115 495 1193 538 esse.

182 567 340 631 iacentem
364 585 491 668 quoque
513 585 581 628 rem
601 585 640 626 ex
658 558 839 648 naufragio,
862 583 943 647 quae
967 561 1045 626 fluet
1045 561 1118 626 ibus
1143 585 1191 626 ex·

182 656 275 739 pulsa
299 653 352 738 sit,
376 654 403 718 si
427 654 498 738 quis
523 652 701 735 abstulerit,
724 651 868 735 plerique
891 649 976 715 idem
1000 655 1127 734 putant

506 802 555 870 De
577 805 644 867 lare
666 803 864 868 deliberandi.

273 921 344 985 177.
390 918 430 984 Ι).
449 920 501 998 30,
521 919 571 984 87.
616 916 813 1002 Papinianus
829 917 914 982 libro
934 920 1048 983 octavo
1068 916 1192 983 decimo

183 1009 424 1086 Quaestionum.
453 1044 495 1054 -
523 1007 606 1071 Filio
637 1010 739 1091 pater,
771 1027 864 1090 quem
894 1007 928 1070 in
955 1008 1118 1090 potestate
1145 1028 1193 1070 re·

181 1099 295 1177 tinuit,
331 1097 441 1162 heredi
481 1117 540 1179 pro
576 1099 668 1180 parte
704 1095 855 1160 instituto
891 1096 1035 1179 legatum
1069 1116 1193 1179 quoque

184 1186 338 1270 relinquit
438 1185 597 1249 sententia
620 1187 670 1248 est
693 1183 946 1249 existimantium
970 1183 1193 1269 denegandam

185 1277 214 1342 ei
237 1275 337 1358 legati
360 1273 558 1358 petitionem,
592 1271 620 1338 si
653 1273 754 1357 patris
779 1271 972 1337 abstinuerit
1003 1271 1191 1337 hereditate.

273 1364 346 1429 178.
392 1361 431 1428 D.
445 1363 497 1444 29,
515 1363 545 1442 2,
565 1362 617 1444 20,
635 1363 666 1426 4.
711 1360 870 1445 Ulpianus
890 1362 974 1425 libro
990 1361 1191 1444 sexagesimo

182 1454 287 1539 primo
303 1452 343 1516 ad
357 1451 505 1516 edictum.
521 1487 562 1498 -
578 1450 775 1534 Papinianus
790 1449 905 1516 scribit
923 1449 1026 1516 filiurn
1040 1449 1192 1514 heredem

181 1542 368 1607 institutum
410 1541 465 1625 qui
504 1561 537 1604 se
573 1540 668 1604 bonis
706 1539 851 1623 paternis
894 1539 1053 1603 abstinuit
1094 1539 1192 1624 volgo

180 1638 296 1715 putare
312 1641 315 1649 ⁴
330 1630 495 1715 quosdam,
523 1628 551 1692 si
579 1652 598 1694 a
627 1632 714 1692 statu
742 1627 843 1694 libero
866 1627 1038 1712 pecuniam
1061 1629 1193 1712 accepit,

183 1743 201 1784 a
229 1719 442 1784 creditoribus
471 1717 738 1795 conveniendum,
767 1717 835 1781 sive
862 1717 986 1781 nummi
1015 1716 1194 1800 peculiares

57 1885 59 1892 y
182 1808 304 1872 fuerint
331 1807 398 1872 sive
426 1828 493 1872 non
520 1806 653 1888 fuerint,
684 1806 759 1889 quia
787 1827 826 1868 ex
853 1804 996 1870 defuncti
1024 1805 1194 1870 voluntate

183 1896 348 1980 accipitur,
372 1895 455 1979 quod
480 1894 677 1960 condicionis
699 1894 879 1976 implendae
903 1915 1001 1958 causa
1024 1893 1128 1960 datur.

274 1985 345 2051 179.
391 1983 430 2048 D:
454 1984 506 2065 29,
529 1985 560 2065 4,
583 1984 635 2066 24,
661 1985 688 2048 1.
732 1982 853 2050 Paulus
880 1982 963 2047 libro
991 1983 1194 2068 sexagesimo

184 2075 224 2139 ad
239 2073 387 2138 edietum.
402 2109 446 2118 -
461 2070 512 2159 (Si
526 2073 600 2137 dolo
615 2072 731 2136 tutoris
748 2071 893 2148 omiserit
906 2070 1048 2156 pupillus
1062 2093 1196 2137 causam

182 2161 371 2228 testamenti
395 2167 427 2226 et
454 2161 634 2246 legitimam
659 2160 869 2225 hereditatem
892 2157 1067 2244 possideat,
1091 2161 1196 2225 danda

172 2257 234 2327 est
261 2251 443 2334 legatorum
471 2251 555 2315 actio
584 2250 618 2313 in
645 2249 828 2333 pupillum.)
859 2248 914 2313 red
942 2249 1003 2314 hoc
1032 2252 1065 2313 et
1092 2249 1128 2313 in
1157 2272 1194 2315 eo

184 2342 241 2425 qui
269 2341 371 2426 pubes
400 2342 449 2403 est
478 2339 622 2422 plerique
649 2341 765 2419 putant
792 2337 1040 2418 observandum,
1071 2342 1108 2402 ut
1137 2360 1195 2424 pro

184 2451 247 2513 qua
265 2433 359 2513 parte
377 2428 551 2512 possideat,
568 2431 726 2510 teneatur,
746 2427 894 2510 quamvis
910 2429 1041 2511 praetor
1059 2428 1194 2512 perinde

183 2520 217 2582 in
240 2539 313 2584 eum
337 2517 391 2582 det
415 2517 582 2600 actionem,
607 2518 703 2600 atque
727 2516 755 2579 si
779 2516 901 2580 adisset
924 2514 1147 2581 hereditatem.

184 2679 233 2746 Na
259 2679 337 2761 qaid
358 2679 392 2742 la
419 2677 548 2759 flamine
564 2676 686 2758 publico
709 2676 815 2757 ripaue
837 2676 902 2740 eiua
924 2676 992 2758 fiat,
1019 2697 1080 2758 quo
1103 2677 1195 2742 aliter

590 2785 673 2847 aqua
694 2765 782 2846 fluat.

275 2873 348 2939 180.
393 2872 432 2938 D.
464 2873 522 2956 43,
561 2873 615 2950 13,
652 2873 684 2954 1,
717 2872 745 2936 6.
792 2869 951 2956 Ulpianus
985 2870 1069 2935 libro
1108 2893 1198 2935 sexa·

186 2963 333 3046 gensimo
358 2967 472 3027 octavo
493 2961 532 3025 ad
552 2960 766 3027 edictum-
791 2957 873 3024 Sunt
891 2959 945 3062 qui
964 2962 1089 3043 putent,
1113 2960 1197 3024 exci-

185 3050 337 3133 piendum
365 3050 427 3115 hoc
454 3049 638 3114 interdicto:
665 3048 763 3134 quod
794 3047 862 3114 eius
889 3049 979 3132 ripae
1003 3047 1197 3112 muniendae

186 3159 284 3202 causa
306 3160 371 3203 non
394 3137 471 3221 fiet',
502 3138 624 3202 scilicet
657 3141 701 3220 ut,
734 3137 762 3202 si
794 3137 961 3222 quidt
902 3136 974 3219 fiat,
1003 3158 1066 3220 quo
1101 3137 1198 3240 aliter

187 3248 271 3309 aqua
297 3227 386 3308 fluat,
417 3225 444 3290 si
462 3188 580 3290 tamen
603 3227 794 3291 muniendae
824 3227 913 3311 ripae
937 3247 1035 3291 causa
1056 3225 1185 3305 fiatin

184 3314 323 3378 terdicta
342 3314 434 3378 locus
453 3335 519 3378 non
539 3314 591 3378 sit.
637 3315 693 3378 sed
706 3336 765 3380 nec
783 3315 845 3380 hoc
865 3312 1057 3399 quibusdam
1076 3316 1199 3399 placet·

186 3423 418 3553 nequde
322 3401 407 3465 enirn
439 3403 528 3484 ripae
557 3424 630 3467 curn
653 3403 855 3468 incommodo
880 3403 1097 3484 accolentiqm
1129 3425 1199 3468 mu·

185 3511 257 3554 nien
283 3511 319 3553 ae
343 3491 425 3552 sunt.

206 3611 209 3618 .
275 3584 310 3642 cf.
335 3582 426 3641 Lenel
449 3581 545 3643 Ediot.
525 3586 595 3658 tp.
622 3584 684 3644 369
708 3603 737 3642 n
761 3586 790 3644 8.
