2580 3900
18 345 20 458 l

445 249 470 301 8.
490 243 643 300 URSEIUS
661 244 784 301 FEROX
1055 245 1120 310 175

113 413 280 491 fragmenta
312 413 473 472 secundum
503 413 614 473 Iulieni
644 413 791 473 librorum
821 415 971 492 ordinem,
1003 414 1123 490 qualem

18 491 19 566 ?
113 520 201 577 supra
223 501 375 580 proposui,
398 502 536 562 exhibere
559 501 700 562 idoneum
722 503 850 564 videtur.

502 629 612 740 hiber
633 680 731 739 I-X.

484 788 534 854 Dc
557 791 751 856 testamentis,

200 896 244 962 1?
267 894 307 961 D.
322 895 373 978 29,
387 897 418 978 2,
432 894 485 981 45,
499 897 529 961 4.
560 895 651 961 Idem
670 893 902 984 (sellulianus)
916 897 998 962 libro
1017 897 1122 982 primo

113 985 149 1050 ad
178 983 332 1050 Urseium
358 983 511 1050 Ferocem
539 982 588 1071 (P.
608 983 697 1072 884).
729 1022 766 1031 —
797 1009 898 1052 ...u
930 987 1122 1070 quibusdam

112 1073 330 1157 respondetur,
351 1074 379 1138 si
398 1073 481 1139 liber
495 1073 594 1138 homo
608 1075 663 1159 qui
678 1071 839 1139 bonafide
854 1073 935 1139 mihi
951 1075 1122 1159 serviebat,

111 1166 243 1248 propter
264 1183 316 1227 me
337 1162 432 1227 heres
453 1161 622 1228 institutus
642 1164 713 1248 crit,
735 1184 831 1248 posse
850 1185 922 1228 eum
942 1162 1032 1228 iussu
1051 1185 1122 1229 meo

112 1252 197 1316 edire
221 1251 443 1316 hereditatem.

196 1345 289 1422 Apud
310 1344 462 1404 Iulianum
486 1345 611 1422 legitur:
640 1339 736 1423 ‘quod
759 1365 777 1405 a
801 1346 979 1425 quibusdem
1002 1365 1123 1422 respon·

18 1513 20 1582 ,
112 1433 197 1494 detur
297 1433 379 1493 adire
402 1434 614 1511 hereditatem,
641 1437 742 1511 potest
764 1454 869 1495 verum
892 1428 968 1495 esse'
992 1438 1023 1494 et
1047 1455 1075 1512 q.
1100 1454 1123 1494 s.

422 1586 471 1654 Dc
494 1590 636 1673 leytttruis
658 1589 822 1656 tcredctus.

200 1696 242 1762 22
266 1694 306 1760 D.
320 1695 377 1777 46,
391 1696 421 1776 3,
436 1696 487 1762 36.
524 1695 670 1761 Iulianus
689 1697 772 1762 libro
791 1697 897 1781 primo
917 1697 956 1761 ad
971 1696 1123 1763 Urseium

18 1783 20 1792 ’
113 1784 265 1850 Ferocem
289 1780 339 1869 (P.
353 1780 442 1870 886).
466 1821 508 1832 —-
533 1784 568 1850 Si
592 1789 686 1869 pater
708 1807 799 1850 meus
822 1790 1000 1871 praegnute
1024 1808 1123 1851 uxore

115 1874 226 1939 relicta
254 1873 426 1938 decesserit
454 1876 488 1938 et
514 1895 553 1938 ex
581 1895 678 1938 causa
704 1873 900 1939 hereditaria
922 1878 1029 1941 totum
1052 1875 1123 1962 hoc,

18 1969 19 2048 t
115 1962 198 2048 quod
226 1963 313 2046 patri
340 1983 411 2027 meo
441 1961 584 2027 debitum
612 1963 741 2048 fuisset,
767 1965 935 2046 petissem,
963 1965 1045 2029 nihil
1074 1985 1123 2029 me

18 2049 19 2082 f
115 2051 353 2135 consumpsisse
382 2050 512 2135 quidam
540 2049 741 2136 existiment,
763 2051 813 2137 <si
836 2056 1004 2138 postumus
1028 2058 1123 2119 natus

18 2171 20 2216 ?
116 2141 189 2224 sit>3
212 2139 355 2205 sinemo
373 2143 470 2204 nutus
489 2140 542 2224 sit,
560 2143 646 2206 recte
664 2163 715 2206 me
735 2146 850 2226 egisse,
868 2143 943 2227 quia
962 2144 996 2207 in
1014 2165 1124 2209 rerum

115 2232 232 2294 natura
255 2249 366 2293 rerum
389 2227 504 2293 fuisset
527 2250 578 2293 me
601 2230 706 2295 solum
729 2230 879 2295 heredem
902 2230 1012 2296 fuisse.

199 2323 335 2382 Iulianus
354 2324 452 2382 notet:
473 2316 583 2382 ‘verius
602 2328 650 2384 est
667 2343 713 2383 me
733 2343 800 2384 eum
817 2327 935 2400 partem
949 2325 1123 2404 perdidisse,

114 2432 165 2488 pro
189 2430 250 2490 quu
272 2411 358 2470 heres
382 2411 514 2487 fuissem,
537 2416 699 2489 antequem
716 2416 831 2473 certum
849 2413 958 2473 fuisset
975 2415 1124 2473 neminem

114 2502 207 2577 nesci,
241 2504 296 2560 ent
326 2502 466 2577 quartem
492 2503 622 2578 partem,
653 2502 725 2577 quia
752 2504 813 2560 tres
841 2502 925 2561 nasci
951 2505 1123 2579 potuerunt,

114 2593 165 2650 eut
193 2591 326 2665 sextum,
353 2589 423 2666 quia
451 2589 588 2666 quinque.
635 2609 705 2649 nam
738 2592 769 2649 et
796 2588 976 2649 Aristoteles
1005 2590 1125 2666 scripsit

115 2679 245 2756 quinque
273 2677 357 2737 nesci
384 2697 484 2756 posse,
511 2679 582 2755 quic
608 2679 716 2741 vulvae
743 2678 903 2736 mulierum
929 2677 1055 2738 totidem
1077 2697 1123 2737 re·

116 2767 270 2844 ceptecule
298 2766 409 2826 hebere
431 2769 570 2842 possunt,
599 2769 630 2826 et
652 2785 717 2826 esse
739 2766 894 2824 mulierem
917 2767 1028 2826 Romae
1051 2766 1124 2826 Ale·
1190 2829 1194 2834 ,

114 2856 290 2916 xsndrinam
323 2855 362 2914 cb
389 2854 542 2933 Aegypto,
575 2874 650 2933 quae
678 2855 807 2933 quinque
836 2855 925 2914 simul
950 2856 1067 2931 peperit
1093 2859 1125 2916 et

116 2948 179 3004 tum
201 2944 335 3004 hahebat
357 2943 528 3022 incolumes,
552 2947 583 3004 et
605 2947 654 3005 htc
677 2947 708 3004 et
725 2946 757 3004 in
774 2944 913 3022 Aegypto
933 2945 1124 3006 adfirmatum

115 3038 160 3095 est
181 3026 277 3094 mihi'.

202 3123 239 3183 cf.
263 3121 388 3181 Pernice
411 3121 439 3199 I,
460 3123 533 3183 372.

525 3293 575 3360 De
598 3297 711 3380 tecutis

446 3417 493 3475 Dc
514 3419 669 3490 usufructu
691 3419 791 3492 locuto·

112 3541 116 3552 ·
202 3518 231 3583 3.
260 3515 300 3582 D.
317 3519 345 3602 7,
359 3518 390 3602 4,
406 3516 457 3602 10,
470 3516 500 3583 5.
547 3515 704 3602 Ulpianus
730 3517 813 3582 libro
838 3516 1123 3600 septimodecimo

18 3657 19 3662 .
116 3606 154 3673 cd
187 3605 345 3672 Sabinum
373 3605 421 3691 (P.
444 3605 570 3690 resch).
601 3642 638 3652 -
669 3605 703 3669 Si
735 3626 860 3669 messae
891 3625 969 3667 usus
999 3603 1123 3665 fructus
