2580 3900
476 218 502 266 4.
521 211 701 266 PLAUTIUS
1028 213 1093 276 223

84 375 130 464 (D.
147 385 196 454 18,
212 385 242 449 2,
259 385 312 442 19.
337 383 389 455 41,
404 383 433 455 4,
449 372 494 462 4),
517 379 618 457 tertio,
641 384 676 439 ut
693 378 821 457 videtur,
845 381 881 440 de
901 380 1098 441 servitutibus

83 471 273 548 praediorum
296 469 479 528 rusticorum
502 459 553 549 (D.
569 471 598 547 8,
615 470 642 546 6,
658 461 701 551 9).

167 559 263 618 Lenel
281 576 350 617 oum
367 577 463 634 neque
475 556 618 621 ¹Iauoleni
635 576 732 635 neque
750 557 908 633 Pomponii
927 578 964 617 ex
977 559 1099 619 Plautio

83 648 174 707 libros
203 667 272 706 cum
295 647 384 705 Pauli
410 646 557 706 librorum
584 646 686 706 ordine
709 647 866 707 convenire
889 643 1099 723 intellexisset,

84 731 153 796 ‘non
174 755 279 809 anum,
303 735 356 794 sed
378 736 533 811 complura
555 733 670 794 Plautii
694 753 784 810 opera
807 735 938 797 aPanlo
962 755 1025 796 esse
1050 755 1098 795 ex-

84 819 202 901 cerpta'
224 816 482 906 (Ρ.1661.1147
507 843 535 882 n.
553 817 586 904 1)
615 824 695 882 haud
722 824 851 884 feliciter
878 825 1001 903 conicit,
1028 844 1099 885 nam
1208 811 1212 820 ⁸

84 933 177 991 neque
206 917 312 973 notum
338 930 392 971 neo
420 910 561 972 credibile
589 916 636 971 est
662 912 755 972 ullius
782 913 989 972 iurisconsulti
1011 915 1099 988 plura

84 1021 173 1078 opera
205 1018 341 1080 unquam
369 1001 407 1059 ab
435 1019 496 1059 nno
525 1020 568 1060 ex·
588 1001 804 1077 posterioribus
832 1001 864 1059 in
890 1021 985 1060 annm
1012 1003 1099 1079 quasi

86 1110 192 1167 corpus
221 1093 326 1150 coacta
353 1108 431 1166 esse,
459 1108 555 1165 neque
580 1090 734 1149 Plautium
762 1093 882 1167 praeter
904 1089 1099 1168 Digestorum

85 1199 158 1256 opus
185 1179 271 1238 aliud
297 1178 423 1238 edidisse
451 1178 549 1237 ullum
576 1181 623 1238 est
649 1179 801 1240 indicium.
847 1198 922 1255 quae
957 1198 1023 1238 cum
1055 1179 1100 1239 ita

85 1271 152 1346 sint,
171 1287 353 1345 quamquam
372 1285 462 1344 quem
480 1286 583 1325 rerum
601 1267 735 1327 ordinem
751 1267 890 1328 Plautius
910 1271 1030 1328 secutus
1050 1269 1097 1346 sit,

86 1356 254 1416 accuratius
269 1356 389 1433 quidem
403 1355 554 1432 explorari
564 1359 704 1433 nequeat,
717 1361 819 1415 tamen
830 1375 898 1415 eum
908 1375 927 1416 a
936 1355 1097 1418 Sabiniano

86 1447 186 1507 ordine
210 1464 271 1506 non
293 1444 380 1505 valde
403 1443 534 1503 alienum
553 1445 646 1504 fuisse
668 1444 802 1505 lavoleni
825 1447 955 1520 epitome
978 1445 1072 1506 docet.

170 1535 237 1594 Iam
261 1533 297 1592 de
314 1533 352 1592 iis
370 1533 550 1611 fragmentis
568 1533 731 1593 videndum
749 1538 804 1609 est,
827 1552 903 1610 quae
922 1553 958 1593 61
976 1533 1098 1593 Plautio

85 1623 220 1699 inprimis
244 1622 275 1680 in
293 1621 381 1680 Pauli
402 1621 496 1681 libros
520 1622 661 1681 videntur
678 1625 801 1698 recepta
819 1641 893 1682 esse.
936 1623 972 1681 de
991 1624 1047 1682 hac
1066 1642 1098 1682 re

85 1712 222 1790 Krueger
239 1731 268 1787 p.
285 1713 346 1770 119
367 1711 423 1770 ait:
448 1704 515 1769 ‘Boi
533 1710 647 1770 Paulus
665 1711 707 1770 ist
725 1712 778 1770 der
797 1712 874 1770 Text
892 1710 944 1770 166
958 1711 1098 1772 Plautius

85 1820 143 1862 von
160 1802 218 1861 den
233 1799 378 1859 Zusruen
395 1799 427 1857 in
445 1799 564 1876 einigen
578 1799 693 1858 Stellen
712 1799 846 1859 dadureh
858 1801 1098 1876 unterschieden,

86 1890 150 1949 dass
181 1907 237 1950 vor
265 1889 357 1964 jeneu
383 1888 535 1966 Plautius,
567 1907 621 1949 vor
651 1888 754 1948 diesen
779 1888 893 1947 Paulus
922 1889 1012 1948 steht.
1062 1891 1099 1948 In

86 1979 187 2038 diesen
210 1976 326 2036 Stellen
354 1976 474 2036 werden
500 1996 559 2038 von
581 1977 719 2036 Plautius
742 1978 836 2038 selbst
859 1977 1020 2052 angefiihrt
1044 1979 1099 2038 Sa-

11 2127 12 2140 ,
85 2067 185 2144 binus,
215 2065 349 2142 Cassius,
373 2065 527 2144 Proculus,
549 2066 652 2126 Nerva
673 2065 734 2125 und
756 2065 928 2139 Atilicinus,
953 2066 1000 2126 die
1023 2068 1099 2126 auch

84 2156 114 2214 in
140 2156 199 2215 den
225 2153 352 2230 dbrigen
377 2154 491 2213 Stellen
518 2155 621 2232 hdnfig
647 2155 853 2233 vorkommen‚
883 2173 915 2214 so
939 2155 1005 2216 1616
1029 2175 1100 2214 man

84 2246 159 2304 euch
185 2243 253 2302 hier
280 2243 337 2302 den
360 2244 436 2301 Text
462 2243 514 2302 des
537 2243 679 2303 Plautius
708 2243 780 2303 oder
804 2243 986 2318 wenigstens
1011 2245 1099 2304 einen

84 2336 206 2410 Ausnug
243 2332 353 2390 daraus
385 2349 439 2390 vor
471 2331 534 2390 sich
568 2332 659 2392 sehon
691 2326 830 2392 michte'.
884 2333 996 2392 maiore
1031 2353 1099 2393 cum

84 2421 194 2482 fiducia
216 2420 311 2479 Lenel
328 2418 361 2479 P.
375 2419 407 2478 Π
430 2421 484 2478 col.
502 2423 541 2480 13
565 2425 627 2481 n.1
653 2421 779 2480 iudicat:
803 2415 847 2478 ‘in
864 2420 953 2479 Pauli
976 2421 1099 2498 quidem

85 2511 121 2570 ad
139 2510 298 2570 Plautium
315 2508 404 2576 ,libris
426 2527 480 2584 pro
505 2513 586 2575 certo
605 2510 731 2569 dixerim
750 2528 786 2568 ex
802 2507 923 2567 Plautio
943 2528 979 2568 66
999 2509 1099 2568 omnia

84 2601 243 2674 desumpta
271 2615 349 2675 esse,
380 2597 413 2655 in
439 2597 548 2672 quibus
576 2597 679 2657 Sabini
707 2597 804 2657 Cassii
830 2597 949 2656 Nervae
977 2597 1100 2656 Proculi

83 2687 221 2748 Atilicini
249 2686 435 2760 aliorumque
462 2691 598 2746 veterum
624 2703 767 2762 responsa
793 2685 843 2745 161
870 2684 1023 2759 opiniones
1051 2703 1099 2743 re-

83 2769 243 2849 feruntur',
272 2773 352 2850 quod
378 2792 439 2833 non
465 2773 609 2850 improbo.
655 2777 691 2834 de
719 2774 804 2833 libris
832 2773 1003 2850 Pomponii,
1032 2792 1100 2832 oum

82 2871 221 2925 veterum
245 2862 332 2921 libris
350 2860 510 2938 diligenter
527 2882 600 2924 usus
620 2865 672 2940 sit,
689 2883 750 2924 non
768 2863 849 2921 idem
866 2862 999 2921 indicare
1018 2862 1099 2922 licet.

83 2953 222 3030 Krueger
246 2952 265 3010 l.
285 2969 309 3010 c.
333 2971 362 3024 p.
378 2953 450 3012 176.

171 3042 208 3101 In
235 3039 437 3116 proponendis
465 3039 643 3118 fragmentis
666 3059 814 3119 nusquam
838 3040 965 3101 cursivis
988 3041 1099 3102 litteris

82 3133 130 3192 1111
154 3129 256 3190 malui.

431 3291 459 3347 1.
487 3288 540 3347 Ad
563 3287 619 3347 1116
644 3290 762 3350 civile.

382 3389 432 3454 Dc
454 3389 598 3474 legitimis
619 3390 802 3456 heredibus?

175 3501 203 3562 1.
226 3496 266 3561 D.
281 3495 311 3577 5,
329 3499 355 3577 1,
370 3497 422 3576 28,
436 3496 466 3561 5.
503 3495 621 3559 Paulus
645 3497 728 3560 libro
754 3497 892 3581 septimo
915 3494 1039 3558 decimo
1059 3493 1099 3556 ad

83 3586 248 3653 Plautium
270 3582 320 3670 (P.
336 3581 447 3671 1232).
467 3619 507 3630 -
530 3583 564 3648 Si
583 3587 676 3666 pater
695 3582 835 3647 familias
852 3586 999 3646 mortuus
1015 3580 1100 3641 esset
