2596 3902
386 184 411 230 4.
431 176 460 229 C.
475 173 620 228 CASSIUS
639 173 824 230 LONGINUS
1069 173 1109 236 61

95 341 335 422 iusiurandum,
361 342 400 403 ut
426 338 464 402 de
492 336 563 423 ipso
592 340 760 404 contractu
785 342 817 401 et
841 338 878 402 de
902 359 949 420 re,
979 359 1044 402 non
1068 337 1105 402 de

95 451 234 515 persona
257 428 394 492 iurantis
418 431 578 511 ageretur.

183 541 268 610 Quae
286 539 404 614 inclusi,
422 538 546 598 Pernice
565 538 698 598 eicienda
716 539 841 598 monuit.
869 539 906 598 cf.
925 539 955 600 Z.
975 539 1002 598 d.
1023 539 1106 599 Sar.-

100 630 142 692 St.
164 630 225 690 XII
249 631 312 688 128
336 648 364 688 n.

184 817 233 876 De
255 816 488 889 coruscationibus
509 829 659 874 amomum
680 815 863 888 filiorumque
884 817 1023 889 familias.

187 945 241 1009 97.
265 942 335 1008 Gai.
349 945 378 1024 3,
396 943 467 1007 103.
493 979 531 990 -
557 942 731 1006 ..inutilis
755 947 806 1007 est
828 943 1004 1028 stipulatio,
1028 945 1055 1008 si
1079 945 1108 1008 ei

101 1035 167 1099 dari
192 1033 393 1116 stipulamur,
416 1031 505 1097 cuius
529 1032 592 1095 iuri
616 1031 752 1096 subiecti
776 1053 841 1096 non
865 1053 985 1097 sumus.
1025 1033 1108 1098 unde

100 1122 181 1189 illud
215 1122 396 1206 quaesitum
434 1123 496 1204 est,
534 1120 561 1184 si
593 1120 665 1203 quis
698 1120 760 1184 sibi
797 1123 830 1184 et
862 1119 893 1184 ei
924 1121 1015 1184 cuius
1047 1121 1110 1185 iuri

102 1212 265 1276 subiectus
288 1232 353 1275 non
377 1212 441 1294 est,
464 1208 533 1273 dari
556 1209 739 1293 stipuletur,
762 1208 797 1272 in
820 1212 979 1293 quantum
1002 1209 1110 1274 valeat

103 1298 281 1385 stipulatio,
330 1298 435 1364 nostri
464 1302 688 1383 praeceptores
716 1301 833 1382 putant
862 1299 897 1361 in
924 1298 1110 1362 universum

103 1389 209 1454 valere
238 1393 270 1452 et
298 1386 432 1472 proinde
461 1388 490 1450 ei
518 1386 581 1452 soli
609 1387 665 1470 qui
689 1387 863 1470 stipulatus
888 1387 944 1470 sit,
973 1387 1111 1452 solidum

104 1477 227 1558 deberi,
250 1479 346 1560 atque
371 1477 399 1540 si
423 1475 568 1540 extranei
590 1497 708 1540 nomen
731 1497 798 1540 non
821 1475 1000 1541 adiecisset.

192 1564 246 1629 98.
274 1564 312 1629 Ι).
331 1564 384 1645 45,
403 1565 434 1648 3,
452 1564 482 1648 9,
499 1565 526 1628 1.
558 1562 719 1648 Ulpianus
737 1564 820 1630 libro
840 1564 1111 1650 quadragensimo

108 1659 223 1720 octavo
250 1653 292 1718 ad
315 1652 469 1719 Sabinum
494 1650 543 1739 (P.
562 1649 688 1740 25920).
710 1691 752 1702 —-
777 1652 826 1738 Si,
853 1676 926 1718 cum
953 1655 1033 1719 duos
1057 1654 1113 1720 do-

105 1745 211 1808 minos
245 1764 356 1807 servus
388 1742 536 1826 haberet,
569 1742 742 1825 stipulatus
774 1742 872 1808 fuerit
903 1743 950 1806 illi
978 1747 1035 1808 aut
1062 1743 1114 1807 illi

105 1831 186 1915 <ex>
210 1831 349 1896 dominis
378 1832 458 1914 suis,
490 1830 674 1915 quaesitum
705 1835 767 1915 est,
800 1854 841 1896 an
870 1832 1027 1896 consistat
1056 1831 1113 1897 sti·

104 1921 238 2005 pulatio.
285 1917 417 1984 Cassius
443 1920 591 1984 inutilem
615 1941 685 1984 esse
708 1922 951 2004 stipulationem
975 1921 1114 2003 scripsit.

193 2008 245 2074 99.
279 2006 318 2074 D.
341 2009 399 2095 45,
423 2009 457 2089 3,
478 2008 532 2074 25.
592 2007 767 2073 Venuleius
803 2010 887 2076 libro
925 2009 1113 2075 duodecimo

108 2096 362 2182 stipulationum
382 2097 432 2183 (P.
448 2097 515 2182 69).
534 2134 578 2144 -
597 2096 631 2163 Si
651 2119 761 2162 servus
781 2098 996 2164 hereditarius
1016 2100 1114 2184 stipu-

106 2185 192 2250 latus
224 2185 324 2250 fuerit
357 2190 389 2250 et
419 2183 604 2269 sponsores¹
635 2187 795 2272 acceperit
823 2192 998 2272 posteaque
1027 2188 1115 2252 adita

105 2273 204 2339 fuerit
227 2274 405 2360 hereditas,
430 2275 610 2359 dubitatur,
633 2279 742 2340 utrum
766 2299 805 2341 ex
828 2277 878 2341 die
901 2277 1114 2359 interpositae

106 2364 326 2448 stipulationis
362 2367 492 2448 tempus
528 2364 621 2429 cedat
657 2387 698 2428 an
732 2387 771 2430 ex
803 2365 891 2430 adita
922 2364 1115 2448 hereditate;

105 2452 184 2517 item
213 2453 241 2516 si
270 2474 380 2516 servus
408 2455 490 2538 eius,
517 2453 572 2538 qui
600 2455 684 2538 apud
712 2454 822 2519 hostes
846 2455 901 2537 sit,
930 2451 1114 2535 sponsores¹

107 2541 277 2626 acceperit
326 2545 358 2604 et
385 2539 517 2607 Cassius
549 2542 713 2607 existimat
744 2546 871 2625 tempus
900 2563 938 2605 ex
966 2563 1003 2605 eo
1032 2563 1117 2605 corn·

105 2629 299 2714 putandum,
322 2651 360 2693 ex
384 2653 447 2715 quo
471 2631 524 2714 agi
544 2652 614 2695 curn
635 2631 681 2694 eis
699 2633 852 2715 potuerit,
875 2631 907 2694 id
926 2632 975 2693 est
994 2650 1032 2693 ex
1052 2651 1116 2714 quo

107 2718 241 2783 adeatur
265 2718 429 2783 hereditas
452 2723 509 2783 aut
531 2719 732 2804 postliminio
756 2717 904 2783 dominus
927 2722 1116 2783 revertatur.

197 2807 271 2872 100.
312 2805 351 2871 D.
374 2807 428 2890 45,
450 2809 480 2887 3,
504 2809 535 2874 6.
587 2806 785 2891 Pomponius
821 2807 904 2871 libro
941 2806 1116 2873 vicensimo

108 2899 200 2968 sexto
228 2895 269 2960 ad
298 2893 457 2961 Sabinum
484 2893 537 2984 (Ρ.
553 2893 642 2984 726).
665 2933 708 2943 -
733 2895 849 2962 Ofilius
877 2900 962 2961 recta
990 2895 1118 2961 dicebat

39 3009 40 3032 ³
107 2987 141 3048 et
167 2985 299 3068 fiduciae
321 3005 417 3050 coeno
441 2984 612 3068 monaplo²
641 2986 826 3070 accipiendo
849 2987 900 3050 vel
926 3006 995 3050 cum
1023 2987 1117 3052 oredi-

107 3078 171 3138 tore
202 3073 250 3138 cel
280 3093 350 3138 cum
376 3075 475 3140 amico
506 3071 694 3140 contractae*
721 3095 816 3158 posse
845 3074 907 3140 soli
935 3075 964 3138 ei
992 3075 1118 3159 adquiri

41 3203 42 3251 p
108 3160 165 3248 (so.
185 3183 243 3245 per
260 3182 387 3226 servum
407 3163 635 3248 communem),
654 3163 709 3248 qni
727 3163 835 3248 iussit3
854 3184 937 3248 quae
956 3163 1117 3228 sententia

107 3254 142 3314 et
164 3247 271 3316 Cassii
293 3256 327 3315 et
349 3249 461 3316 Sabini
484 3252 609 3317 dicitur.

182 3411 197 3460 1
218 3406 293 3462 Trio.
312 3406 497 3465 fideiussores.

182 3483 198 3530 2
218 3478 294 3534 Trio.
330 3495 360 3532 er
376 3478 556 3534 traditionem
574 3478 736 3549 accipiendo
755 3479 800 3532 vel
819 3477 983 3547 deponendo
998 3493 1120 3531 commo·

108 3548 267 3618 dandoque.
334 3552 455 3620 cauponii
472 3551 553 3606 uerba
570 3567 588 3603 a
605 3550 717 3604 Leaelio
734 3551 860 3604 restituta
877 3549 1012 3601 videntia.
