2602 3906
124 106 131 140 1

154 207 219 274 446
256 207 290 265 V.
308 205 459 262 NERVAE
476 205 525 263 ΕΤ
544 205 696 262 TRAIANI
714 207 821 266 ΤΕΜΡ.
838 207 936 264 IURIS
954 205 1132 263 consum

560 409 668 470 Liber
692 410 758 471 VH.

241 535 307 595 Hoc
336 535 414 595 libro
445 534 584 611 inprimis
615 535 653 594 dc
684 536 835 613 emptione
865 535 1039 596 venditione
1071 537 1102 595 et
1130 534 1168 594 do

153 624 338 704 adquirendo
361 642 462 683 rerum
485 623 615 683 dominio
640 624 753 684 dictum
775 624 869 685 fuisse
892 624 986 685 Lencl
1008 624 1168 684 existimat.

152 716 186 774 nt
218 733 286 774 cum
319 713 395 773 libro
427 711 548 772 demum
579 712 623 772 XI
655 713 691 773 do
723 713 774 791 iis,
805 731 881 791 queo
913 714 1084 790 occupando
1116 711 1168 771 cd·
1283 725 1285 734 ’

153 802 315 881 qninmtur
338 820 436 863 sermo
459 800 597 860 videatur
615 801 717 879 fuisse,
740 806 771 861 et
788 802 866 862 libro
885 801 945 862 VII
963 822 1023 862 non
1043 819 1168 880 genere·

152 891 223 951 liter
245 890 282 951 de
306 889 488 968 adquirendo
511 909 612 950 rorum
634 890 775 967 dominio,
798 890 850 950 sed
872 893 992 951 tantum
1014 891 1051 951 de
1073 889 1167 950 trodi-

152 980 234 1040 tione
253 982 284 1040 ct
300 979 482 1055 usucapione
496 978 610 1038 dictum
623 979 717 1039 fuisse
731 983 884 1058 appareat,
901 980 1086 1056 Iavolenum,
1099 998 1167 1039 cum

153 1068 334 1144 mancipatio
365 1068 486 1146 neglegi
517 1086 577 1127 non
604 1070 720 1143 posset,
751 1087 784 1128 ro
812 1087 884 1129 vere
910 1068 946 1128 de
974 1069 1030 1129 heo
1057 1067 1168 1127 dixisse

152 1157 321 1234 putandum
358 1157 416 1233 eet,
453 1156 532 1235 qnod
568 1157 616 1217 vel
651 1156 721 1217 inde
753 1158 863 1234 clucet,
895 1157 974 1234 quod
1006 1159 1038 1217 in
1069 1155 1167 1232 capite

152 1246 189 1307 do
222 1248 372 1323 emptione
404 1245 574 1305 venditione
606 1240 815 1306 tantummodo
842 1246 966 1324 fundus,
1000 1246 1090 1307 cedes
1117 1244 1167 1306 vel

154 1335 290 1396 aedificic
307 1338 339 1396 et
357 1353 462 1395 servus
480 1334 681 1394 nominantur.
719 1334 747 1394 oi
765 1334 856 1411 copiti
871 1335 951 1412 quod
966 1336 1003 1395 de
1017 1333 1167 1412 emptione

152 1425 324 1487 venditione
343 1426 399 1498 est,
422 1424 597 1482 mandatum
615 1441 733 1501 quoquo
751 1423 868 1483 emendi
885 1423 1021 1484 additum
1039 1423 1169 1484 videtur.

266 1587 316 1654 De
338 1586 600 1671 (mancipatione)
628 1587 793 1652 traditione
813 1591 843 1652 et
863 1545 1068 1671 usucaprone.

244 1703 295 1769 31.
322 1700 362 1767 D
383 1704 437 1786 41,
455 1703 485 1785 2,
504 1703 545 1767 21
555 1723 603 1786 pr
649 1700 821 1768 Iavolenus
849 1700 934 1768 libro
963 1707 1034 1788 sept
1035 1703 1100 1778 imo
1129 1725 1168 1768 cx

154 1789 278 1857 Caesio.
300 1828 344 1839 —
367 1791 530 1857 Interdum
556 1791 621 1856 aias
644 1791 877 1875 possessionen,
904 1792 992 1857 cuias
1019 1792 1080 1875 ipsi
1104 1811 1168 1857 non

153 1879 310 1965 dabamus,
337 1881 396 1946 atii
418 1881 536 1946 tradere
552 1899 731 1965 pessumas,
759 1881 852 1945 cetrati
873 1900 943 1946 cram
966 1882 1008 1963 is,
1035 1881 1090 1964 qui
1105 1901 1168 1962 pro

153 1968 259 2034 teredo
280 1990 345 2034 rem
361 1970 545 2052 possidebat,
568 1973 733 2052 antequam
752 1970 895 2035 domim
912 1970 1007 2054 fieret,
1022 1970 1169 2053 precario

153 2058 192 2122 ad
214 2057 319 2123 herede
340 2079 409 2123 eam
430 2059 556 2141 royaoit

243 2146 294 2212 32.
322 2145 362 2212 D.
381 2146 458 2211 ibid.
477 2149 497 2227 ᾖ
514 2147 543 2211 1.
567 2181 611 2193 -
635 2145 725 2226 Qaad
749 2167 787 2212 ea
812 2146 981 2230 naufrapio
1005 2147 1168 2230 eapatsom

153 2240 205 2316 est,
228 2237 358 2318 dsawpi
379 2256 442 2301 aaa
453 2240 562 2318 potest,
584 2236 732 2318 quoniam
749 2256 813 2300 noa
831 2241 874 2301 est
890 2236 925 2300 in
943 2237 1092 2319 derelicto,
1114 2237 1169 2301 sad

153 2326 189 2390 ira
210 2325 370 2409 deperdito.

243 2413 295 2480 33.
318 2413 357 2479 D.
371 2413 449 2479 ibid.
463 2416 483 2495 ἓ
497 2415 527 2479 2.
552 2449 593 2459 -
616 2413 705 2478 Idem
727 2413 807 2478 iuris
829 2433 891 2479 essa
907 2414 1047 2478 eadttmo
1064 2415 1100 2478 in
1117 2413 1169 2479 dis

153 2503 254 2586 redde,
274 2523 359 2586 ‘quae
385 2504 484 2569 iactae
509 2507 594 2587 eant,
626 2502 774 2585 quondm
800 2522 863 2566 cora
883 2506 985 2585 potest
1008 2503 1107 2568 arderi
1132 2503 1169 2567 id

147 2613 209 2676 pro
240 2592 380 2658 derelicto
410 2592 563 2677 habitam,
592 2592 674 2674 qaod
702 2591 814 2658 salutis
844 2611 939 2656 caasa
966 2591 1091 2656 interim
1118 2592 1166 2656 di-

153 2683 283 2748 missam
305 2687 356 2747 est.

243 2771 296 2837 34.
318 2770 358 2835 D.
376 2769 453 2835 ibid.
470 2771 490 2850 ξ
505 2769 534 2834 2.
559 2806 601 2815 -
630 2769 692 2850 Qui
713 2769 850 2834 alienam
872 2788 937 2833 rem
955 2769 1096 2850 macario
1118 2789 1168 2834 ro-

151 2861 246 2942 pavc't‚
264 2861 294 2924 si
310 2860 437 2924 eaodem
449 2880 471 2923 a
483 2859 608 2924 domina
621 2859 775 2942 conducit,
786 2858 939 2942 possessio
951 2858 995 2923 ad
1005 2858 1167 2923 dominam

152 2949 323 3014 revortitur.

244 3035 296 3100 35.
320 3036 424 3120 D.‚4l
439 3036 512 3116 8,.7
549 3034 718 3102 Iavolenus
732 3034 816 3101 libro
832 3035 970 3119 septimo
986 3056 1024 3100 ex
1040 3031 1166 3099 Cassio.

155 3161 196 3172 -
217 3125 316 3190 Nemo
329 3129 430 3207 potest
446 3124 615 3207 tactorum
631 3124 756 3189 caniac
772 3144 938 3207 asdwpare
954 3123 1019 3190 nisi
1035 3125 1072 3208 is,
1094 3143 1166 3188 cam

154 3233 213 3296 qao
236 3214 406 3279 mamati
425 3211 520 3294 factio
542 3217 594 3296 ess,
615 3213 692 3295 qaia
714 3233 751 3278 ec
763 3233 912 3295 possessae
931 3233 970 3278 aa
987 3213 1055 3278 iura
1073 3217 1166 3278 testa-

153 3303 250 3368 menti
266 3302 481 3385 proficiscitur.

243 3392 296 3458 36.
318 3390 357 3456 D.
371 3391 424 3474 41,
438 3391 468 3476 8,
482 3391 511 3456 5.
547 3389 716 3456 Iavolenus
735 3390 818 3457 libro
834 3391 972 3474 septimo
986 3411 1026 3454 ex
1040 3387 1165 3456 Caesio.

155 3517 197 3527 —
221 3479 274 3545 Ea
295 3499 352 3563 res,
377 3501 455 3563 pirae
477 3480 569 3563 lopati
591 3481 713 3546 nomina
736 3481 853 3545 tradita
874 3484 926 3564 ast,
949 3479 1088 3562 quamvis
1110 3479 1164 3544 do·

33 3597 37 3608 ·
153 3571 259 3636 minus
285 3571 351 3636 eius
376 3570 472 3655 sicat,
499 3569 666 3652 lecatorum
689 3574 791 3635 tamon
813 3569 936 3634 nomiae
958 3568 1163 3651 uscazps'etar.
