2602 3906
422 227 446 276 6.
469 219 677 275 IAVOLENUS
696 219 844 276 PRISOUS
1070 221 1136 286 459

123 389 161 448 de
182 389 292 468 legetis
317 393 348 448 et
370 389 406 448 de
429 389 495 449 iure
518 389 643 461 dotium,
666 388 795 449 seeundo
814 390 850 449 de
868 389 1017 466 emptione
1035 389 1138 451 vendi-

122 479 204 538 tione
219 478 302 553 dixit,
316 479 407 556 idque
421 477 558 555 inprimis
573 478 609 536 de
618 477 795 538 hereditatis
805 479 985 540 venditione.
1019 479 1137 556 reliqua

122 567 238 627 ineerta
259 570 340 628 sant.

554 709 664 769 Liber
685 708 710 769 Ι.

534 827 584 893 De
607 829 722 912 ieyatr's.

212 954 241 1020 1.
264 951 370 1038 D.31,
385 953 435 1016 10.
473 950 644 1017 Iavolenus
662 953 745 1018 libro
762 953 867 1036 primo
883 975 921 1017 ex
936 953 1075 1019 Plautio
1090 990 1133 1000 -

120 1040 202 1109 &rur
221 1041 341 1123 fundus
362 1043 549 1106 nominatim
572 1042 687 1126 noetus
704 1043 753 1124 sit,
775 1044 804 1106 si
823 1043 900 1124 qnid
916 1043 1030 1125 eipest
1045 1048 1135 1108 testa-

120 1136 260 1196 mentum
289 1132 408 1211 facturn
439 1131 591 1196 adieeturn
622 1135 678 1209 est,
709 1133 744 1196 id
773 1152 890 1212 quoqne
921 1131 1017 1214 leuato
1050 1133 1136 1215 cedit,

117 1221 243 1286 etiamsi
269 1220 327 1284 itta
352 1219 444 1284 verba
471 1220 590 1284 adiecta
615 1240 678 1284 non
705 1221 770 1284 sint
796 1218 862 1301 ‘qni
890 1241 976 1286 meus
1001 1220 1080 1303 erit,
1107 1223 1137 1286 si

119 1311 209 1374 uude
237 1313 360 1373 testator
385 1329 454 1373 eam
475 1312 600 1390 partera
625 1329 689 1373 non
716 1311 885 1390 separatim
906 1311 1056 1393 possedit,
1082 1311 1137 1375 sed

119 1399 316 1464 universitati
332 1398 452 1478 prioris
472 1397 568 1476 fundi
589 1398 743 1461 adiunxit.

211 1488 240 1552 2.
264 1484 302 1551 D.
317 1486 369 1569 21,
385 1487 414 1568 2,
428 1485 480 1552 58.
516 1484 689 1551 Iavolenus
707 1487 791 1551 libro
811 1487 915 1570 primo
935 1509 973 1551 ex
993 1486 1132 1552 Plautio.

119 1613 166 1622 —
188 1575 287 1639 Heres
304 1595 422 1638 servum
444 1595 507 1639 non
528 1576 714 1638 nominatim
736 1575 867 1658 udatur
887 1577 1016 1640 tradidit
1032 1575 1136 1658 (rnan-

118 1665 202 1746 eipio
224 1663 343 1746 darre)
365 1670 394 1728 et
414 1664 451 1729 de
472 1664 540 1729 doio
561 1665 751 1746 repromisit
768 1670 878 1748 postea
899 1684 1005 1730 seruus
1022 1666 1136 1730 eonius

119 1757 173 1817 est.
218 1773 305 1835 ayere
330 1773 400 1817 eurn
427 1752 531 1817 herede
558 1753 725 1835 leuatarius
752 1774 791 1818 en
818 1758 991 1818 testamento
1012 1755 1135 1838 poterit,

118 1842 262 1924 quanvis
283 1841 367 1906 heres
389 1841 526 1905 alienum
548 1861 609 1906 esse
630 1861 752 1906 seruum
773 1842 969 1924 manaverit.

212 1931 241 1996 3.
269 1929 308 1993 D.
323 1931 375 2014 34,
391 1931 420 2002 2,
436 1931 466 1994 8.
512 1929 600 1995 Idem
630 1927 689 2016 (se.
711 1928 846 2018 Paulus)
875 1931 958 1996 libro
983 1952 1069 1995 nono
1093 1931 1133 1996 ad

119 2018 295 2083 Plautium.
327 2055 364 2064 -
395 2018 553 2084 Plautius.
598 2019 713 2082 mulier
742 2019 789 2083 ita
811 2019 947 2106 legavit:
976 2019 1134 2105 ‘quisquis

119 2107 202 2172 mihi
230 2107 325 2171 heres
353 2107 429 2185 erit,
457 2107 561 2171 Titiae
586 2111 709 2172 vestem
733 2130 838 2172 meam
862 2108 1016 2173 mundum
1040 2131 1134 2174 orna-

120 2201 294 2281 mentaque
323 2195 493 2260 muliebria
521 2196 655 2261 damnas
680 2201 749 2261 esto
774 2196 871 2264 dare'.
923 2195 1055 2263 Cassius
1078 2198 1134 2280 ait,

119 2287 149 2350 ei
176 2306 242 2349 non
270 2289 452 2369 appareret,
482 2285 559 2369 quid
586 2286 756 2368 sensisset,
783 2308 911 2350 omnem
938 2289 1061 2351 vestem
1086 2309 1134 2351 se·

120 2373 259 2438 eundum
273 2373 373 2438 verba
387 2375 574 2438 testamenii
589 2375 730 2458 legatam
745 2375 856 2439 videri.
888 2375 1019 2439 Paulus.
1048 2374 1134 2440 idem

118 2461 291 2528 involenus
329 2462 453 2544 scribit,
489 2464 564 2544 quia
598 2463 764 2528 uerisimile
798 2468 854 2547 est,
889 2463 1009 2547 inquit,
1045 2473 1133 2528 testa·

118 2553 227 2616 tricem
241 2555 361 2616 tanturn
376 2557 625 2616 neomeniarum
639 2553 833 2617 universitati
846 2553 1010 2636 deroyasse
1024 2552 1135 2634 quidus

116 2641 373 2723 sianilieationern
399 2641 595 2705 rnniiebrinur
617 2642 884 2717 aeoonrnodasset;
907 2641 1062 2727 ¹accedere
1086 2661 1134 2725 eo,

118 2730 204 2813 quod
233 2729 291 2792 illa
318 2728 550 2792 demonstratio
579 2726 772 2793 ‘muliebria'
789 2745 901 2812 'neque
923 2729 1007 2793 vesti
1029 2749 1133 2813 neque

120 2817 242 2881 mundo
272 2817 427 2900 applicari
455 2818 546 2882 salva
574 2818 698 2881 ratione
725 2818 805 2882 raeti
833 2818 992 2882 sermonis
1015 2821 1133 2902 potest.

208 2915 239 2979 4.
263 2913 301 2978 D.
316 2915 369 2996 32,
385 2917 436 2980 77.
472 2914 645 2979 Iavolenus
664 2915 746 2980 libro
761 2915 867 3000 primo
882 2937 921 2979 ex
935 2914 1074 2981 Plautio.
1089 2953 1133 2966 -

115 3003 498 3159 cssunrzngztusudstitutione
525 3005 624 3088 leuata
649 3009 835 3088 repetuntur,
863 3005 1133 3071 innumeram

483 3200 533 3266 De
554 3202 623 3266 iure
644 3202 770 3266 dotium.

209 3314 239 3380 5.
263 3313 301 3379 D.
319 3316 370 3399 12,
385 3315 415 3397 4,
432 3317 482 3381 10.
519 3316 690 3381 Iavolenus
708 3315 793 3381 libro
812 3315 916 3399 primo
936 3338 975 3380 ex
993 3315 1131 3382 Plautio.

118 3441 162 3451 -
186 3403 224 3468 Si
245 3403 358 3469 mazar
380 3407 408 3470 ei
429 3406 481 3470 eni
501 3410 639 3487 nuptura
662 3410 813 3470 erotema
832 3407 929 3470 dotem
947 3407 1022 3470 dare
1038 3405 1132 3482 veltet,

113 3493 281 3576 paenam
298 3514 377 3576 qnae
393 3493 453 3558 sedi
470 3494 632 3558 debebatur
648 3499 802 3574 acceptam
813 3494 887 3574 feeit
898 3514 993 3574 neque
1006 3493 1133 3574 nrrptiae

118 3584 272 3648 insecutae
294 3587 375 3665 sunt,
396 3587 472 3646 reete
494 3582 532 3646 ab
555 3603 588 3647 eo
604 3583 738 3663 pecunia
756 3582 936 3658 condiretur,
958 3581 1033 3661 qnia
1051 3578 1133 3642 ninii

1165 3737 1218 3746 4-
