2570 3904
145 164 190 228 40
216 162 263 218 ΠΙ.
278 161 354 217 GAH
368 159 514 216 CLAUDII
528 159 663 216 NERON.
674 160 817 215 GALBAE
830 160 936 215 TEMP.
948 160 1043 216 Iulus
1055 159 1161 216 GONS.

252 331 299 388 Da
322 332 403 388 bocts
426 347 525 388 eoram
547 332 597 402 qut
620 331 818 389 dedttc'cc'oeam
840 347 958 389 cumam
981 334 1056 390 ucat.

237 439 301 504 14?
324 437 394 505 Gai.
404 439 434 523 3,
444 438 495 523 74,
508 441 557 504 75.
570 476 608 486 —-
620 440 739 504 Eorum
753 489 778 505 ..
794 462 877 525 qnos.
884 442 936 505 Iex
944 436 1037 504 Aelia
1047 437 1161 504 Sentia

147 528 371 593 dediticiorum
398 550 531 592 numero
560 528 649 612 facit,
683 531 769 593 bone
796 529 893 594 modo
922 531 1014 614 quasi
1041 529 1161 594 atrium

146 617 367 682 Romanorum
402 616 606 702 libertorum,
643 618 739 681 modo
772 620 865 702 quasi
896 617 1084 682 Latinorum
1118 619 1161 681 ad

147 710 303 790 patronos
322 705 495 789 pertinent.
538 729 613 770 nam
633 727 742 770 eorum
761 707 846 771 bona
866 707 930 790 qui,
950 707 1030 770 siin
1049 707 1160 790 aliquo

147 795 227 859 vitio
246 815 312 858 non
331 797 448 876 essent,
466 794 658 858 manumissi
676 796 761 860 cives
776 795 915 861 Romani
929 794 1030 859 futuri
1044 801 1163 878 essent,

148 884 241 966 quasi
275 883 392 948 civium
425 882 646 948 Romanorum
678 884 826 967 patronis
859 883 969 948 eadem
1001 885 1072 968 lege
1104 885 1162 948 tri-

148 972 291 1037 bunntur
329 1025 335 1038 .
372 994 437 1037 non
473 976 583 1036 tamen
619 973 654 1036 hi
690 973 813 1038 habent
847 973 944 1038 etiam
975 975 1163 1037 testamenti

148 1061 334 1147 facti0nem3
353 1083 428 1125 nam
446 1060 479 1124 id
495 1061 657 1145 plerisque
672 1062 794 1144 placuit
808 1087 865 1146 ...3
883 1084 958 1126 nam
972 1061 1162 1126 incredibile

147 1150 317 1215 videbatur
331 1150 489 1233 pessimae
509 1149 706 1214 condicionis
721 1151 905 1215 hominibus
924 1151 1063 1215 voluisse
1078 1150 1162 1236 legis

149 1240 288 1304 latorem
311 1237 502 1303 testamenti
524 1237 662 1302 faciendi
684 1239 734 1303 ius
759 1240 937 1304 concedere.

554 1394 662 1452 Liber
686 1394 753 1454 VII.

331 1503 380 1572 Dc
402 1503 550 1570 bonerum
568 1505 757 1586 possessione
778 1507 860 1570 cade
884 1506 980 1570 tiberi.
1018 1563 1019 1566 ,

236 1623 302 1684 Gai.
318 1626 346 1702 3,
363 1627 403 1685 18
428 1670 453 1683 ..
478 1625 658 1700 emancipati
680 1625 768 1684 liberi
790 1627 906 1684 nulIum
928 1627 976 1684 ius
997 1624 1029 1683 in
1046 1625 1163 1683 haredi-

148 1715 245 1772 tatem
276 1713 410 1788 parentis
441 1733 476 1772 ex
505 1731 540 1772 ea
566 1714 634 1791 Iege
662 1705 715 1793 (sc.
739 1714 798 1773 XII
825 1707 1013 1792 tabularum)
1040 1711 1163 1789 habent,

148 1821 216 1860 cum
233 1801 375 1861 desierint
394 1803 440 1862 sui
458 1803 582 1861 heredes
602 1821 676 1862 esse.
711 1803 754 1863 Id.
771 1805 800 1879 3,
817 1805 856 1864 26
877 1849 906 1862 ..
925 1803 1037 1861 liberos
1057 1821 1160 1862 omnes

149 1891 202 1966 qui
228 1890 363 1966 legitimo
390 1892 455 1950 iure
482 1890 675 1966 deficiantur,
704 1897 792 1950 vocat
820 1893 858 1950 ad
884 1892 1083 1951 hereditatem
1107 1882 1163 1971 (sc.

148 1971 294 2058 praetor),
314 1979 439 2054 proinde
458 1998 493 2038 ac
511 1981 536 2038 si
549 1981 581 2038 In
593 1983 744 2057 potestate
758 1981 892 2056 parentis
905 1980 1011 2039 mortis
1025 1983 1162 2055 tempore

149 2067 286 2141 fuissent,
314 2068 376 2127 sive
400 2069 456 2126 soli
479 2069 540 2126 sint
563 2071 625 2128 sive
648 2069 739 2128 etiam
763 2070 809 2128 sui
831 2069 963 2142 heredes,
987 2069 1016 2126 id
1041 2069 1165 2144 estqui

149 2155 181 2213 in
208 2157 360 2230 potestate
387 2156 482 2231 patris
505 2157 641 2234 fuerunt,
669 2160 855 2217 concurrant.
901 2157 969 2233 Ulp.
991 2159 1046 2232 26,
1065 2159 1120 2232 28,
1141 2161 1164 2217 4

150 2243 345 2320 emancipatis
377 2244 480 2304 liberis
513 2264 549 2304 ex
580 2246 677 2305 edicto
706 2247 794 2305 datur
826 2247 973 2306 bonorum
1004 2246 1164 2321 possessi0,

150 2333 177 2391 si
199 2334 299 2408 parati
321 2335 392 2392 sunt
410 2351 515 2392 cavere
533 2334 678 2393 fratribus
698 2335 770 2411 sum,
793 2336 844 2412 qui
862 2336 893 2393 in
911 2337 1060 2411 potestate
1079 2353 1163 2393 man-

151 2425 265 2499 serunt,
287 2421 367 2481 bona
385 2441 461 2498 quae
479 2421 626 2482 moriente
644 2425 731 2500 patre
749 2423 920 2483 habuerunt
938 2443 970 2483 se
989 2424 1164 2484 collaturos

241 2513 291 2579 15.
324 2514 363 2578 D.
383 2515 440 2599 37,
455 2515 489 2594 6,
504 2516 538 2597 2,
553 2514 583 2580 5.
633 2515 753 2580 Paulus
781 2515 864 2581 libro
892 2515 1165 2601 quadragensimo

149 2604 255 2688 primo
271 2604 311 2668 ed
327 2604 466 2669 edictum
482 2602 530 2691 (P.
540 2601 631 2691 586).
646 2642 684 2651 —
702 2602 736 2670 Si
750 2609 816 2670 tres
831 2605 1036 2689 emancipati,
1050 2604 1111 2668 duo
1127 2604 1163 2668 in

149 2697 313 2777 potestate
333 2693 409 2777 sint,
428 2691 528 2758 Gaius
548 2693 679 2760 Cassius
698 2695 782 2760 libro
802 2695 939 2780 septimo
958 2693 1038 2757 iuris
1057 2692 1164 2758 civilis

149 2782 265 2846 tertias
284 2782 494 2847 conferendas
518 2789 620 2867 putat,
642 2788 679 2849 ut
702 2783 906 2867 emancipati,
930 2783 1007 2867 quia
1025 2782 1162 2846 invicem

149 2889 216 2932 non
235 2870 414 2952 conferunt,
432 2872 528 2935 unius
547 2872 619 2937 loco
639 2872 717 2954 sint3
736 2894 794 2936 nec
812 2871 974 2956 indignari
994 2892 1048 2934 eos
1067 2891 1163 2954 opor·

150 2960 231 3040 tere,
264 2958 292 3020 si
322 2958 396 3042 plus
427 2957 596 3023 conferant
623 2964 656 3024 et
684 2960 790 3024 minus
818 2961 993 3044 accipiant,
1026 2959 1099 3043 quia
1127 2958 1166 3022 in

150 3047 314 3128 potestate
332 3067 442 3110 eorum
460 3045 558 3110 fuerit
575 3048 733 3112 bonorum
748 3049 987 3132 possessionem
1002 3047 1163 3112 omittere.

549 3202 657 3264 Liber
680 3203 763 3264 VIII.

562 3313 612 3378 De
635 3315 751 3397 tepetis.

239 3431 303 3491 Hoc
330 3430 406 3490 libro
433 3435 463 3491 at
487 3434 677 3509 sequentibus
700 3436 743 3494 IX
767 3439 798 3496 et
821 3437 848 3495 X
871 3429 1008 3498 Cassium
1031 3435 1067 3495 de
1090 3454 1165 3494 usu·

150 3520 252 3579 fructu
270 3521 371 3599 legato
391 3521 499 3581 dixisse
518 3525 633 3584 certum
652 3527 706 3585 eat.
744 3545 833 3604 quam
849 3528 1021 3604 legatorum
1034 3525 1164 3600 speciem
