2614 3912
158 242 223 307 382
260 243 294 298 V.
312 241 461 297 NERVAE
479 241 527 296 ΕΤ
546 240 700 296 TRAIANI
718 239 825 298 TEMP.
842 241 939 297 suuis
953 241 1134 297 CONSULTI

157 429 272 471 comma
294 429 391 488 neque
412 410 563 470 Aristonis
586 429 682 486 neque
701 409 788 469 Pauli
812 428 876 470 esse
898 409 1007 487 iudico,
1031 410 1082 469 sed
1101 409 1169 468 Tri·

155 500 278 561 boniani
309 500 346 559 de
378 499 568 559 Trebelliano
601 501 724 559 senatus
751 500 887 559 consulto
914 517 993 559 nova
1019 500 1169 575 quaedam

158 589 328 650 statuentis.
373 589 447 648 Inst.
463 590 491 666 2,
507 590 558 666 23,
574 591 602 648 7.

244 676 288 738 cf.
321 677 386 737 Gai.
412 681 445 754 2,
469 679 533 738 254
549 695 591 753 sq.
650 671 720 752 ‘per
755 676 835 753 quod
872 676 1166 736 senatusconsultum

156 758 211 848 (so.
234 758 449 848 Pegasisnum)
472 768 536 842 ipse
559 760 689 845 (heres)
711 784 801 825 onera
823 765 1005 824 hereditaria
1028 764 1166 840 sustinet,

154 855 206 914 ille
232 859 336 916 autem
359 855 410 934 qui
433 874 469 914 ex
491 855 718 915 fideicommisso
740 854 888 931 reliquam
910 856 1028 930 partem
1051 853 1168 913 heredi-

154 944 227 1004 tatis
250 945 366 1020 recipit,
389 945 529 1021 legatarii
551 943 689 1021 partiarii
711 943 777 1002 loco
800 946 854 1020 est,
877 942 908 1002 id
931 945 978 1002 est
1001 943 1064 1002 eius
1082 943 1165 1020 lega·

153 1033 224 1093 terii
249 1033 298 1093 cui
320 1052 390 1110 pars
414 1033 559 1093 bonorum
581 1033 702 1110 legatur
720 1079 727 1093 .
742 1077 771 1092 ..
791 1032 823 1091 in
845 1033 1007 1110 utrumque
1031 1031 1165 1090 actiones

152 1121 352 1183 hereditariae
379 1141 433 1198 pro
462 1126 531 1181 rata
552 1124 638 1198 parte
667 1122 789 1195 dantur,
816 1121 847 1180 in
874 1119 1015 1180 heredem
1043 1119 1164 1197 quidem

153 1211 219 1271 iure
243 1211 337 1289 civili,
364 1211 396 1270 in
423 1230 492 1270 eum
519 1228 590 1271 vero
614 1209 665 1287 qui
688 1209 794 1287 recipit
817 1208 1030 1287 hereditatem,
1057 1227 1092 1268 ex
1117 1227 1163 1268 se-

152 1301 379 1361 natusconsulto
404 1293 611 1360 Trebelliano'.

242 1403 295 1467 24.
323 1401 363 1467 D.
377 1401 429 1483 36,
447 1404 473 1486 1,
488 1401 541 1466 22.
584 1398 782 1484 Pomponius
809 1400 893 1466 libro
916 1399 1092 1464 vicensimo
1117 1421 1164 1464 se

153 1491 257 1556 cundo
287 1491 326 1555 ad
350 1488 505 1556 Sabinum
530 1485 579 1576 (P.
599 1487 687 1576 695).
713 1525 750 1536 -
776 1488 879 1554 Heres
907 1509 981 1554 cunr
1008 1488 1164 1554 debuerat

153 1583 302 1663 quartam
322 1579 471 1660 retinere,
488 1581 595 1644 totam
611 1577 825 1644 hereditatem
843 1576 986 1642 restituit
1004 1598 1062 1642 nec
1077 1577 1165 1642 cavit

153 1668 216 1732 sibi
242 1667 453 1751 stipulatione
477 1665 652 1752 proposita.
698 1667 838 1732 similem
862 1688 934 1731 eum
957 1687 1028 1731 esse
1051 1664 1162 1731 Aristo

35 1811 37 1815 ,
153 1755 199 1820 ait
221 1756 297 1837 illis,
321 1757 376 1841 qui
398 1756 604 1840 retentiones,
627 1777 708 1840 quas
732 1756 817 1821 solas
840 1755 970 1839 habent,
994 1753 1163 1840 omittunt3

153 1843 209 1908 sed
232 1865 329 1928 posse
350 1866 422 1909 eum
441 1866 549 1910 rerum
568 1844 836 1910 hereditariarum
853 1841 1092 1928 possessionem
1111 1844 1163 1908 rel

152 1937 298 2018 repetere
325 1934 376 1998 vel
403 1934 546 1999 nancisci
574 1937 607 1999 et
634 1933 786 1999 adversus
815 1936 964 2018 agentem
992 1931 1058 1997 doli
1083 1931 1162 1997 mali

152 2023 554 2174 0¹⁰⁸Pfi0110t11li3s⁰⁶⁸0
582 2044 655 2087 eum
684 2027 717 2087 et
741 2021 939 2086 debitoribus
963 2021 1163 2104 denuntiare,

149 2131 189 2174 ue
213 2131 249 2175 so
264 2132 337 2175 vere
353 2132 400 2176 ur.

481 2216 531 2282 De
554 2217 690 2283 libertate
711 2217 826 2283 relicta.

239 2321 291 2388 25.
314 2320 355 2387 D.
369 2323 423 2407 40,
436 2323 468 2409 4,
480 2325 510 2390 2.
546 2322 636 2388 Idem
660 2321 718 2410 (sc.
738 2322 915 2411 Ulpianus)
938 2323 1024 2389 libro
1046 2323 1161 2407 quinto

151 2411 192 2476 ad
221 2409 377 2477 Sabinum
405 2410 454 2495 (P.
472 2410 597 2499 24640).
624 2449 668 2460 -
696 2410 731 2478 Si
763 2413 834 2497 quis
861 2413 909 2478 ita
934 2412 1085 2478 heredem
1111 2413 1160 2476 in·

153 2501 296 2567 stituerit
319 2500 437 2566 ‘Titius
460 2501 554 2567 heres
577 2507 657 2567 esto.
703 2502 731 2566 si
755 2501 860 2566 Titius
883 2501 976 2566 heres
998 2522 1065 2566 non
1088 2502 1161 2580 erit,

151 2589 282 2656 Stichus
318 2590 413 2656 heres
450 2595 534 2675 esto3
568 2589 698 2657 Stichus
738 2590 820 2656 liber
852 2588 949 2672 esto',
990 2610 1057 2655 non
1088 2611 1159 2654 esse

151 2677 296 2745 Stichum
319 2679 457 2744 liberum
480 2680 592 2745 Aristo
616 2678 663 2744 ait
685 2679 771 2745 Titio
794 2679 911 2744 herede
934 2678 1100 2744 existente.

237 2786 290 2851 26.
312 2783 353 2851 D.
367 2787 420 2868 28,
433 2787 464 2872 5,
478 2787 507 2870 9,
524 2788 572 2852 14.
614 2785 773 2870 Ulpianus
796 2786 878 2851 libro
902 2786 1016 2871 quinto
1040 2785 1079 2849 ad
1102 2782 1158 2850 Sa·

148 2874 261 2940 binum
288 2870 338 2961 (P.
358 2871 470 2961 2464).
497 2912 540 2924 --
574 2874 610 2942 Si
638 2877 710 2961 quis
742 2877 791 2940 ita
823 2875 988 2960 scripserit
1015 2871 1158 2940 ‘Stichus

147 2963 231 3028 liber
250 2967 320 3028 esto
340 2967 381 3046 et,
398 2968 612 3050 posteaquam
630 2964 713 3030 liber
732 2965 802 3048 erit,
820 2963 915 3029 heres
929 2961 1019 3048 esto',
1037 2961 1158 3047 Labeo,

147 3048 300 3116 Neratius
333 3056 367 3116 et
393 3052 506 3118 Aristo
539 3054 714 3138 opinantur
746 3053 890 3118 detracto
924 3052 1022 3118 verbo
1049 3052 1157 3118 medio

147 3138 285 3290 ‘ppstea'
316 3138 414 3204 simul
441 3141 471 3204 ei
498 3144 531 3205 et
557 3142 741 3206 libertatem
769 3147 802 3207 et
828 3141 1042 3206 hereditatem
1071 3162 1156 3206 com·

146 3250 186 3311 pe
205 3248 264 3292 ere.

236 3334 287 3397 27.
306 3332 345 3399 D.
359 3334 411 3418 40,
426 3333 455 3417 5,
469 3335 522 3400 20.
557 3334 754 3420 Pomponius
769 3336 853 3401 libro
868 3336 1007 3422 septimo
1021 3335 1155 3421 Epistu-

146 3423 252 3488 larum
275 3421 324 3510 (P.
345 3412 432 3509 190).
458 3460 496 3472 -—
521 3425 617 3509 Apud
640 3423 803 3491 Iulianum
830 3426 878 3491 ita
906 3425 1062 3508 scriptum
1092 3430 1156 3489 est:

147 3511 187 3577 ‘si
213 3511 308 3578 heres
331 3517 464 3597 rogatus
487 3535 615 3581 servum
639 3515 865 3580 manumittere
889 3535 929 3579 ex
950 3513 1155 3579 Trebelliano

146 3605 279 3668 senatus
305 3601 452 3668 consulto
474 3601 685 3670 hereditatem
713 3604 905 3689 restituerit,
927 3603 1000 3689 cogi
1023 3601 1156 3668 debebit
