2570 3904
156 221 199 284 22
226 220 273 276 III.
288 220 363 276 GAII
378 219 524 275 CLAUDII
539 218 673 274 NERON.
685 219 827 275 GALBAE
838 221 946 274 TEMP.
956 220 1052 276 IURIS
1064 220 1167 276 CONS.

244 387 418 466 Sequuntur
449 389 535 448 haec:
571 381 725 447 ‘nimirum
752 392 855 448 antem
883 388 986 447 Sabini
1014 392 1044 448 et
1072 387 1170 448 Cassii

155 476 305 556 collectio,
333 496 424 554 quam
451 480 481 536 et
507 477 566 553 ipsi
592 477 737 555 reddunt,
764 478 819 537 illa
846 481 905 555 est,
934 478 1013 554 quod
1038 477 1168 537 codicilli
1222 481 1223 484 ’

154 586 210 642 pro
232 569 320 642 parte
342 566 517 625 testamenti
533 567 683 626 habentur
702 567 1000 641 observationemque
1020 570 1051 626 et
1069 567 1169 644 legem

153 655 228 714 iuris
250 653 320 714 inde
342 656 486 715 traditam
507 659 637 717 servent.
674 674 729 732 ego
750 659 852 715 autern
871 656 967 715 ausim
986 655 1169 714 sententiam

154 742 278 804 Proculi
297 743 485 806 verissimam
508 739 626 804 dicere'.

233 870 279 928 cf.
303 868 370 928 111
396 889 425 944 p.
441 871 514 930 356.

485 1039 532 1097 De
554 1040 710 1111 0001100010
733 1039 831 1113 lepore.

242 1158 272 1222 3.
295 1157 533 1242 1).1,1,12,2.
574 1155 734 1240 Ulpianus
761 1158 846 1222 libro
876 1158 1015 1242 septimo
1039 1157 1166 1222 decimo

154 1245 193 1309 ad
213 1243 368 1311 Sabinum
392 1243 442 1333 (P.
457 1241 569 1332 2512).
588 1280 633 1292 -
651 1243 918 1311 Usufructuarius
942 1248 993 1310 001
1010 1247 1081 1331 ipse
1100 1245 1168 1310 frui

153 1357 190 1398 ea
221 1357 256 1399 10
283 1335 335 1399 001
364 1335 420 1399 0111
453 1335 621 1399 fruendam
649 1336 820 1399 concedere
849 1331 898 1422 (in
920 1334 991 1399 iure
1015 1332 1166 1422 cedere?)

152 1424 203 1487 001
225 1424 331 1488 100010
355 1425 405 1487 001
424 1423 560 1487 vendere
583 1427 704 1506 potest3
727 1446 802 1488 nam
822 1427 854 1488 et
872 1425 927 1508 qui
945 1426 1033 1489 locat
1052 1424 1167 1508 utitur,

153 1517 186 1578 et
209 1513 265 1596 qui
282 1512 393 1576 vendit
415 1512 526 1576 utitur.
572 1511 628 1576 sed
652 1513 735 1576 etsi
758 1512 816 1576 alii
837 1512 984 1598 precario
1010 1513 1168 1577 concedat

153 1602 199 1686 (in
222 1602 290 1665 iure
314 1600 445 1685 cedat?)
475 1603 525 1665 001
553 1600 664 1683 donet,
692 1605 773 1683 puto
801 1623 875 1665 eum
898 1602 947 1666 uti
970 1605 1068 1685 atque
1093 1595 1190 1665 ideo‘

151 1690 290 1753 retinere
323 1711 416 1754 usum
448 1689 602 1772 Fructum,
635 1693 668 1754 et
699 1690 761 1754 hoc
794 1687 924 1754 Cassius
957 1694 990 1754 et
1020 1688 1166 1774 Pegasus

151 1778 397 1863 responderunt.

240 1867 270 1930 4.
294 1867 332 1930 D.
349 1867 422 1949 7,4,
439 1868 489 1949 10,
504 1866 533 1930 5.
579 1865 738 1950 Ulpianus
766 1867 850 1931 libro
874 1867 1014 1950 septimo
1040 1865 1166 1932 decimo

153 1954 192 2018 ad
226 1952 381 2020 Sabinum
414 1951 464 2042 (P.
482 1953 593 2040 2555).
623 1991 666 2004 -
700 1953 736 2019 si
768 1977 894 2020 massae
926 1978 1004 2020 usus
1038 1954 1166 2020 fruetus

151 2043 277 2126 legetur
304 2049 337 2107 et
364 2066 403 2108 ex
431 2065 469 2108 00
496 2065 575 2109 0000
601 2045 668 2107 sint
688 2043 777 2109 facta
800 2045 850 2109 001
874 2049 1001 2126 contra,
1030 2042 1167 2109 Cassius

152 2132 237 2216 apud
260 2131 410 2197 Urseium
434 2133 548 2198 scribit
569 2133 699 2196 interire
723 2155 817 2198 usum
839 2132 989 2198 fructum.

240 2251 318 2323 Quid
357 2252 451 2313 ¹verba
487 2247 620 2313 ‘Cassius
658 2254 739 2330 apud
775 2253 916 2314 Urseium
953 2248 1070 2313 scribit'
1107 2253 1167 2313 sibi

151 2341 258 2419 velint,
281 2341 340 2401 0111
362 2341 443 2401 docti
465 2342 552 2402 valde
576 2342 724 2402 dubitant.
765 2342 802 2403 H.
821 2343 945 2401 Pernice
967 2344 1049 2402 Misc.
1068 2362 1097 2417 p.
1113 2344 1166 2402 57.

151 2429 292 2491 Karlowa
314 2429 338 2510 I,
360 2432 433 2493 694.
477 2430 614 2508 Krueger
635 2451 663 2506 p.
686 2432 747 2491 155
771 2433 871 2492 1164.
916 2430 1043 2491 Urseius
1067 2429 1166 2490 Cassii

151 2520 330 2579 sententiam
353 2519 507 2580 rettulisse
529 2519 662 2593 videtur,
685 2520 828 2579 nimirum
849 2538 1026 2596 responsum
1049 2517 1163 2580 litteris

152 2608 265 2668 datum.
294 2608 330 2668 de
346 2607 442 2668 Cassii
460 2609 535 2669 iuris
551 2607 647 2670 0101110
661 2609 746 2668 libris
761 2609 889 2687 cogitari
902 2627 990 2685 posse
1004 2627 1065 2668 non
1078 2612 1164 2684 puto.

504 2798 551 2856 Dc
574 2800 683 2858 escario
706 2798 807 2871 lupulo.

240 2913 270 2978 5.
302 2913 342 2978 D.
361 2915 413 2998 34,
432 2915 463 2992 2,
480 2917 534 2999 21,
552 2916 582 2980 2.
637 2915 836 2999 Pomponius
874 2913 959 2979 libro
997 2918 1087 2980 sexto
1122 2915 1165 2980 sd

151 2997 306 3065 Sabinum
334 2997 383 3087 (P.
401 3001 490 3084 489).
518 3039 562 3050 —
589 3050 620 3067 ..
639 3003 678 3066 de
711 3001 924 3087 aquiminario
953 2999 1086 3067 Cassius
1115 3003 1165 3069 ait

153 3089 336 3153 consultum
360 3112 394 3154 se
417 3091 638 3175 respondisse,
662 3112 734 3155 cum
759 3091 851 3155 elteri
875 3094 1045 3175 argentum
1068 3097 1164 3175 poto-

151 3178 248 3260 rium,
280 3178 373 3242 alteri
403 3179 559 3243 escarium
588 3179 733 3264 legatum
761 3183 859 3263 esset,
891 3181 1012 3245 escario
1041 3181 1163 3246 cedere.

467 3371 514 3430 Dc
536 3371 626 3446 lepulo
649 3372 847 3432 condicionali.

240 3490 269 3555 6.
287 3458 513 3571 11001011.
549 3490 640 3555 Idem
655 3486 713 3576 (sc.
727 3489 888 3576 Iulianus)
902 3490 986 3556 libro
1001 3491 1104 3574 primo
1120 3492 1162 3557 ad

152 3577 302 3645 Urseium
325 3577 478 3645 Ferocem
501 3577 551 3668 (P.
566 3575 655 3666 888).
674 3616 718 3626 -
740 3579 779 3644 In
803 3584 998 3645 testamento
1023 3580 1069 3644 010
1092 3585 1163 3646 0101
