2614 3912
387 216 413 263 ι
437 209 470 263 1..
489 207 672 264 essenus
688 208 836 265 PRISGUS
1049 209 1113 277 351

102 373 209 459 magis
227 373 341 438 donari
358 374 390 438 ei
407 372 540 438 ridetur.
570 393 653 458 quae
671 373 831 438 sententia
843 370 974 440 Neratii
986 397 1115 461 quoque

102 462 178 546 fnit3
201 461 251 528 aie
270 463 357 528 enim
379 461 493 528 datum
510 461 552 526 ad
569 461 683 526 villam
702 462 911 528 extruendam
929 464 981 528 vel
999 485 1115 550 agrum

103 551 287 634 serendum,
309 551 395 637 quod
417 551 563 636 alioquin
583 551 729 616 facturus
751 573 819 615 non
840 558 911 618 erat
932 552 961 618 is
983 556 1040 639 qui
1063 575 1115 619 ac·

104 642 202 726 cepit,
223 641 259 704 in
281 640 420 724 speeiem
443 640 628 705 donationis
650 638 773 705 eadere

190 751 340 829 Ulpianus
371 751 468 810 addit:
500 746 584 830 ‘crgo
615 752 695 811 inter
724 752 825 812 virum
851 755 883 812 et
908 772 1031 815 uxorem
1057 756 1114 814 hae

12 877 13 884 κ
104 845 191 902 amnt
213 833 411 902 interdictae'.

387 1012 439 1079 De
458 1014 618 1079 verboram
639 1013 832 1097 colpam

191 1138 245 1205 56.
267 1137 307 1205 D.
324 1139 374 1221 16,
388 1139 419 1222 2,
432 1142 464 1202 4.
504 1137 625 1203 Paulus
648 1137 734 1203 libro
755 1139 852 1204 tertio
875 1134 975 1225 (de)
998 1137 1039 1204 ed
1058 1137 1114 1205 Sa·

12 1263 13 1280 η
105 1229 217 1292 binum
240 1227 290 1313 (P.
306 1225 417 1313 1645).
438 1263 477 1274 -
565 1230 599 1291 et
619 1225 755 1292 Neratio
777 1227 927 1311 placebat
948 1277 1005 1306 ...,
1029 1229 1114 1313 [ipso

12 1323 13 1370 ἒ
103 1317 186 1401 iure]
218 1337 256 1382 eo
284 1317 391 1382 minus
418 1315 640 1381 fideiussorem
667 1338 707 1380 ex
733 1313 922 1400 arpentarii¹
948 1321 1115 1382 contractu

12 1423 13 1426 ’
103 1407 233 1487 debere,
261 1406 346 1489 quod
374 1427 414 1469 ex
435 1406 696 1490 compensatione
718 1426 793 1470 reue
815 1405 955 1471 retinere
977 1407 1114 1490 potest[:

104 1494 309 1576 sicutenim,
334 1516 408 1559 cum
430 1499 537 1558 totum
558 1498 637 1578 peto
660 1516 680 1559 a
701 1515 772 1579 reo,
795 1495 879 1559 male
901 1498 991 1580 pcto,
1013 1496 1061 1560 ita
1083 1501 1116 1560 ct

103 1583 274 1650 fideiussor
299 1605 366 1649 non
392 1587 522 1648 tenetur
548 1583 622 1667 ipso
648 1583 718 1646 iure
744 1585 779 1646 in
806 1584 962 1649 maiorem
988 1585 1114 1669 quanti·

103 1677 204 1738 tatem
229 1694 326 1757 quam
348 1694 422 1738 reus
445 1671 651 1737 condemnari
672 1673 805 1757 potest}

191 1784 280 1846 Pauli
309 1785 402 1846 verbe
428 1801 447 1843 a
474 1783 656 1844 'l'ribonieuo
688 1786 830 1860 corrupte
856 1802 922 1844 esse
948 1783 1008 1844 viri
1035 1783 1116 1845 docti

106 1874 309 1950 consentiunt3
332 1877 365 1932 at
386 1891 447 1948 qua
469 1871 505 1931 de
527 1891 560 1932 re
582 1872 635 1931 ille
658 1871 776 1948 dixerit,
798 1891 858 1933 non
879 1873 961 1932 item.
1000 1873 1115 1933 Mitteis

12 1949 13 1956 ἵ
104 1962 146 2024 Ib.
160 1964 181 2023 f.
195 1962 304 2040 Dogm.
319 1964 371 2036 28,
388 1963 450 2020 154
461 1979 524 2038 sqq.
547 1961 584 2020 de
606 1960 780 2021 fideiussore
802 1959 1020 2037 indemnitatis,
1045 1962 1115 2022 Per·

104 2053 169 2112 nice
196 2043 242 2110 11²
268 2071 298 2127 p.
316 2052 381 2110 278
417 2050 520 2126 potius
553 2049 589 2109 de
621 2048 783 2127 argentarii
815 2054 971 2112 contactu
1002 2051 1115 2111 dictum

105 2140 196 2202 fnisse
217 2139 326 2200 merito
349 2139 467 2199 conicit

258 2317 306 2377 De
327 2318 509 2392 meirade
529 2316 575 2376 vel
596 2317 755 2377 omidmdo
771 2319 959 2391 possessore.

192 2437 245 2502 57.
276 2435 316 2501 D.
329 2436 384 2520 41,
397 2437 429 2515 2,
442 2437 472 2514 3,
486 2436 517 2501 3.
566 2434 685 2500 Paulus
712 2436 796 2501 libro
824 2437 1114 2520 quinquagensimo

107 2531 221 2609 quarto
250 2525 290 2589 ad
318 2526 454 2590 edietum
478 2521 528 2611 (Ρ
542 2520 632 2610 658).
654 2560 699 2571 -
721 2522 875 2590 Neratius
903 2528 936 2589 et
960 2524 1115 2590 Proculus

105 2619 137 2678 et
159 2615 229 2680 solo
249 2613 357 2680 animo
379 2612 473 2696 [non]
493 2634 588 2697 posse
607 2635 666 2678 nos
686 2613 852 2698 adquirere
871 2613 1116 2698 possessionem,

106 2702 182 2788 (et)
207 2703 236 2768 si
258 2725 322 2769 non
347 2701 517 2768 antecedet
538 2701 698 2767 naturalis
720 2702 892 2785 possessio.
933 2701 1068 2785 ideoque
1088 2703 1116 2767 si

104 2793 314 2857 thensaurum
344 2791 380 2856 in
411 2790 510 2855 fundo
542 2812 614 2856 meo
646 2791 790 2874 positum
818 2791 931 2876 sciam,
962 2792 1114 2858 continuo

104 2902 155 2946 me
173 2881 349 2965 possidere,
367 2880 465 2945 simul
484 2882 580 2964 atque
598 2879 784 2964 possidendi
800 2880 949 2945 affectum
962 2880 1115 2965 habuero,

104 2970 180 3054 quia
202 2969 288 3054 qued
306 2969 391 3035 desit
407 2969 549 3033 naturali
566 2969 773 3053 possessioni,
795 2968 828 3033 id
847 2968 974 3035 enimus
993 2969 1115 3054 implet.

192 3063 338 3125 Kuebler:
362 3064 392 3123 Z.
407 3062 434 3122 d.
450 3061 583 3123 Seu-St.
597 3062 653 3141 XI,
668 3065 718 3124 51.

193 3165 257 3232 582
284 3165 323 3230 D.
337 3166 390 3248 41,
403 3166 435 3250 2,
450 3165 479 3250 1,
492 3165 545 3230 21.
582 3163 700 3230 Paulus
720 3163 804 3230 libro
825 3165 1114 3252 quinquagensimo

104 3259 219 3338 quarto
238 3254 279 3319 ad
298 3253 438 3319 edietum
458 3253 507 3338 (P.
518 3250 619 3341 657⁰).
641 3253 729 3320 —Si
748 3253 898 3319 iusserim
916 3253 1115 3320 venditorem

103 3341 306 3426 procuratori
337 3365 406 3407 rem
438 3341 579 3426 tradere,
611 3363 684 3408 cum
716 3364 754 3408 ea
785 3343 819 3408 in
850 3342 1034 3427 praesentia
1064 3344 1115 3424 sit,

104 3432 207 3498 videri
239 3432 320 3498 mihi
350 3431 503 3498 traditam
536 3431 664 3496 Priscus
697 3432 757 3516 ait,
789 3431 939 3516 idemque
972 3452 1055 3515 esee,
1087 3431 1116 3495 si

175 3594 189 3643 1
211 3588 286 3646 Trio.
305 3588 389 3646 omni
