2568 3912
185 204 252 266 554
552 199 827 258 ADDITAMENTA.

183 387 260 430 suas
297 364 483 429 bracchium
521 369 578 429 aut
613 364 725 448 pedem
759 364 898 429 alienum
931 363 1100 450 adiecerit,
1139 369 1197 431 aut

184 454 305 538 scypho
340 475 451 517 ansam
480 453 530 516 vel
558 453 708 537 fundum,
740 453 792 517 vel
824 453 1017 518 candelabro
1051 454 1197 540 sigillum

184 546 240 606 aut
273 563 402 606 mensae
434 542 562 625 pedem,
597 541 761 606 dominum
794 541 861 606 eius
893 543 995 607 totius
1027 543 1074 607 rei
1108 545 1199 608 effici

182 652 320 715 vereque
353 635 494 695 statuam
527 652 618 695 suam
651 631 811 695 dicturum
845 636 878 694 et
909 630 1064 715 scyphum
1097 633 1198 716 pleri-

182 741 245 804 que
271 769 300 784 ..
323 720 445 784 dicunt.

272 823 307 883 of.
328 843 358 898 p.
374 825 423 882 65.

274 925 345 989 121.
373 923 411 989 D.
427 924 461 1006 6,
478 923 558 1007 1,5,
579 925 607 988 1.
649 921 807 1007 Ulpianus
835 923 918 988 libro
948 927 1037 988 sexto
1067 923 1194 989 decimo

183 1013 222 1078 ad
252 1014 400 1078 edictum.
423 1049 467 1059 —
494 1011 584 1077 Idem
614 1011 670 1098 (sc.
698 1012 910 1096 Pomponius)
938 1012 1064 1095 scribit,
1099 1013 1127 1078 si
1158 1036 1196 1078 ex

182 1102 277 1167 melle
310 1123 395 1183 meo,
428 1101 502 1166 vino
535 1104 591 1166 tuo
624 1101 745 1165 factum
778 1101 820 1164 sit
850 1102 1003 1184 mulsum,
1035 1103 1195 1185 quosdam

181 1192 384 1256 existimasse
407 1189 440 1254 id
465 1239 494 1255 ..
517 1190 757 1255 communicari.

274 1280 344 1344 122.
371 1278 411 1342 D.
429 1279 483 1364 41,
503 1280 531 1363 1,
551 1279 580 1359 7,
600 1281 628 1344 7.
670 1277 769 1344 Gaius
798 1278 881 1343 libro
905 1277 1042 1343 secundo
1067 1279 1192 1344 Rerum

181 1367 442 1434 Cottidianarum
467 1367 533 1431 sive
558 1367 749 1432 Aorsorum.
774 1403 813 1414 —
838 1366 900 1431 Est
927 1367 1092 1433 ..media
1122 1390 1195 1433 sen·

181 1459 332 1522 tentia..
351 1456 614 1540 existimantium,
633 1457 661 1520 si
680 1455 802 1539 species
822 1456 861 1519 ad
880 1456 1050 1520 materiam
1071 1458 1194 1522 reverti

180 1548 295 1631 possit,
318 1545 423 1610 verius
444 1567 521 1627 esse,
540 1545 625 1628 quod
645 1543 784 1608 Sabinus
805 1548 837 1609 et
856 1542 987 1609 Cassius
1006 1551 1193 1632 senserunt;

181 1635 210 1699 si
230 1657 295 1700 uon
316 1635 420 1718 possit
438 1635 564 1715 reverti,
587 1633 693 1698 verius
713 1655 791 1717 esse,
811 1634 895 1717 quod
913 1631 1040 1698 Nervae
1059 1640 1094 1698 et
1112 1633 1192 1700 Pro-

180 1725 252 1789 culo
284 1724 414 1806 placuit.
461 1723 668 1788 ..videntur
698 1726 807 1786 tamen
835 1722 916 1786 mihi
942 1725 1030 1787 reete
1058 1723 1192 1806 quidam

181 1811 300 1876 dixisse
329 1834 395 1877 uon
426 1811 539 1876 debere
572 1811 713 1875 dubitari
746 1811 824 1895 quin
856 1810 969 1876 alienis
1008 1812 1106 1894 spicis
1140 1836 1192 1876 ex-

180 1922 308 1964 cussum
336 1900 533 1965 frumentum
561 1902 629 1964 eius
658 1900 713 1983 sit,
741 1900 830 1964 euius
859 1903 891 1963 et
919 1900 1026 1983 spicae
1048 1899 1189 1966 fuerunt

271 1988 343 2053 123.
367 1988 391 2052 I.
406 1989 436 2072 2,
450 1993 476 2071 l,
486 1990 537 2053 34.
549 2025 593 2035 -
612 1987 646 2054 si
661 1989 731 2073 quis
747 1990 780 2052 in
795 1989 899 2053 aliena
913 1989 1024 2053 tabula
1038 1989 1190 2072 pinxerit,

181 2077 310 2162 quidam
337 2082 454 2161 putant
475 2078 621 2142 tabulam
644 2080 788 2162 picturae
812 2076 937 2161 cedere,
964 2077 1038 2141 aliis
1062 2079 1191 2143 videtur

179 2165 348 2250 picturam,
373 2164 613 2250 qualiscumque
637 2166 689 2251 sit,
712 2167 843 2231 tabulae
866 2166 985 2231 cedere.

269 2278 304 2336 of.
330 2275 392 2336 Gai.
423 2277 462 2353 Π,
483 2279 532 2337 78.

407 2432 457 2497 De
479 2433 667 2515 adquirendo
689 2452 793 2496 rerum
815 2433 959 2497 dominio.

270 2557 343 2622 124.
367 2555 436 2621 Gai.
451 2557 566 2635 3‚166.
580 2592 622 2602 -
638 2606 645 2621 .
661 2607 667 2619 .
687 2556 742 2639 qui
760 2557 879 2620 nudum
897 2557 947 2620 ius
964 2555 1140 2631 Quiritium
1158 2558 1191 2620 iu

179 2668 272 2711 servo
302 2646 413 2726 habet,
437 2646 514 2710 licet
536 2645 684 2710 dominus
704 2644 765 2726 sit,
789 2646 896 2710 minus
918 2649 1029 2708 tamen
1053 2647 1134 2710 iuris
1157 2647 1191 2710 iu

179 2758 218 2800 ea
236 2757 271 2799 re
291 2735 409 2799 habere
428 2735 624 2819 intelligitur
644 2755 739 2817 quam
758 2732 1013 2799 usufructuario·
1034 2739 1066 2797 et
1085 2735 1190 2799 hones

178 2824 254 2887 fidei
280 2845 457 2907 possessor.
494 2846 567 2888 nam
592 2825 699 2908 placet
722 2843 759 2886 ex
781 2824 870 2887 nulla
893 2842 990 2887 causa
1013 2823 1044 2886 ei
1063 2823 1190 2908 adquiri

178 2933 288 2994 posse,
324 2913 403 2977 adeo
436 2916 472 2976 ut
499 2913 597 2977 etiam
625 2911 817 2976 nominatim
849 2912 878 2975 ei
911 2912 980 2976 dari
1014 2911 1188 2994 stipulatus

178 3001 277 3063 fuerit
306 3023 431 3083 servus,
454 3000 654 3085 mancipiove
676 3000 805 3064 nomine
830 3003 897 3064 eius
922 3002 1098 3084 acceperit,
1122 3001 1187 3085 qui·

178 3087 254 3151 dam
279 3089 464 3153 existiment
486 3089 568 3153 nihil
592 3090 620 3152 ei
644 3089 777 3173 adquiri.

427 3256 477 3321 De
493 3258 681 3338 possessione
703 3262 732 3321 et
752 3258 945 3340 usucapione.

269 3378 341 3443 125.
365 3376 402 3441 D.
416 3379 469 3460 41,
484 3380 513 3460 2,
528 3380 557 3460 3,
574 3381 624 3444 16.
657 3379 776 3445 Paulus
794 3381 876 3446 libro
897 3382 1188 3467 quinquagensimo

179 3471 295 3551 quarto
319 3466 358 3529 ad
382 3465 530 3531 edictum.
558 3503 594 3513 -
617 3466 753 3543 Quidam
774 3474 942 3553 ..putant
963 3471 1127 3536 columbas
1146 3521 1154 3536 .
1171 3520 1189 3552 s

177 3575 260 3637 quae
294 3554 334 3617 ab
366 3554 518 3619 aedificiis
546 3558 665 3620 nostris
688 3555 809 3640 volant,
835 3559 913 3622 item
937 3581 1023 3643 apes,
1046 3581 1127 3643 quae
1151 3581 1189 3623 ex
