2596 3902
131 226 137 242 '
193 223 235 287 96
262 224 310 278 ΙΙΙ,
325 222 401 276 GAIl
416 221 561 278 CLAUDII
575 221 709 277 NERON.
721 221 865 276 GALBAE
874 221 981 276 ΤΕΜΡ.
992 220 1087 276 IURlS
1097 221 1200 277 CONS.

192 387 300 470 legata
333 389 393 466 est,
426 406 498 449 cum
532 389 653 450 certum
687 385 730 449 sit
761 385 866 470 legem
894 383 1068 449 Falcidiam
1096 385 1202 450 locum

192 475 319 555 habere,
342 495 406 537 non
430 474 640 558 stipulationi,
664 474 720 538 sed
744 473 977 556 computationi
1000 474 1108 538 locum
1132 495 1202 538 csse

192 561 309 626 Pedius
340 564 399 643 ait,
432 566 469 625 ut
496 563 698 644 aestimetur,
730 563 843 646 quanti
871 563 914 626 sit
942 563 1027 646 quod
1053 562 1088 626 in
1117 562 1201 626 diem

192 652 335 734 legatum
355 658 404 714 est
422 655 455 714 et
472 655 599 716 tantum
618 652 767 717 credatur
786 672 856 716 esse
871 651 1025 734 legatum,
1043 656 1202 735 quantum

192 739 292 804 efficit
311 740 504 822 aestimatio,
526 745 561 803 ut
579 762 638 825 pro
658 740 752 804 modo
772 741 840 802 eius
859 762 897 803 ex
917 741 1065 804 omnibus
1085 740 1202 824 legatis

193 828 304 894 statim
327 829 408 914 legis
431 826 592 894 Falcidiae
616 831 699 892 ratio
723 829 890 892 habeatur.

498 1013 542 1067 Dc
560 1013 670 1067 decimis
688 1011 897 1080 amputandis?

280 1121 331 1186 48.
355 1120 393 1185 D.
404 1119 456 1204 35,
465 1122 495 1202 2,
506 1122 548 1186 63
555 1143 600 1204 pr.
637 1121 756 1185 Paulus
775 1121 859 1185 libro
879 1119 1018 1185 secundo
1038 1120 1077 1184 ad
1096 1120 1202 1205 legem

191 1208 308 1273 Iuliam
323 1212 356 1273 et
370 1209 506 1292 Papiam
521 1207 569 1294 (P.
580 1207 669 1296 937).
687 1245 725 1256 -
742 1231 835 1274 ..nec
853 1214 929 1293 post
947 1213 1083 1274 mortem
1103 1213 1204 1274 testa-

191 1297 271 1362 toris
303 1298 453 1363 hercdem
485 1296 687 1362 institutuml
716 1320 843 1363 servum
871 1301 963 1362 tanto
992 1297 1094 1381 pluris
1123 1320 1204 1382 csse,

192 1407 255 1470 quo
281 1387 384 1471 pluris
404 1386 512 1451 venire
532 1391 648 1470 potest,
672 1386 788 1451 Pedius
812 1387 938 1470 scribit3
965 1390 1015 1450 est
1039 1385 1124 1450 enirn
1151 1387 1205 1452 ab·

193 1475 325 1540 surdum
348 1477 455 1559 ipsum
479 1498 530 1539 me
552 1476 703 1540 heredem
725 1474 910 1540 institutum
934 1497 1000 1540 non
1023 1497 1092 1539 esse
1116 1476 1204 1540 locu·

190 1564 375 1647 pletiorem,
408 1567 580 1648 antequam
612 1564 738 1642 adeam,
771 1565 799 1628 si
831 1568 938 1628 autem
971 1585 1081 1628 servus
1108 1564 1204 1628 heres

191 1653 360 1717 institutus
384 1653 440 1735 sit,
469 1653 579 1717 statim
603 1675 653 1716 me
677 1653 920 1739 locupletiorem
945 1653 1106 1735 effectum,
1129 1675 1204 1718 cum

191 1741 302 1805 multis
331 1742 435 1806 causis
464 1742 607 1806 accidere
634 1741 751 1826 possit,
778 1763 818 1804 ne
844 1741 934 1806 iussu
957 1745 1069 1805 nostro
1099 1741 1204 1807 adeat.

192 1830 333 1914 adquirit
364 1830 458 1895 nobis
490 1834 576 1895 certe
604 1853 676 1894 cum
704 1830 831 1912 adierit,
864 1832 949 1894 esset
977 1832 1083 1894 autem
1112 1852 1203 1913 prae-

190 1922 354 2003 posterum
374 1925 449 1984 ante
467 1940 526 1984 nos
545 1919 722 2004 locupletes
740 1918 813 2000 dici,
832 1941 929 2002 quam
948 1918 1203 2003 adquisierimus.

332 2171 386 2231 lII.
418 2173 470 2230 Ad
494 2173 650 2232 edictum
674 2172 847 2231 aedilium
870 2171 1059 2230 curulium.

279 2295 377 2355 Huius
393 2299 529 2373 opusculi
544 2316 620 2374 quae
634 2297 797 2355 traduntur
810 2296 980 2372 fragmenta
993 2295 1201 2355 tantummodo

191 2385 227 2443 de
250 2385 405 2462 mancipiis
429 2385 591 2446 vendundis
614 2388 696 2456 sunt,
724 2384 874 2461 usquein
897 2404 931 2444 eo
955 2384 1089 2461 priorum
1111 2384 1200 2444 iuris·

191 2474 394 2534 consultorum
408 2476 518 2534 mentio
532 2475 575 2537 fit.
611 2473 753 2533 laudatur
767 2476 869 2532 autem
883 2492 901 2531 a
914 2473 1007 2532 Paulo
1022 2475 1053 2532 st
1069 2471 1200 2550 Ulpiano

190 2562 276 2623 libris
298 2563 337 2622 ad
359 2564 489 2624 edictum
512 2563 662 2623 aedilium.

505 2734 548 2788 Dc
565 2734 712 2803 mancipiis
729 2733 889 2788 vendundis.

281 2846 310 2908 1.
341 2841 381 2906 D.
397 2844 470 2926 1,3,
486 2844 536 2907 13.
582 2842 741 2924 Ulpianus
768 2842 851 2907 libro
875 2846 890 2903 I
918 2840 958 2904 ad
987 2840 1127 2904 edictum
1151 2861 1203 2904 ac·

191 2930 304 2994 dilium
320 2932 476 2995 curulium
492 2929 541 3016 (P.
553 2929 664 3017 1757).
680 2967 718 2978 -
736 2979 788 3012 ...,
803 2934 839 2992 ut
855 2929 901 2993 ait
916 2929 1039 3010 Pedius,
1054 2933 1201 3014 quotiens

191 3018 262 3101 lege
286 3019 406 3102 aliquid
431 3040 529 3082 unum
553 3019 603 3082 vel
627 3019 766 3082 alterum
788 3018 1004 3082 introductum
1028 3022 1091 3099 est,
1118 3017 1203 3081 bona

193 3106 319 3170 occasio
343 3112 392 3170 cst
415 3112 528 3190 cetera,
551 3128 632 3189 quae
651 3106 788 3170 tendunt
807 3106 847 3168 ad
865 3106 999 3170 eandem
1017 3105 1202 3188 utilitatem,

194 3194 245 3257 vel
268 3195 536 3276 interpretatione
561 3195 611 3258 vel
634 3200 718 3258 certe
742 3193 959 3258 iurisdictione
983 3194 1134 3279 suppleri.

280 3313 415 3373 Huschke
428 3315 462 3372 Z.
473 3317 497 3374 d.
510 3314 632 3376 Soa-St.
648 3315 757 3392 XXII,
767 3315 830 3371 337
848 3317 890 3373 ita
907 3315 1087 3374 scribendum
1099 3315 1203 3387 putul:

192 3397 232 3460 ἵ.
257 3405 304 3462 est
326 3396 395 3480 <si>
494 3399 655 3482 (oportet)
678 3397 830 3480 suppleri?

264 3597 277 3644 l
297 3590 344 3645 Fl.
359 3606 415 3676 'nec
432 3589 564 3645 heredem
582 3594 648 3661 post
666 3609 702 3645 m.
721 3594 787 3647 test.
805 3589 973 3646 institutum.
