2580 3900
194 208 259 271 222
283 207 329 262 IV.
345 207 560 262 VESPASIANI
574 208 647 262 ΤΙΤΙ
660 207 856 264 DOMITIANI
869 211 976 264 TEMP.
991 209 1087 264 IURIS
1103 209 1208 266 CONS.

195 369 324 452 scribit'3
348 376 481 436 Neratii:
504 376 539 434 D.
557 379 607 450 18,
624 380 651 448 1,
667 380 707 437 57
729 371 882 438 ‘Neratius
901 371 965 438 ait'.
985 378 1036 437 ’11,
1052 374 1104 457 42,
1120 383 1148 455 1,
1164 380 1205 438 21

194 458 350 523 ‘Neratius
387 459 512 524 scribit'.
567 467 604 525 cf.
632 466 668 526 D.
694 470 744 541 35,
771 471 798 539 1,
816 469 907 539 43,2
941 461 1095 526 ‘Neratius
1127 468 1206 527 libro

193 555 290 628 primo
318 554 540 630 Responsorum
568 551 699 632 scribit’3
726 555 896 632 Pomponii:
924 556 959 614 D.
981 559 1031 631 12,
1052 557 1080 632 5,
1100 559 1129 616 9.
1154 557 1206 628 41,

195 645 223 719 1,
242 644 283 702 49
314 636 507 718 ‘Pomponius
541 637 665 704 scribit'.
715 645 752 704 D.
770 647 821 721 41,
843 648 870 717 1,
890 647 978 716 48,1
1009 639 1207 720 ‘Pomponius

192 732 355 792 verendum
387 726 446 791 ne'.
497 732 535 790 D.
554 736 582 811 9,
602 735 632 810 4,
652 736 691 793 31
732 728 824 811 ‘quod
857 734 1037 809 Pomponius
1073 728 1205 811 probat'.

192 821 228 880 D.
239 823 291 896 45,
303 824 331 898 1,
343 824 393 899 91,
404 824 434 881 4.
446 824 464 882 5
480 815 658 897 ‘Pomponio
674 869 680 882 .
695 865 703 880 .
717 815 835 897 plaeet'.
873 816 1066 897 ‘Pomponius
1080 814 1206 904 putat'),

191 910 221 968 in
254 910 346 970 rebus
379 911 558 970 collocandis
591 913 622 970 et
649 929 668 970 5
695 911 859 986 Pomponio
887 916 918 971 et
946 931 965 970 a
991 911 1133 972 15551555
1161 912 1208 971 155

192 999 318 1076 5555515,
349 1004 384 1059 55
415 1002 523 1059 555555
550 1001 624 1059 15515
651 999 804 1060 honorarii
831 1000 978 1060 institutis
1006 1000 1203 1076 principalem

191 1088 293 1148 locum
315 1088 454 1148 51555555
476 1088 653 1166 assignasse.
699 1089 898 1164 Pomponium
920 1090 1012 1166 enim,
1036 1089 1088 1166 qui
1110 1088 1206 1149 libros

192 1177 229 1236 ad
261 1177 415 1237 Plautium
445 1176 557 1236 Iuliani
583 1177 778 1254 Digestorum
809 1178 887 1237 libro
914 1177 1000 1236 XLII
1030 1178 1090 1236 iam
1122 1178 1206 1238 edito

191 1267 360 1342 composuit
377 1265 589 1343 Iulianumque
612 1266 731 1342 saepius
752 1266 859 1326 155555
877 1260 926 1347 (1).
944 1269 994 1338 21,
1009 1268 1037 1338 3,
1053 1268 1082 1325 2.
1108 1268 1206 1341 17,1,

191 1357 234 1414 41
242 1375 285 1430 pr.
310 1357 473 1430 46.8,16.
497 1357 549 1434 40,
564 1358 593 1433 4,
608 1359 703 1432 4055.
729 1358 863 1434 12,1,8.
882 1359 934 1432 31,
946 1358 996 1431 11,
1008 1350 1052 1436 1),
1071 1355 1206 1414 edictum

190 1446 371 1520 perpetuum
398 1443 557 1503 51511555
586 1445 770 1523 ordinatum,
798 1445 835 1503 ad
859 1444 944 1503 cuius
966 1444 1101 1502 ordinem
1123 1443 1206 1504 idem

191 1533 385 1608 Digestorum
409 1533 502 1592 libros
521 1533 683 1593 I—LVIII
706 1535 880 1612 composuit,
903 1537 1003 1592 tamen
1025 1532 1057 1590 15
1076 1532 1206 1608 singulis

190 1621 281 1680 rebus
301 1640 361 1680 555
380 1625 516 1681 secutum
536 1640 600 1682 5555
620 1626 758 1700 5555555
783 1622 956 1683 1555155555
976 1623 1079 1680 autem
1096 1621 1174 1681 11555
1190 1621 1207 1680 I

190 1710 227 1768 55
250 1706 361 1788 legatis
385 1710 552 1786 disputasse
576 1714 701 1771 constat.
807 1705 819 1745 ·'

280 1800 392 1858 Eorum
439 1799 575 1874 inprimis
620 1801 831 1859 1555155555555
876 1799 1022 1859 rationem
1064 1798 1206 1859 Plautius

190 1887 310 1963 habuit,
339 1905 415 1965 quae
444 1889 518 1948 iuris
541 1889 638 1949 civilis
663 1892 746 1948 sunt:
773 1890 941 1967 legatorum
965 1881 1147 1969 (dequibus
1171 1891 1206 1948 55

189 1974 350 2036 155515555
368 1976 446 2036 11555
464 1976 489 2052 I,
507 1977 691 2054 Pomponius
707 1977 784 2037 libro
802 1977 868 2055 VH,
886 1977 999 2037 Paulus
1016 1975 1101 2035 libris
1116 1975 1206 2055 VlH,

189 2064 241 2141 IX,
264 2064 308 2122 XI
331 2068 363 2124 55
380 2065 440 2123 XII
463 2066 647 2141 scripserunt
665 2071 696 2126 55
714 2067 827 2125 Plautii
845 2067 940 2142 ipsius
958 2065 1102 2125 55555115
1119 2064 1206 2143 frag·

189 2156 291 2212 menta
322 2154 437 2213 5555155
470 2150 568 2232 sunt),
599 2155 674 2215 15515
707 2155 823 2215 dotium
855 2147 907 2237 (55
939 2173 998 2232 quo
1025 2171 1085 2213 555
1112 2153 1205 2215 modo

189 2241 374 2318 Pomponius
405 2243 425 2302 1.
444 2242 488 2300 IV
519 2247 550 2302 et
577 2243 690 2304 Paulus
717 2245 736 2303 l.
756 2243 800 2302 VI
827 2244 995 2322 disputant,
1028 2243 1080 2302 sed
1108 2242 1205 2302 etiam

189 2331 303 2390 Plautii
335 2333 538 2408 lragmentum
570 2326 696 2412 exstat),
734 2334 914 2393 servitutum
945 2324 996 2414 (de
1029 2330 1136 2407 quibus
1169 2336 1206 2392 55

188 2419 308 2480 Neratii
330 2439 425 2479 unum
447 2423 649 2500 fragmentum
669 2425 715 2482 555
733 2425 764 2480 55
781 2421 940 2481 Iavolenus
958 2421 1079 2482 5155555
1097 2420 1204 2495 51555-

188 2513 269 2568 tasse
296 2509 373 2569 libro
396 2503 471 2591 III),
499 2511 658 2586 emptionIs
681 2510 861 2571 venditionis
885 2502 936 2592 (55
959 2527 1018 2587 qna
1039 2508 1205 2569 Iavolenus

189 2598 208 2656 l.
227 2598 267 2674 Π,
291 2599 404 2659 Ρ55155
427 2601 447 2659 1.
462 2600 490 2657 V
513 2593 692 2683 disputent).
738 2600 812 2658 iuris
835 2618 954 2676 quoque
976 2597 1127 2658 honorarii
1151 2615 1203 2657 ac·

189 2691 344 2748 cesserunt
360 2689 503 2748 instituta
517 2690 672 2766 quaedam.
703 2691 783 2749 certe
803 2689 839 2748 55
853 2689 998 2748 bonorum
1012 2684 1203 2762 possessione

189 2779 293 2836 eontra
326 2778 446 2838 tabulas
478 2778 568 2854 dixit,
599 2778 635 2836 de
663 2778 765 2837 damni
791 2777 895 2837 infecti
922 2775 1129 2851 551551551555,
1161 2775 1203 2835 55

188 2865 359 2925 actionibus
382 2867 535 2927 institoria
558 2869 589 2925 et
612 2866 648 2925 55
671 2866 797 2942 5555115.
843 2869 883 2943 55,
905 2866 936 2925 15
959 2864 1039 2941 quod
1061 2863 1204 2941 Krueger

188 2972 216 3026 p.
241 2954 302 3011 131
338 2958 369 3013 55
403 2957 464 3014 159
498 2955 622 3032 statuit,
652 2955 728 3015 15515
760 2955 911 3015 honorarii
942 2953 1091 3012 institutis
1122 2951 1202 3013 iuris

189 3040 285 3099 civilis
310 3042 452 3101 instItnte
477 3042 649 3118 appendicis
672 3043 759 3103 modo
784 3043 886 3102 addita
908 3061 986 3116 esse,
1013 3041 1203 3116 5555515515

187 3147 248 3188 non
271 3129 428 3190 convenire
451 3134 533 3205 puto.

277 3215 370 3286 Quem
388 3238 490 3278 rerum
510 3219 643 3278 ordinem
663 3219 800 3278 Plautius
820 3223 941 3280 secutus
956 3220 1004 3292 sit,
1023 3219 1049 3278 si
1067 3218 1201 3296 omniuo,

187 3311 268 3365 certe
291 3325 350 3366 non
373 3325 409 3366 55
432 3307 527 3385 Ρ5511,
552 3308 604 3367 555
625 3312 746 3368 tantum
769 3329 803 3368 55
826 3308 959 3369 15551551
983 3309 1067 3368 115515
1090 3307 1202 3386 dispici

186 3412 273 3470 posse
306 3399 440 3471 apparet.
490 3396 648 3457 lavolenus
681 3401 782 3457 autem
814 3397 910 3475 primo
942 3398 1018 3458 libro
1051 3397 1127 3458 dixit
1160 3397 1202 3460 de
1272 3453 1274 3470 ,

186 3484 305 3560 legatis,
328 3485 457 3545 secundo
480 3486 516 3545 de
540 3485 679 3547 libertate
698 3487 803 3547 relicta
822 3487 907 3547 etde
926 3487 1076 3562 emptione
1094 3488 1201 3548 vendi·
1272 3499 1274 3562 5

186 3573 267 3632 51555
303 3574 479 3634 hereditatis
511 3568 561 3656 (D.
583 3578 632 3654 12,
653 3580 681 3656 6,
700 3579 750 3637 45.
781 3579 831 3651 18,
851 3579 880 3648 4,
900 3578 928 3654 8,
949 3566 1005 3656 10)
1042 3580 1073 3636 55
1110 3578 1200 3638 fundi
1272 3583 1274 3630 1
