2614 3912
189 219 255 283 374
291 219 323 272 V.
343 217 492 273 NERVAE
512 214 1166 272 srrssmurrnMP.1UfflscorsULT1

475 437 531 499 ΠΙ.
564 438 794 516 Digestorum
818 439 920 498 libri.

275 561 311 622 In
333 562 494 621 iustiniani
518 561 650 640 Digestis
671 563 705 624 D.
722 565 772 640 24,
787 565 816 640 3,
831 565 923 640 44pr.
946 563 1020 622 haec
1042 564 1199 642 leguntur:

187 645 312 711 ‘Paulus
340 651 416 710 libro
444 651 548 729 quinto
577 650 801 722 Quaestionum.
846 696 909 712 ...
937 651 1038 711 Nerva
1065 655 1097 711 et
1125 651 1200 712 Cato

186 739 422 818 responderunt,
450 743 485 799 nt
515 743 562 800 est
588 742 718 800 relatum
745 742 825 816 apud
853 741 976 820 Sextum
1003 740 1201 817 Pomponium

186 829 380 907 Digestorum
413 827 450 888 ab
478 829 620 889 Aristone
652 829 730 889 libro
760 829 874 905 quinto.
924 829 1036 889 ibidem
1063 829 1201 890 Aristoni

187 911 356 979 consentit'.
410 917 518 996 quibus
551 918 588 977 de
619 917 718 978 verbis
750 918 997 996 interpretandis,
1029 921 1132 978 utrum
1164 919 1201 978 de

186 1007 336 1068 Aristonis
370 1024 408 1066 an
440 1006 477 1066 de
509 1006 665 1082 Pomponii
700 1006 834 1086 Digestis
871 1025 968 1068 sermo
1006 1007 1061 1067 fiat
1092 1008 1201 1067 eximie

124 1124 132 1141 ν
187 1096 351 1156 dubitatur.
394 1098 485 1173 atque
502 1096 667 1155 Mommsen
686 1095 717 1156 Z.
731 1096 752 1155 f.
766 1096 827 1156 Rc.
841 1095 902 1155 VH
916 1116 943 1171 p.
960 1098 1025 1156 477
1043 1096 1202 1173 Pomponii

187 1204 271 1263 opus,
286 1204 344 1261 quo
355 1184 504 1244 Aristonis
519 1184 683 1245 sententias
698 1185 865 1262 contulerit,
881 1184 1034 1262 designari
1048 1185 1202 1246 existimat

187 1273 440 1334 consentientibus
464 1273 617 1352 Kruegero
642 1274 672 1334 Z.
696 1274 724 1333 d.
744 1273 870 1334 San-St.
890 1273 950 1333 VII
969 1295 997 1350 p.
1014 1277 1069 1351 943
1093 1273 1202 1336 Gesch.

186 1384 213 1439 p.
226 1365 291 1423 164
314 1365 345 1422 et
363 1362 504 1422 Karlowa
521 1362 578 1439 Ip.
591 1365 664 1424 670.
678 1364 749 1423 700.
786 1363 838 1422 alii
860 1363 917 1423 viri
937 1363 1017 1423 docti
1035 1383 1095 1424 non
1114 1361 1202 1424 Pom·

185 1452 318 1529 ponium,
337 1451 389 1510 sed
408 1450 579 1511 Aristonem
598 1451 722 1528 Digesta
740 1450 868 1511 edidisse
881 1451 969 1510 Pauli
988 1453 1087 1512 verbis
1107 1452 1201 1530 signi·

185 1541 270 1600 ficari
291 1540 438 1618 iudicant,
460 1538 596 1615 inprimis
619 1539 655 1599 H.
679 1538 805 1600 Perniee
826 1540 909 1600 Misc.
932 1561 960 1616 p.
977 1542 1031 1601 35:
1060 1535 1201 1618 ³Digesta

187 1631 224 1689 ab
239 1627 382 1688 Aristone
402 1675 444 1688 ...
463 1629 544 1687 kann
625 1629 793 1705 spraohlich
811 1648 870 1688 nur
882 1629 1032 1691 bedenten
1046 1629 1200 1711 Digesten,

186 1717 298 1777 welche
321 1716 424 1777 Ariste
448 1716 642 1794 geschrieben
663 1717 717 1776 hat
740 1713 804 1777 ...'
849 1718 897 1778 cui
919 1718 1083 1777 assentitur
1104 1717 1201 1778 Lenel

186 1805 219 1867 P.
234 1805 289 1864 col.
302 1808 340 1864 61
360 1825 389 1864 n.
401 1808 428 1864 1.
465 1805 539 1864 mihi
557 1824 627 1867 vero
648 1806 748 1883 verba,
771 1825 848 1884 quae
866 1808 940 1866 mire
959 1807 1088 1866 distorta
1105 1807 1200 1869 Paulo

186 1894 404 1968 attribuuntur,
437 1895 539 1969 potius
571 1912 589 1952 a
617 1894 798 1955 Triboniano
826 1895 966 1956 videntur
992 1897 1035 1954 ita
1064 1898 1200 1957 confecta

130 1979 133 1987 '
186 1999 264 2060 esse,
289 1986 323 2040 ut
345 2000 422 2058 quae
444 1982 556 2042 Paulus
580 1983 616 2043 de
639 1983 756 2044 Nervae
780 1984 929 2044 Aristonis
954 1984 1111 2061 Pomponii
1134 2005 1199 2046 sen-

186 2070 290 2130 tentiis
322 2071 495 2148 rettnlerat,
527 2090 563 2130 ea
596 2072 724 2148 pessime
755 2071 787 2131 in
815 2073 906 2132 breve
937 2073 1076 2151 coegerit.
1128 2075 1200 2151 quid

186 2158 272 2218 Pauli
296 2158 387 2218 verba
409 2178 531 2219 revera
550 2159 607 2219 sibi
624 2159 720 2220 velint
738 2161 886 2237 explorari
910 2181 970 2223 non
986 2165 1099 2241 potest3
1123 2163 1200 2222 illud

185 2267 279 2307 unum
307 2247 465 2322 dicendum
492 2251 551 2326 est,
580 2249 645 2308 fieri
671 2267 771 2328 posse,
799 2255 834 2310 ut
862 2250 973 2310 Paulus
1002 2251 1199 2327 Digestorum

186 2337 280 2396 libros
312 2337 350 2396 ab
377 2336 519 2397 Aristone
547 2338 698 2398 confectos
725 2339 834 2398 iterum
862 2359 881 2399 a
909 2339 1072 2416 Pomponio
1100 2339 1197 2401 editos

187 2445 251 2486 esse
280 2425 445 2487 tradiderit.
498 2426 578 2503 quod
600 2426 702 2505 Lenel,
724 2428 776 2503 qui
799 2428 879 2503 apud
900 2428 1074 2490 Aristonem
1097 2434 1199 2490 notat:

187 2510 381 2591 ³Pomponius
412 2561 445 2576 ..
476 2514 601 2594 Digesta
633 2515 699 2594 ilfa,
731 2517 896 2592 epitomate
929 2517 1067 2594 forsitan,
1100 2518 1202 2579 denuo'

186 2605 307 2666 videtur
324 2599 472 2681 edidisse',
491 2604 571 2681 apud
588 2605 786 2682 Pomponium
805 2607 905 2665 eutem
925 2601 971 2684 (ΙΙ
984 2608 1037 2667 col.
1050 2602 1105 2687 79)
1124 2609 1199 2667 haec

186 2697 307 2754 tantum
325 2693 453 2769 profert:
473 2688 582 2754 ³N0tae
599 2695 638 2754 ad
650 2694 801 2756 Aristonis
816 2689 963 2772 Digesta’,
981 2695 1093 2755 librum
1110 2696 1199 2755 illum

187 2783 325 2859 quintum
339 2781 462 2842 aPsulo
476 2784 603 2843 allatum
613 2783 763 2844 Aristonis
773 2783 905 2862 Digestis
919 2786 965 2844 att
952 2784 1059 2844 ttribui
1046 2787 1200 2863 t,probari

188 2871 300 2947 nequit.
357 2870 537 2947 Pomponius
573 2873 652 2931 enim
689 2866 822 2932 i³bidem'
857 2871 994 2933 Aristoni
1030 2875 1198 2934 consentire

187 2958 309 3036 dicitur,
341 2960 422 3034 quod
454 2960 491 3019 ad
522 2961 615 3021 verba
647 2954 734 3021 ³libro
766 2955 884 3038 quinte'
915 2981 975 3020 non
1006 2965 1107 3038 potest
1138 2983 1199 3024 non

139 3059 142 3066 '
186 3047 345 3122 pertinere.

276 3135 311 3194 In
330 3135 523 3212 Digestorum
545 3137 629 3196 libris
646 3137 821 3198 Aristonem
843 3141 874 3198 et
896 3139 1032 3216 priorum
1054 3158 1199 3217 responsa

188 3223 411 3298 sententiasque
429 3223 591 3304 rettulisse,
610 3244 654 3284 ex.
664 3245 709 3304 gr.
723 3225 819 3286 Cassii
834 3223 1067 3307 (11.17,2,29,2
1082 3223 1198 3290 ³Arist0

187 3311 281 3371 refert
313 3310 450 3372 Cassium
485 3307 714 3394 respondisse’),
750 3317 830 3376 notis
865 3317 1041 3394 plerumque
1074 3317 1198 3378 adiectis

186 3393 238 3478 (D.
264 3403 340 3479 7,1,
362 3403 389 3476 7,
409 3404 427 3461 3
461 3395 658 3463 Cassius..
692 3403 861 3465 scribit..
895 3409 925 3465 et
955 3405 1059 3466 Aristo
1090 3399 1199 3467 notst’.

186 3488 291 3567 D.39,
307 3492 335 3566 2,
351 3447 391 3550 20
416 3484 548 3550 Cassius
571 3448 726 3553 scribit.
739 3493 872 3555 .Aristo
896 3497 1044 3555 autem.
1055 3491 1198 3556 .adioit'.

187 3573 575 3656 D.7,1,17,1³Aristc
601 3581 683 3658 apud
710 3579 847 3642 Cassium
872 3577 979 3644 notat’.
1023 3584 1058 3644 D.
1080 3587 1109 3657 7,
1129 3585 1158 3661 8,
1178 3587 1198 3644 6
