<?xml version="1.0" encoding="UTF-8"?>
<!DOCTYPE html PUBLIC "-//W3C//DTD XHTML 1.0 Transitional//EN"
    "http://www.w3.org/TR/xhtml1/DTD/xhtml1-transitional.dtd">
<html xmlns="http://www.w3.org/1999/xhtml" xml:lang="en" lang="en">
 <head>
  <title>
</title>
<meta http-equiv="Content-Type" content="text/html;charset=utf-8" />
  <meta name='ocr-system' content='tesseract 3.04.00' />
  <meta name='ocr-capabilities' content='ocr_page ocr_carea ocr_par ocr_line ocrx_word'/>
</head>
<body>
  <div class='ocr_page' id='page_1' title='image "./iurisprudentiae03bremgoog_0313.png"; bbox 0 0 2590 3902; ppageno 0'>
   <div class='ocr_carea' id='block_1_1' title="bbox 514 175 1122 243">
    <p class='ocr_par' dir='ltr' id='par_1_1' title="bbox 514 175 1122 243">
     <span class='ocr_line' id='line_1_1' title="bbox 514 175 1122 243; baseline 0 -12"><span class='ocrx_word' id='word_1_1' title='bbox 514 183 538 232; x_wconf 82' lang='lat'>3.</span> <span class='ocrx_word' id='word_1_2' title='bbox 557 175 718 232; x_wconf 81' lang='lat' dir='ltr'>MINICIUS</span> <span class='ocrx_word' id='word_1_3' title='bbox 1057 179 1122 243; x_wconf 78' lang='lat'>283</span> 
     </span>
    </p>
   </div>
   <div class='ocr_carea' id='block_1_2' title="bbox 99 343 1123 690">
    <p class='ocr_par' dir='ltr' id='par_1_2' title="bbox 99 343 1123 690">
     <span class='ocr_line' id='line_1_2' title="bbox 113 343 1123 423; baseline 0.005 -21"><span class='ocrx_word' id='word_1_4' title='bbox 113 343 220 405; x_wconf 86' lang='lat' dir='ltr'>biteris</span> <span class='ocrx_word' id='word_1_5' title='bbox 252 344 371 404; x_wconf 89' lang='lat' dir='ltr'>nomine</span> <span class='ocrx_word' id='word_1_6' title='bbox 404 344 580 404; x_wconf 83' lang='lat' dir='ltr'>vindicando</span> <span class='ocrx_word' id='word_1_7' title='bbox 608 348 769 422; x_wconf 89' lang='lat' dir='ltr'>consequet</span> <span class='ocrx_word' id='word_1_8' title='bbox 769 364 816 407; x_wconf 89' lang='lat' dir='ltr'>ur.</span> <span class='ocrx_word' id='word_1_9' title='bbox 867 346 918 406; x_wconf 87' lang='lat' dir='ltr'>sed</span> <span class='ocrx_word' id='word_1_10' title='bbox 946 347 972 406; x_wconf 86' lang='lat' dir='ltr'>si</span> <span class='ocrx_word' id='word_1_11' title='bbox 997 347 1123 423; x_wconf 83' lang='lat' dir='ltr'>pecunia</span> 
     </span>
     <span class='ocr_line' id='line_1_3' title="bbox 111 433 1122 510; baseline 0.002 -18"><span class='ocrx_word' id='word_1_12' title='bbox 111 451 172 492; x_wconf 87' lang='lat' dir='ltr'>non</span> <span class='ocrx_word' id='word_1_13' title='bbox 200 435 300 492; x_wconf 86' lang='lat' dir='ltr'>exstat</span> <span class='ocrx_word' id='word_1_14' title='bbox 327 436 358 492; x_wconf 93' lang='lat' dir='ltr'>et</span> <span class='ocrx_word' id='word_1_15' title='bbox 385 433 492 492; x_wconf 86' lang='lat' dir='ltr'>mulier</span> <span class='ocrx_word' id='word_1_16' title='bbox 518 434 696 510; x_wconf 89' lang='lat' dir='ltr'>locupletior</span> <span class='ocrx_word' id='word_1_17' title='bbox 719 437 798 494; x_wconf 83' lang='lat' dir='ltr'>facta</span> <span class='ocrx_word' id='word_1_18' title='bbox 822 438 880 508; x_wconf 87' lang='lat' dir='ltr'>est,</span> <span class='ocrx_word' id='word_1_19' title='bbox 907 435 1033 496; x_wconf 87' lang='lat' dir='ltr'>maritus</span> <span class='ocrx_word' id='word_1_20' title='bbox 1057 455 1122 495; x_wconf 87' lang='lat' dir='ltr'>eam</span> 
     </span>
     <span class='ocr_line' id='line_1_4' title="bbox 112 522 1123 599; baseline 0.004 -19"><span class='ocrx_word' id='word_1_21' title='bbox 112 525 209 597; x_wconf 82' lang='lat' dir='ltr'>petet3</span> <span class='ocrx_word' id='word_1_22' title='bbox 232 522 422 598; x_wconf 85' lang='lat' dir='ltr'>intellegitur</span> <span class='ocrx_word' id='word_1_23' title='bbox 440 522 519 582; x_wconf 89' lang='lat' dir='ltr'>enirn</span> <span class='ocrx_word' id='word_1_24' title='bbox 537 541 573 581; x_wconf 87' lang='lat' dir='ltr'>ex</span> <span class='ocrx_word' id='word_1_25' title='bbox 591 541 623 581; x_wconf 90' lang='lat' dir='ltr'>re</span> <span class='ocrx_word' id='word_1_26' title='bbox 642 524 744 582; x_wconf 86' lang='lat' dir='ltr'>mariti</span> <span class='ocrx_word' id='word_1_27' title='bbox 761 523 941 599; x_wconf 87' lang='lat' dir='ltr'>locupletior</span> <span class='ocrx_word' id='word_1_28' title='bbox 958 525 1020 584; x_wconf 89' lang='lat' dir='ltr'>fact</span> <span class='ocrx_word' id='word_1_29' title='bbox 1021 544 1039 584; x_wconf 86' lang='lat' dir='ltr'>a</span> <span class='ocrx_word' id='word_1_30' title='bbox 1058 543 1123 585; x_wconf 88' lang='lat' dir='ltr'>esse</span> 
     </span>
     <span class='ocr_line' id='line_1_5' title="bbox 99 609 1121 690; baseline 0.005 -21"><span class='ocrx_word' id='word_1_31' title='bbox 99 610 222 670; x_wconf 89' lang='lat' dir='ltr'>&#39;mulier</span> <span class='ocrx_word' id='word_1_32' title='bbox 222 610 385 689; x_wconf 79' lang='lat' dir='ltr'>,quoniam</span> <span class='ocrx_word' id='word_1_33' title='bbox 400 609 517 670; x_wconf 83' lang='lat' dir='ltr'>debitor</span> <span class='ocrx_word' id='word_1_34' title='bbox 531 611 592 671; x_wconf 89' lang='lat' dir='ltr'>doli</span> <span class='ocrx_word' id='word_1_35' title='bbox 606 612 678 670; x_wconf 88' lang='lat' dir='ltr'>mali</span> <span class='ocrx_word' id='word_1_36' title='bbox 693 613 865 687; x_wconf 74' lang='lat' dir='ltr'>exceptione</span> <span class='ocrx_word' id='word_1_37' title='bbox 880 631 910 671; x_wconf 91' lang='lat' dir='ltr'>se</span> <span class='ocrx_word' id='word_1_38' title='bbox 925 613 1004 673; x_wconf 88' lang='lat' dir='ltr'>tueri</span> <span class='ocrx_word' id='word_1_39' title='bbox 1013 616 1121 690; x_wconf 88' lang='lat' dir='ltr'>potest.</span> 
     </span>
    </p>
   </div>
   <div class='ocr_carea' id='block_1_3' title="bbox 363 782 874 866">
    <p class='ocr_par' dir='ltr' id='par_1_3' title="bbox 363 782 874 866">
     <span class='ocr_line' id='line_1_6' title="bbox 363 782 874 866; baseline 0 -18"><span class='ocrx_word' id='word_1_40' title='bbox 363 782 414 848; x_wconf 85' lang='lat' dir='ltr'>Dc</span> <span class='ocrx_word' id='word_1_41' title='bbox 435 783 682 866; x_wconf 75' lang='lat' dir='ltr'>stipulatiomtos</span> <span class='ocrx_word' id='word_1_42' title='bbox 697 784 874 865; x_wconf 76' lang='lat' dir='ltr'>praetoriis.</span> 
     </span>
    </p>
   </div>
   <div class='ocr_carea' id='block_1_4' title="bbox 108 887 1123 1858">
    <p class='ocr_par' dir='ltr' id='par_1_4' title="bbox 109 887 1123 1772">
     <span class='ocr_line' id='line_1_7' title="bbox 200 887 1123 977; baseline 0.001 -21"><span class='ocrx_word' id='word_1_43' title='bbox 200 890 253 956; x_wconf 81' lang='lat'>29.</span> <span class='ocrx_word' id='word_1_44' title='bbox 278 887 316 953; x_wconf 89' lang='lat' dir='ltr'>D.</span> <span class='ocrx_word' id='word_1_45' title='bbox 326 891 357 974; x_wconf 86' lang='lat'>3,</span> <span class='ocrx_word' id='word_1_46' title='bbox 367 890 397 974; x_wconf 84' lang='lat'>3,</span> <span class='ocrx_word' id='word_1_47' title='bbox 408 891 459 954; x_wconf 81' lang='lat'>76.</span> <span class='ocrx_word' id='word_1_48' title='bbox 490 889 579 954; x_wconf 87' lang='lat' dir='ltr'>Idem</span> <span class='ocrx_word' id='word_1_49' title='bbox 594 887 653 976; x_wconf 88' lang='lat' dir='ltr'>(sc.</span> <span class='ocrx_word' id='word_1_50' title='bbox 667 887 828 977; x_wconf 90' lang='lat' dir='ltr'>Iulianus)</span> <span class='ocrx_word' id='word_1_51' title='bbox 847 890 930 956; x_wconf 90' lang='lat' dir='ltr'>libro</span> <span class='ocrx_word' id='word_1_52' title='bbox 950 891 1062 976; x_wconf 90' lang='lat' dir='ltr'>quinto</span> <span class='ocrx_word' id='word_1_53' title='bbox 1082 892 1123 957; x_wconf 88' lang='lat' dir='ltr'>ad</span> 
     </span>
     <span class='ocr_line' id='line_1_8' title="bbox 112 975 1122 1064; baseline 0.003 -22"><span class='ocrx_word' id='word_1_54' title='bbox 112 977 279 1044; x_wconf 82' lang='lat' dir='ltr'><strong>Minicium</strong></span> <span class='ocrx_word' id='word_1_55' title='bbox 299 976 349 1064; x_wconf 88' lang='lat' dir='ltr'>(P.</span> <span class='ocrx_word' id='word_1_56' title='bbox 359 975 448 1064; x_wconf 79' lang='lat'>872).</span> <span class='ocrx_word' id='word_1_57' title='bbox 470 1014 507 1024; x_wconf 91' lang='lat'>—</span> <span class='ocrx_word' id='word_1_58' title='bbox 530 978 635 1043; x_wconf 86' lang='lat' dir='ltr'>Titius</span> <span class='ocrx_word' id='word_1_59' title='bbox 655 1000 727 1043; x_wconf 90' lang='lat' dir='ltr'>cum</span> <span class='ocrx_word' id='word_1_60' title='bbox 746 978 912 1043; x_wconf 75' lang='lat' dir='ltr'>absentem</span> <span class='ocrx_word' id='word_1_61' title='bbox 931 979 1122 1064; x_wconf 86' lang='lat' dir='ltr'>defenderet,</span> 
     </span>
     <span class='ocr_line' id='line_1_9' title="bbox 110 1067 1122 1154; baseline 0.001 -22"><span class='ocrx_word' id='word_1_62' title='bbox 110 1067 281 1132; x_wconf 85' lang='lat' dir='ltr'>satisdedit</span> <span class='ocrx_word' id='word_1_63' title='bbox 305 1070 337 1132; x_wconf 90' lang='lat' dir='ltr'>et</span> <span class='ocrx_word' id='word_1_64' title='bbox 360 1067 450 1151; x_wconf 89' lang='lat' dir='ltr'>prius</span> <span class='ocrx_word' id='word_1_65' title='bbox 470 1089 566 1154; x_wconf 90' lang='lat' dir='ltr'>quam</span> <span class='ocrx_word' id='word_1_66' title='bbox 584 1067 738 1132; x_wconf 88' lang='lat' dir='ltr'>iudicium</span> <span class='ocrx_word' id='word_1_67' title='bbox 757 1067 916 1152; x_wconf 87' lang='lat' dir='ltr'>acciperet</span> <span class='ocrx_word' id='word_1_68' title='bbox 935 1069 1031 1132; x_wconf 87' lang='lat' dir='ltr'>desiit</span> <span class='ocrx_word' id='word_1_69' title='bbox 1048 1090 1122 1134; x_wconf 89' lang='lat' dir='ltr'>rcus</span> 
     </span>
     <span class='ocr_line' id='line_1_10' title="bbox 110 1155 1123 1240; baseline 0.002 -20"><span class='ocrx_word' id='word_1_70' title='bbox 110 1156 267 1221; x_wconf 85' lang='lat' dir='ltr'>solvendo</span> <span class='ocrx_word' id='word_1_71' title='bbox 300 1178 384 1240; x_wconf 87' lang='lat' dir='ltr'>esse,</span> <span class='ocrx_word' id='word_1_72' title='bbox 416 1179 513 1240; x_wconf 90' lang='lat' dir='ltr'>quam</span> <span class='ocrx_word' id='word_1_73' title='bbox 546 1156 587 1220; x_wconf 93' lang='lat' dir='ltr'>ob</span> <span class='ocrx_word' id='word_1_74' title='bbox 620 1178 749 1221; x_wconf 86' lang='lat' dir='ltr'>causam</span> <span class='ocrx_word' id='word_1_75' title='bbox 780 1155 927 1221; x_wconf 86' lang='lat' dir='ltr'>defensor</span> <span class='ocrx_word' id='word_1_76' title='bbox 953 1156 1123 1222; x_wconf 76' lang='lat' dir='ltr'>recusabat</span> 
     </span>
     <span class='ocr_line' id='line_1_11' title="bbox 111 1243 1123 1331; baseline 0 -22"><span class='ocrx_word' id='word_1_77' title='bbox 111 1245 264 1311; x_wconf 86' lang='lat' dir='ltr'>iudicium</span> <span class='ocrx_word' id='word_1_78' title='bbox 284 1243 318 1308; x_wconf 89' lang='lat' dir='ltr'>in</span> <span class='ocrx_word' id='word_1_79' title='bbox 338 1267 371 1312; x_wconf 87' lang='lat' dir='ltr'>se</span> <span class='ocrx_word' id='word_1_80' title='bbox 390 1244 480 1308; x_wconf 87' lang='lat' dir='ltr'><strong>reddi</strong></span> <span class='ocrx_word' id='word_1_81' title='bbox 499 1247 657 1329; x_wconf 87' lang='lat' dir='ltr'>oportere.</span> <span class='ocrx_word' id='word_1_82' title='bbox 694 1266 823 1331; x_wconf 89' lang='lat' dir='ltr'>quaero,</span> <span class='ocrx_word' id='word_1_83' title='bbox 842 1267 883 1309; x_wconf 87' lang='lat' dir='ltr'>an</span> <span class='ocrx_word' id='word_1_84' title='bbox 899 1245 976 1311; x_wconf 89' lang='lat' dir='ltr'>idei</span> <span class='ocrx_word' id='word_1_85' title='bbox 991 1244 1123 1310; x_wconf 87' lang='lat' dir='ltr'>concedi</span> 
     </span>
     <span class='ocr_line' id='line_1_12' title="bbox 109 1331 1122 1418; baseline 0 -20"><span class='ocrx_word' id='word_1_86' title='bbox 109 1337 269 1417; x_wconf 85' lang='lat' dir='ltr'>oporteat</span> <span class='ocrx_word' id='word_1_87' title='bbox 319 1331 512 1414; x_wconf 70' lang='lat' dir='ltr'>[Iulianus‘t]</span> <span class='ocrx_word' id='word_1_88' title='bbox 542 1333 721 1418; x_wconf 87' lang='lat' dir='ltr'>respondit·</span> <span class='ocrx_word' id='word_1_89' title='bbox 694 1332 898 1399; x_wconf 86' lang='lat' dir='ltr'>tdefensor</span> <span class='ocrx_word' id='word_1_90' title='bbox 926 1356 999 1400; x_wconf 90' lang='lat' dir='ltr'>cum</span> <span class='ocrx_word' id='word_1_91' title='bbox 1027 1334 1122 1398; x_wconf 86' lang='lat' dir='ltr'>satis-</span> 
     </span>
     <span class='ocr_line' id='line_1_13' title="bbox 108 1422 1121 1507; baseline 0 -21"><span class='ocrx_word' id='word_1_92' title='bbox 108 1423 207 1507; x_wconf 88' lang='lat' dir='ltr'>dedit,</span> <span class='ocrx_word' id='word_1_93' title='bbox 231 1422 352 1486; x_wconf 88' lang='lat' dir='ltr'>domini</span> <span class='ocrx_word' id='word_1_94' title='bbox 376 1422 447 1487; x_wconf 89' lang='lat' dir='ltr'>loco</span> <span class='ocrx_word' id='word_1_95' title='bbox 466 1422 702 1487; x_wconf 88' lang='lat' dir='ltr'>habendust</span> <span class='ocrx_word' id='word_1_96' title='bbox 653 1426 710 1488; x_wconf 86' lang='lat' dir='ltr'>est.</span> <span class='ocrx_word' id='word_1_97' title='bbox 747 1444 806 1487; x_wconf 90' lang='lat' dir='ltr'>nee</span> <span class='ocrx_word' id='word_1_98' title='bbox 826 1422 1010 1487; x_wconf 91' lang='lat' dir='ltr'>multum</span> <span class='ocrx_word' id='word_1_99' title='bbox 983 1443 1013 1486; x_wconf 86' lang='lat' dir='ltr'>er</span> <span class='ocrx_word' id='word_1_100' title='bbox 1031 1443 1121 1505; x_wconf 90' lang='lat' dir='ltr'>prae-</span> 
     </span>
     <span class='ocr_line' id='line_1_14' title="bbox 112 1511 1120 1596; baseline 0 -20"><span class='ocrx_word' id='word_1_101' title='bbox 112 1514 255 1576; x_wconf 86' lang='lat' dir='ltr'>staturus</span> <span class='ocrx_word' id='word_1_102' title='bbox 279 1514 329 1575; x_wconf 86' lang='lat' dir='ltr'>est</span> <span class='ocrx_word' id='word_1_103' title='bbox 351 1515 492 1595; x_wconf 88' lang='lat' dir='ltr'>praetor,</span> <span class='ocrx_word' id='word_1_104' title='bbox 515 1512 543 1575; x_wconf 92' lang='lat' dir='ltr'>si</span> <span class='ocrx_word' id='word_1_105' title='bbox 562 1532 635 1576; x_wconf 90' lang='lat' dir='ltr'>eum</span> <span class='ocrx_word' id='word_1_106' title='bbox 654 1533 721 1576; x_wconf 92' lang='lat' dir='ltr'>non</span> <span class='ocrx_word' id='word_1_107' title='bbox 740 1513 880 1596; x_wconf 79' lang='lat' dir='ltr'>coegerit</span> <span class='ocrx_word' id='word_1_108' title='bbox 866 1511 1051 1576; x_wconf 89' lang='lat' dir='ltr'>tiudicium</span> <span class='ocrx_word' id='word_1_109' title='bbox 1071 1533 1120 1576; x_wconf 86' lang='lat' dir='ltr'>ac-</span> 
     </span>
     <span class='ocr_line' id='line_1_15' title="bbox 109 1587 1121 1685; baseline -0.001 -21"><span class='ocrx_word' id='word_1_110' title='bbox 109 1600 227 1685; x_wconf 82' lang='lat' dir='ltr'>cipere,</span> <span class='ocrx_word' id='word_1_111' title='bbox 246 1621 319 1664; x_wconf 90' lang='lat' dir='ltr'>cum</span> <span class='ocrx_word' id='word_1_112' title='bbox 338 1600 378 1663; x_wconf 86' lang='lat' dir='ltr'>ad</span> <span class='ocrx_word' id='word_1_113' title='bbox 396 1597 582 1682; x_wconf 79' lang='lat' dir='ltr'>sponsorer¹</span> <span class='ocrx_word' id='word_1_114' title='bbox 600 1600 668 1664; x_wconf 90' lang='lat' dir='ltr'>eius</span> <span class='ocrx_word' id='word_1_115' title='bbox 687 1600 727 1664; x_wconf 91' lang='lat' dir='ltr'>iri</span> <span class='ocrx_word' id='word_1_116' title='bbox 746 1601 885 1684; x_wconf 89' lang='lat' dir='ltr'>possite</span> <span class='ocrx_word' id='word_1_117' title='bbox 868 1600 951 1665; x_wconf 88' lang='lat' dir='ltr'>ethi</span> <span class='ocrx_word' id='word_1_118' title='bbox 967 1587 1121 1685; x_wconf 88' lang='lat' dir='ltr'>quidquid</span> 
     </span>
     <span class='ocr_line' id='line_1_16' title="bbox 111 1687 902 1772; baseline -0.001 -19"><span class='ocrx_word' id='word_1_119' title='bbox 111 1687 349 1772; x_wconf 81' lang='lat' dir='ltr'>praestiterint</span> <span class='ocrx_word' id='word_1_120' title='bbox 372 1710 391 1752; x_wconf 91' lang='lat' dir='ltr'>a</span> <span class='ocrx_word' id='word_1_121' title='bbox 414 1688 580 1753; x_wconf 89' lang='lat' dir='ltr'>defensore</span> <span class='ocrx_word' id='word_1_122' title='bbox 604 1689 806 1754; x_wconf 87' lang='lat' dir='ltr'>consecuturi</span> <span class='ocrx_word' id='word_1_123' title='bbox 830 1689 902 1753; x_wconf 88' lang='lat' dir='ltr'>siut.</span> 
     </span>
    </p>

    <p class='ocr_par' dir='ltr' id='par_1_5' title="bbox 199 1782 491 1858">
     <span class='ocr_line' id='line_1_17' title="bbox 199 1782 491 1858; baseline 0.004 -17"><span class='ocrx_word' id='word_1_124' title='bbox 199 1782 238 1843; x_wconf 86' lang='lat' dir='ltr'>cf.</span> <span class='ocrx_word' id='word_1_125' title='bbox 261 1800 352 1857; x_wconf 88' lang='lat' dir='ltr'>supra</span> <span class='ocrx_word' id='word_1_126' title='bbox 373 1803 402 1858; x_wconf 93' lang='lat' dir='ltr'>p</span> <span class='ocrx_word' id='word_1_127' title='bbox 418 1784 491 1842; x_wconf 80' lang='lat'><strong>274.</strong></span> 
     </span>
    </p>
   </div>
   <div class='ocr_carea' id='block_1_5' title="bbox 30 1881 1123 3030">
    <p class='ocr_par' dir='ltr' id='par_1_6' title="bbox 30 1881 1123 3030">
     <span class='ocr_line' id='line_1_18' title="bbox 30 1881 1121 1971; baseline 0 -23"><span class='ocrx_word' id='word_1_128' title='bbox 30 1931 33 1938; x_wconf 80' lang='lat'>-</span> <span class='ocrx_word' id='word_1_129' title='bbox 200 1882 266 1948; x_wconf 80' lang='lat'>30?</span> <span class='ocrx_word' id='word_1_130' title='bbox 290 1882 328 1947; x_wconf 94' lang='grc' dir='ltr'>Ι).</span> <span class='ocrx_word' id='word_1_131' title='bbox 342 1884 396 1969; x_wconf 86' lang='grc'>46,</span> <span class='ocrx_word' id='word_1_132' title='bbox 409 1884 439 1964; x_wconf 91' lang='grc'>8,</span> <span class='ocrx_word' id='word_1_133' title='bbox 453 1885 505 1949; x_wconf 88' lang='grc'>23.</span> <span class='ocrx_word' id='word_1_134' title='bbox 537 1882 626 1948; x_wconf 90' lang='lat' dir='ltr'>Idem</span> <span class='ocrx_word' id='word_1_135' title='bbox 646 1881 702 1971; x_wconf 89' lang='lat' dir='ltr'>(sc</span> <span class='ocrx_word' id='word_1_136' title='bbox 721 1881 881 1971; x_wconf 89' lang='lat' dir='ltr'>Iulianus)</span> <span class='ocrx_word' id='word_1_137' title='bbox 899 1885 984 1949; x_wconf 91' lang='lat' dir='ltr'>libro</span> <span class='ocrx_word' id='word_1_138' title='bbox 1008 1884 1121 1969; x_wconf 91' lang='lat' dir='ltr'>quinto</span> 
     </span>
     <span class='ocr_line' id='line_1_19' title="bbox 109 1933 1121 2059; baseline 0 -23"><span class='ocrx_word' id='word_1_139' title='bbox 109 1994 149 2037; x_wconf 85' lang='lat' dir='ltr'>ex</span> <span class='ocrx_word' id='word_1_140' title='bbox 177 1971 311 2037; x_wconf 89' lang='lat' dir='ltr'>Minicio</span> <span class='ocrx_word' id='word_1_141' title='bbox 339 1935 396 2058; x_wconf 87' lang='lat' dir='ltr'>(P.</span> <span class='ocrx_word' id='word_1_142' title='bbox 409 1933 568 2059; x_wconf 79' lang='lat'><strong>8&#39;73).—</strong></span> <span class='ocrx_word' id='word_1_143' title='bbox 596 1972 791 2038; x_wconf 83' lang='lat' dir='ltr'>Procurator</span> <span class='ocrx_word' id='word_1_144' title='bbox 819 1995 891 2039; x_wconf 91' lang='lat' dir='ltr'>cum</span> <span class='ocrx_word' id='word_1_145' title='bbox 918 1977 1042 2057; x_wconf 88' lang='lat' dir='ltr'>peteret</span> <span class='ocrx_word' id='word_1_146' title='bbox 1068 1995 1121 2058; x_wconf 92' lang='lat' dir='ltr'>pe-</span> 
     </span>
     <span class='ocr_line' id='line_1_20' title="bbox 108 2060 1122 2146; baseline 0 -20"><span class='ocrx_word' id='word_1_147' title='bbox 108 2062 254 2145; x_wconf 89' lang='lat' dir='ltr'>cuniam,</span> <span class='ocrx_word' id='word_1_148' title='bbox 287 2060 458 2126; x_wconf 89' lang='lat' dir='ltr'>satisdedit</span> <span class='ocrx_word' id='word_1_149' title='bbox 443 2061 628 2144; x_wconf 86' lang='lat' dir='ltr'>templius</span> <span class='ocrx_word' id='word_1_150' title='bbox 660 2083 723 2126; x_wconf 89' lang='lat' dir='ltr'>non</span> <span class='ocrx_word' id='word_1_151' title='bbox 752 2065 808 2146; x_wconf 91' lang='lat' dir='ltr'>pet</span> <span class='ocrx_word' id='word_1_152' title='bbox 808 2062 833 2146; x_wconf 82' lang='lat' dir='ltr'>i3</span> <span class='ocrx_word' id='word_1_153' title='bbox 865 2067 942 2146; x_wconf 91' lang='lat' dir='ltr'>post</span> <span class='ocrx_word' id='word_1_154' title='bbox 968 2061 1122 2127; x_wconf 88' lang='lat' dir='ltr'>iudicium</span> 
     </span>
     <span class='ocr_line' id='line_1_21' title="bbox 111 2149 1122 2234; baseline 0.001 -20"><span class='ocrx_word' id='word_1_155' title='bbox 111 2153 279 2234; x_wconf 84' lang='lat' dir='ltr'>acceptum</span> <span class='ocrx_word' id='word_1_156' title='bbox 293 2150 408 2228; x_wconf 84' lang='lat' dir='ltr'>extitit,</span> <span class='ocrx_word' id='word_1_157' title='bbox 422 2149 478 2234; x_wconf 91' lang='lat' dir='ltr'>qui</span> <span class='ocrx_word' id='word_1_158' title='bbox 492 2154 525 2214; x_wconf 92' lang='lat' dir='ltr'>et</span> <span class='ocrx_word' id='word_1_159' title='bbox 536 2151 605 2234; x_wconf 89' lang='lat' dir='ltr'>ipse</span> <span class='ocrx_word' id='word_1_160' title='bbox 615 2150 838 2234; x_wconf 83' lang='lat' dir='ltr'>procuratorio</span> <span class='ocrx_word' id='word_1_161' title='bbox 848 2151 977 2215; x_wconf 91' lang='lat' dir='ltr'>nomine</span> <span class='ocrx_word' id='word_1_162' title='bbox 989 2150 1122 2215; x_wconf 87' lang='lat' dir='ltr'>eandem</span> 
     </span>
     <span class='ocr_line' id='line_1_22' title="bbox 110 2239 1122 2324; baseline 0 -20"><span class='ocrx_word' id='word_1_163' title='bbox 110 2239 282 2322; x_wconf 87' lang='lat' dir='ltr'>pecuniam</span> <span class='ocrx_word' id='word_1_164' title='bbox 304 2243 430 2322; x_wconf 86' lang='lat' dir='ltr'>peteret</span> <span class='ocrx_word' id='word_1_165' title='bbox 452 2287 459 2303; x_wconf 93' lang='lat'>.</span> <span class='ocrx_word' id='word_1_166' title='bbox 483 2239 664 2323; x_wconf 88' lang='lat' dir='ltr'>quaesitum</span> <span class='ocrx_word' id='word_1_167' title='bbox 688 2244 750 2320; x_wconf 88' lang='lat' dir='ltr'>est,</span> <span class='ocrx_word' id='word_1_168' title='bbox 774 2261 846 2304; x_wconf 91' lang='lat' dir='ltr'>cum</span> <span class='ocrx_word' id='word_1_169' title='bbox 869 2239 906 2320; x_wconf 89' lang='lat' dir='ltr'>is,</span> <span class='ocrx_word' id='word_1_170' title='bbox 929 2239 984 2324; x_wconf 91' lang='lat' dir='ltr'>qui</span> <span class='ocrx_word' id='word_1_171' title='bbox 1007 2243 1122 2323; x_wconf 88' lang='lat' dir='ltr'>postea</span> 
     </span>
     <span class='ocr_line' id='line_1_23' title="bbox 110 2327 1121 2412; baseline 0.003 -22"><span class='ocrx_word' id='word_1_172' title='bbox 110 2330 246 2412; x_wconf 86' lang='lat' dir='ltr'>peteret,</span> <span class='ocrx_word' id='word_1_173' title='bbox 255 2331 445 2410; x_wconf 87' lang='lat' dir='ltr'>procurator</span> <span class='ocrx_word' id='word_1_174' title='bbox 453 2349 519 2391; x_wconf 89' lang='lat' dir='ltr'>nou</span> <span class='ocrx_word' id='word_1_175' title='bbox 530 2331 615 2392; x_wconf 87' lang='lat' dir='ltr'>esset</span> <span class='ocrx_word' id='word_1_176' title='bbox 624 2332 657 2392; x_wconf 91' lang='lat' dir='ltr'>et</span> <span class='ocrx_word' id='word_1_177' title='bbox 666 2332 798 2412; x_wconf 89' lang='lat' dir='ltr'>propter</span> <span class='ocrx_word' id='word_1_178' title='bbox 807 2327 868 2392; x_wconf 92' lang='lat' dir='ltr'>hoc</span> <span class='ocrx_word' id='word_1_179' title='bbox 879 2328 1121 2411; x_wconf 86' lang='lat' dir='ltr'>exceptionibus</span> 
     </span>
     <span class='ocr_line' id='line_1_24' title="bbox 110 2414 1122 2499; baseline 0.003 -20"><span class='ocrx_word' id='word_1_180' title='bbox 110 2414 342 2498; x_wconf 82' lang='lat' dir='ltr'>procuratoriis</span> <span class='ocrx_word' id='word_1_181' title='bbox 357 2415 482 2480; x_wconf 84' lang='lat' dir='ltr'>excludi</span> <span class='ocrx_word' id='word_1_182' title='bbox 496 2419 614 2499; x_wconf 86' lang='lat' dir='ltr'>posset,</span> <span class='ocrx_word' id='word_1_183' title='bbox 628 2437 707 2480; x_wconf 90' lang='lat' dir='ltr'>num</span> <span class='ocrx_word' id='word_1_184' title='bbox 720 2414 903 2498; x_wconf 77' lang='lat' dir='ltr'>sponsores²</span> <span class='ocrx_word' id='word_1_185' title='bbox 917 2416 1034 2499; x_wconf 87' lang='lat' dir='ltr'>prioris</span> <span class='ocrx_word' id='word_1_186' title='bbox 1049 2438 1122 2499; x_wconf 89' lang='lat' dir='ltr'>pro·</span> 
     </span>
     <span class='ocr_line' id='line_1_25' title="bbox 111 2502 1123 2588; baseline -0.002 -19"><span class='ocrx_word' id='word_1_187' title='bbox 111 2502 268 2569; x_wconf 88' lang='lat' dir='ltr'>curatoris</span> <span class='ocrx_word' id='word_1_188' title='bbox 291 2507 484 2568; x_wconf 86' lang='lat' dir='ltr'>tenerentur.</span> <span class='ocrx_word' id='word_1_189' title='bbox 525 2503 717 2586; x_wconf 70' lang='lat' dir='ltr'>[Iulianust]</span> <span class='ocrx_word' id='word_1_190' title='bbox 741 2503 920 2588; x_wconf 86' lang='lat' dir='ltr'>respondit:</span> <span class='ocrx_word' id='word_1_191' title='bbox 943 2503 1049 2568; x_wconf 88' lang='lat' dir='ltr'>verius</span> <span class='ocrx_word' id='word_1_192' title='bbox 1073 2508 1123 2568; x_wconf 86' lang='lat' dir='ltr'>est</span> 
     </span>
     <span class='ocr_line' id='line_1_26' title="bbox 110 2589 1122 2676; baseline 0 -20"><span class='ocrx_word' id='word_1_193' title='bbox 110 2614 175 2657; x_wconf 89' lang='lat' dir='ltr'>non</span> <span class='ocrx_word' id='word_1_194' title='bbox 205 2591 345 2676; x_wconf 85' lang='lat' dir='ltr'>obligari</span> <span class='ocrx_word' id='word_1_195' title='bbox 371 2589 568 2675; x_wconf 78' lang='lat' dir='ltr'>sponsores²;</span> <span class='ocrx_word' id='word_1_196' title='bbox 594 2614 672 2657; x_wconf 89' lang='lat' dir='ltr'>nam</span> <span class='ocrx_word' id='word_1_197' title='bbox 700 2595 735 2656; x_wconf 92' lang='lat' dir='ltr'>in</span> <span class='ocrx_word' id='word_1_198' title='bbox 759 2593 967 2676; x_wconf 88' lang='lat' dir='ltr'>stipulatione</span> <span class='ocrx_word' id='word_1_199' title='bbox 992 2596 1122 2656; x_wconf 81' lang='lat' dir='ltr'>cavetur</span> 
     </span>
     <span class='ocr_line' id='line_1_27' title="bbox 110 2679 1121 2765; baseline -0.001 -21"><span class='ocrx_word' id='word_1_200' title='bbox 110 2703 177 2745; x_wconf 90' lang='lat' dir='ltr'>non</span> <span class='ocrx_word' id='word_1_201' title='bbox 199 2681 376 2765; x_wconf 90' lang='lat' dir='ltr'>petiturum</span> <span class='ocrx_word' id='word_1_202' title='bbox 400 2703 486 2765; x_wconf 88' lang='lat' dir='ltr'>eum,</span> <span class='ocrx_word' id='word_1_203' title='bbox 510 2681 600 2745; x_wconf 87' lang='lat' dir='ltr'>cuius</span> <span class='ocrx_word' id='word_1_204' title='bbox 624 2681 662 2744; x_wconf 92' lang='lat' dir='ltr'>de</span> <span class='ocrx_word' id='word_1_205' title='bbox 685 2703 723 2745; x_wconf 91' lang='lat' dir='ltr'>ea</span> <span class='ocrx_word' id='word_1_206' title='bbox 745 2703 780 2745; x_wconf 88' lang='lat' dir='ltr'>re</span> <span class='ocrx_word' id='word_1_207' title='bbox 804 2681 888 2746; x_wconf 85' lang='lat' dir='ltr'>actio</span> <span class='ocrx_word' id='word_1_208' title='bbox 912 2679 1027 2764; x_wconf 89' lang='lat' dir='ltr'>petitio</span> <span class='ocrx_word' id='word_1_209' title='bbox 1050 2701 1121 2762; x_wconf 89' lang='lat' dir='ltr'>per-</span> 
     </span>
     <span class='ocr_line' id='line_1_28' title="bbox 110 2769 1121 2853; baseline -0.003 -19"><span class='ocrx_word' id='word_1_210' title='bbox 110 2769 234 2834; x_wconf 84' lang='lat' dir='ltr'>secutio</span> <span class='ocrx_word' id='word_1_211' title='bbox 258 2769 310 2851; x_wconf 86' lang='lat' dir='ltr'>sit,</span> <span class='ocrx_word' id='word_1_212' title='bbox 333 2773 366 2832; x_wconf 89' lang='lat' dir='ltr'>et</span> <span class='ocrx_word' id='word_1_213' title='bbox 388 2772 495 2833; x_wconf 87' lang='lat' dir='ltr'>ratum</span> <span class='ocrx_word' id='word_1_214' title='bbox 518 2769 686 2834; x_wconf 86' lang='lat' dir='ltr'>habituros</span> <span class='ocrx_word' id='word_1_215' title='bbox 710 2790 830 2850; x_wconf 87' lang='lat' dir='ltr'>omnes,</span> <span class='ocrx_word' id='word_1_216' title='bbox 853 2769 893 2833; x_wconf 87' lang='lat' dir='ltr'>ad</span> <span class='ocrx_word' id='word_1_217' title='bbox 915 2789 995 2853; x_wconf 90' lang='lat' dir='ltr'>quos</span> <span class='ocrx_word' id='word_1_218' title='bbox 1015 2789 1121 2833; x_wconf 84' lang='lat' dir='ltr'>cares</span> 
     </span>
     <span class='ocr_line' id='line_1_29' title="bbox 110 2857 1122 2942; baseline 0 -20"><span class='ocrx_word' id='word_1_219' title='bbox 110 2857 297 2941; x_wconf 88' lang='lat' dir='ltr'>pertinebit.</span> <span class='ocrx_word' id='word_1_220' title='bbox 343 2857 396 2922; x_wconf 86' lang='lat' dir='ltr'>hic</span> <span class='ocrx_word' id='word_1_221' title='bbox 425 2861 545 2940; x_wconf 84' lang='lat' dir='ltr'>autem,</span> <span class='ocrx_word' id='word_1_222' title='bbox 578 2858 633 2940; x_wconf 88' lang='lat' dir='ltr'>qui</span> <span class='ocrx_word' id='word_1_223' title='bbox 660 2860 848 2942; x_wconf 88' lang='lat' dir='ltr'>procurator</span> <span class='ocrx_word' id='word_1_224' title='bbox 876 2879 942 2922; x_wconf 90' lang='lat' dir='ltr'>non</span> <span class='ocrx_word' id='word_1_225' title='bbox 969 2861 1033 2941; x_wconf 82' lang='lat' dir='ltr'>est,</span> <span class='ocrx_word' id='word_1_226' title='bbox 1063 2878 1122 2922; x_wconf 92' lang='lat' dir='ltr'>nec</span> 
     </span>
     <span class='ocr_line' id='line_1_30' title="bbox 111 2943 1048 3030; baseline 0 -20"><span class='ocrx_word' id='word_1_227' title='bbox 111 2947 273 3012; x_wconf 88' lang='lat' dir='ltr'>actionem</span> <span class='ocrx_word' id='word_1_228' title='bbox 295 2967 354 3010; x_wconf 89' lang='lat' dir='ltr'>nec</span> <span class='ocrx_word' id='word_1_229' title='bbox 376 2946 566 3030; x_wconf 87' lang='lat' dir='ltr'>petitionem</span> <span class='ocrx_word' id='word_1_230' title='bbox 589 2945 708 3008; x_wconf 86' lang='lat' dir='ltr'>habere</span> <span class='ocrx_word' id='word_1_231' title='bbox 732 2943 966 3030; x_wconf 83' lang='lat' dir='ltr'>intellegendus</span> <span class='ocrx_word' id='word_1_232' title='bbox 991 2949 1048 3010; x_wconf 90' lang='lat' dir='ltr'>est.</span> 
     </span>
    </p>
   </div>
   <div class='ocr_carea' id='block_1_6' title="bbox 447 3120 786 3186">
    <p class='ocr_par' dir='ltr' id='par_1_7' title="bbox 447 3120 786 3186">
     <span class='ocr_line' id='line_1_31' title="bbox 447 3120 786 3186; baseline 0 0"><span class='ocrx_word' id='word_1_233' title='bbox 447 3120 497 3186; x_wconf 87' lang='lat' dir='ltr'>De</span> <span class='ocrx_word' id='word_1_234' title='bbox 518 3123 554 3186; x_wconf 78' lang='lat' dir='ltr'>ic</span> <span class='ocrx_word' id='word_1_235' title='bbox 575 3141 640 3186; x_wconf 80' lang='lat' dir='ltr'>rem</span> <span class='ocrx_word' id='word_1_236' title='bbox 661 3122 786 3186; x_wconf 79' lang='lat' dir='ltr'>actione.</span> 
     </span>
    </p>
   </div>
   <div class='ocr_carea' id='block_1_7' title="bbox 113 3226 1121 3404">
    <p class='ocr_par' dir='ltr' id='par_1_8' title="bbox 113 3226 1121 3404">
     <span class='ocr_line' id='line_1_32' title="bbox 200 3226 1121 3312; baseline -0.001 -18"><span class='ocrx_word' id='word_1_237' title='bbox 200 3229 266 3294; x_wconf 79' lang='lat'>31?</span> <span class='ocrx_word' id='word_1_238' title='bbox 286 3226 387 3310; x_wconf 88' lang='lat' dir='ltr'><strong><em>D.40,</em></strong></span> <span class='ocrx_word' id='word_1_239' title='bbox 399 3226 450 3312; x_wconf 82' lang='lat'>12,</span> <span class='ocrx_word' id='word_1_240' title='bbox 460 3229 511 3293; x_wconf 91' lang='grc'>30.</span> <span class='ocrx_word' id='word_1_241' title='bbox 547 3226 693 3294; x_wconf 89' lang='lat' dir='ltr'>Iulianus</span> <span class='ocrx_word' id='word_1_242' title='bbox 710 3227 793 3292; x_wconf 90' lang='lat' dir='ltr'>libro</span> <span class='ocrx_word' id='word_1_243' title='bbox 808 3227 921 3312; x_wconf 89' lang='lat' dir='ltr'>quinto</span> <span class='ocrx_word' id='word_1_244' title='bbox 937 3248 975 3291; x_wconf 86' lang='lat' dir='ltr'>ex</span> <span class='ocrx_word' id='word_1_245' title='bbox 989 3226 1121 3293; x_wconf 89' lang='lat' dir='ltr'>Minicio</span> 
     </span>
     <span class='ocr_line' id='line_1_33' title="bbox 113 3313 1121 3404; baseline 0 -23"><span class='ocrx_word' id='word_1_246' title='bbox 113 3316 160 3402; x_wconf 86' lang='lat' dir='ltr'>(P.</span> <span class='ocrx_word' id='word_1_247' title='bbox 172 3313 262 3404; x_wconf 80' lang='lat'>875).</span> <span class='ocrx_word' id='word_1_248' title='bbox 282 3353 321 3362; x_wconf 91' lang='lat'>—</span> <span class='ocrx_word' id='word_1_249' title='bbox 343 3315 477 3381; x_wconf 87' lang='lat' dir='ltr'>Duobus</span> <span class='ocrx_word' id='word_1_250' title='bbox 495 3316 680 3399; x_wconf 87' lang='lat' dir='ltr'>petentibus</span> <span class='ocrx_word' id='word_1_251' title='bbox 698 3316 861 3381; x_wconf 89' lang='lat' dir='ltr'>hominem</span> <span class='ocrx_word' id='word_1_252' title='bbox 880 3317 914 3381; x_wconf 94' lang='lat' dir='ltr'>in</span> <span class='ocrx_word' id='word_1_253' title='bbox 933 3317 1121 3381; x_wconf 86' lang='lat' dir='ltr'>servitutem</span> 
     </span>
    </p>
   </div>
   <div class='ocr_carea' id='block_1_8' title="bbox 183 3469 498 3601">
    <p class='ocr_par' dir='ltr' id='par_1_9' title="bbox 183 3469 498 3601">
     <span class='ocr_line' id='line_1_34' title="bbox 184 3469 498 3529; baseline -0.003 -2"><span class='ocrx_word' id='word_1_254' title='bbox 184 3479 198 3527; x_wconf 93' lang='lat'>1</span> <span class='ocrx_word' id='word_1_255' title='bbox 220 3471 295 3529; x_wconf 65' lang='lat' dir='ltr'>retr.</span> <span class='ocrx_word' id='word_1_256' title='bbox 315 3469 498 3526; x_wconf 84' lang='lat' dir='ltr'>fideiussores.</span> 
     </span>
     <span class='ocr_line' id='line_1_35' title="bbox 183 3541 497 3601; baseline -0.006 -2"><span class='ocrx_word' id='word_1_257' title='bbox 183 3551 199 3599; x_wconf 79' lang='lat'><strong>2</strong></span> <span class='ocrx_word' id='word_1_258' title='bbox 220 3545 295 3601; x_wconf 77' lang='lat' dir='ltr'>Trio.</span> <span class='ocrx_word' id='word_1_259' title='bbox 314 3541 497 3598; x_wconf 81' lang='lat' dir='ltr'>fideiussores.</span> 
     </span>
    </p>
   </div>
   <div class='ocr_carea' id='block_1_9' title="bbox 0 0 1300 3893">
    <p class='ocr_par' dir='ltr' id='par_1_10' title="bbox 0 0 1300 3893">
     <span class='ocr_line' id='line_1_36' title="bbox 0 0 1300 3893; baseline 0 0"><span class='ocrx_word' id='word_1_260' title='bbox 0 0 1300 3893; x_wconf 95' lang='lat' dir='ltr'> </span> 
     </span>
    </p>
   </div>
  </div>
 </body>
</html>
