2602 3906
314 228 335 282 I.
355 227 532 284 VETERUM
550 227 782 284 SENTENTIAE
800 229 848 284 ΕΤ
866 227 972 284 LIBRI.
1082 229 1146 293 507

535 391 586 457 De
608 393 752 457 ovatione.

227 506 256 572 3.
280 504 360 571 Gell.
383 506 413 591 5,
433 508 464 592 6,
482 509 534 572 27.
560 544 596 553 -
624 507 880 572 ...dissensisse
903 512 1025 572 veteres
1050 509 1147 594 scrip·

136 599 224 660 tores
256 596 386 678 accipio.
436 596 556 680 partim
584 597 670 660 enim
699 597 910 681 scripserunt,
943 598 998 681 qui
1027 603 1148 682 ovaret,

136 683 271 748 introire
295 684 428 749 solitum
452 707 533 769 equo
556 685 735 749 vehentem.

225 796 262 855 ef.
284 795 315 853 11
338 798 353 853 1
379 817 407 872 p.
428 799 500 856 err.

418 957 465 1015 De
488 957 597 1016 delictis
619 958 866 1016 extraordinariis.

224 1063 255 1130 4.
286 1063 404 1130 Collat.
438 1065 492 1150 15,
522 1067 556 1150 2,
589 1068 606 1131 1
639 1065 711 1151 Ulp.
741 1067 763 1131 l.
793 1066 858 1132 Vll
888 1067 926 1131 de
956 1066 1038 1132 offic.
1071 1090 1146 1151 pro-

135 1175 223 1219 cons.
251 1189 293 1200 —
327 1153 592 1220 ..interdictum
625 1159 674 1219 est
701 1155 1002 1221 mathematicorum
1031 1157 1147 1221 callida

135 1245 303 1328 inpostura
322 1247 355 1308 et
374 1243 538 1309 obstinata
557 1244 774 1328 persuasione.
805 1266 864 1309 nec
887 1244 982 1310 hodie
1005 1245 1146 1328 primum

135 1331 284 1396 interdici
299 1331 345 1396 eis
359 1331 490 1416 placuit,
510 1331 564 1396 sed
579 1338 670 1397 vetus
685 1333 763 1398 haec
777 1333 955 1416 prohibitio
970 1337 1028 1398 est.
1060 1334 1146 1398 deni-

135 1441 197 1505 que
220 1425 311 1485 extat
329 1424 461 1486 senatus
481 1419 663 1486 consultum
682 1420 862 1505 Pomponio
887 1426 920 1487 et
937 1421 1023 1487 Rufo
1044 1443 1147 1487 conss.

133 1507 179 1595 (a.
197 1506 253 1595 17)
277 1509 398 1574 factum
424 1561 451 1575 ..
472 1560 479 1574 .
502 1511 556 1574 sed
580 1510 643 1574 fuit
666 1513 857 1595 quaesitum,
880 1517 989 1576 utrum
1012 1511 1147 1576 scientia

27 1651 32 1664 .
135 1598 232 1662 huius
252 1599 339 1662 modi
357 1599 523 1663 hominum
542 1599 696 1683 puniatur
711 1621 751 1663 an
767 1599 917 1664 exercitio
933 1604 966 1663 et
979 1599 1147 1683 professio.

137 1686 315 1770 etquidem
339 1687 423 1771 apud
442 1692 567 1752 veteres
587 1687 754 1753 dicebatur
771 1688 1006 1772 professionem
1025 1711 1146 1773 eorum,

135 1796 200 1840 non
222 1777 374 1840 notitiam
398 1797 467 1840 esse
490 1775 698 1860 prohibitam.

224 1886 397 1964 Sequuntur
420 1888 507 1947 haec:
531 1882 648 1965 ‘postea
666 1883 838 1950 variatum’.

427 2079 457 2143 2.
485 2078 541 2142 Ad
564 2079 623 2143 ius
647 2079 850 2162 privatum.

461 2199 495 2290 a)
519 2201 572 2268 De
596 2203 677 2268 iure
701 2203 819 2270 civili.

509 2324 556 2382 De
578 2326 759 2384 testamentis.

222 2432 253 2498 5.
294 2431 333 2496 D.
364 2433 418 2516 28,
453 2435 480 2515 1,
512 2432 565 2511 20,
598 2434 616 2498 8
651 2433 810 2518 Ulpianus
842 2435 926 2498 libro
959 2435 1063 2518 primo
1102 2435 1142 2500 ad

135 2522 301 2588 Sabinum.
336 2555 374 2569 -
409 2526 589 2586 ..veteres
617 2525 813 2606 putaverunt
840 2543 895 2587 eos
929 2524 983 2606 qni
1011 2527 1144 2607 propter

135 2610 304 2676 sollemnia
327 2612 515 2674 testamenti
536 2610 737 2695 adhibentur,
762 2611 875 2675 durare
895 2611 1017 2695 debere,
1041 2611 1143 2678 donec

134 2721 284 2784 suprema
306 2701 497 2764 contestatio
521 2702 704 2783 peragatur.

223 2789 252 2853 6.
277 2787 315 2851 D.
329 2788 382 2871 28,
396 2787 427 2874 5,
441 2788 484 2852 32
493 2809 538 2871 pr.
563 2787 652 2852 Idem
672 2787 728 2872 (sc.
744 2783 858 2875 Gaius)
876 2787 960 2853 libro
979 2788 1084 2872 primo
1105 2790 1144 2854 de

134 2877 337 2941 testamentis
362 2876 402 2940 ad
425 2877 563 2942 edictum
582 2876 740 2960 praetoris
768 2876 892 2943 urbani.
923 2914 959 2922 —
1063 2878 1142 2943 satis

133 2968 320 3030 constanter
354 2968 480 3030 veteres
520 2966 729 3030 decreverunt
763 2969 1033 3031 testamentorum
1071 2967 1143 3032 iura

132 3055 205 3138 ipsa
223 3076 282 3139 per
301 3075 335 3118 se
352 3054 446 3119 firma
466 3076 536 3119 esse
555 3059 712 3139 oportere,
735 3077 800 3120 non
823 3076 862 3119 ex
880 3055 985 3121 alieno
1006 3056 1142 3122 arbitrio

155 3143 279 3208 endere.

132 3165 153 3227 p
223 3233 251 3297 7.
275 3230 308 3297 (l.
324 3233 417 3317 6,26,
429 3234 470 3298 10
483 3255 531 3317 pr.
549 3230 646 3320 (Imp.
659 3232 858 3298 Iustinianus
873 3255 899 3298 a.
911 3232 991 3320 531)
1002 3271 1044 3280 —
1060 3231 1142 3301 (lum

133 3320 264 3404 quidam
288 3320 412 3386 duobus
431 3321 650 3406 impuberibus
669 3322 746 3386 filiis
766 3322 832 3387 suis
857 3322 1029 3387 heredibus
1048 3323 1142 3388 insti·

132 3409 212 3474 tutis
251 3409 378 3494 adiecit,
414 3411 442 3474 si
478 3415 612 3495 uterque
649 3410 796 3495 impubes
827 3411 1012 3491 decesserit,
1048 3411 1142 3475 illum

133 3498 195 3562 sibi
219 3519 289 3562 esse
312 3498 471 3582 heredem,
574 3498 784 3563 dubitabatur
807 3499 892 3582 apud
924 3499 1074 3580 antiquos
1097 3500 1140 3562 le

133 3607 210 3671 gum
241 3590 402 3670 auctores,
429 3590 579 3652 utrumne
606 3592 683 3651 tunc
711 3586 815 3650 voluit
842 3586 1054 3650 substitutum
1087 3583 1142 3647 ad·
