2590 3902
151 207 216 272 300
252 208 284 264 V.
304 207 454 264 NERVAE
473 208 519 263 ΕΤ
536 207 686 263 TRAIANI
703 207 812 265 ΤΕΜΡ.
830 207 927 264 IURIS
946 207 1128 265 CONSULTI

153 372 247 437 cunia
275 376 308 436 et
334 375 372 435 ut
399 372 496 436 aliam
525 371 665 437 insulam
688 394 794 438 meam
817 373 978 451 reficeres,
1005 394 1101 459 agam
1125 395 1165 440 ex

151 458 296 542 vendito,
324 465 361 525 ut
384 461 524 548 reficias,
551 461 580 526 si
603 465 711 526 autem
734 461 796 528 hoc
819 461 934 546 solum,
955 467 993 528 ut
1014 464 1164 529 reficeres

151 570 227 614 eum.
251 549 468 634 convenisset,
497 571 565 616 non
591 550 790 634 intellegitur
817 553 939 635 emptio
963 555 997 617 et
1019 551 1164 618 venditio

150 638 250 722 facta,
273 641 310 703 ut
333 641 366 702 et
388 637 542 704 Neratius
566 639 705 725 scripsit.

224 787 225 790 =
240 745 285 810 91‘.
307 744 347 811 D.
360 746 410 829 19,
420 745 450 829 5,
466 746 494 811 6.
522 743 677 811 Neratius
691 746 776 811 libro
790 745 897 832 primo
911 746 1165 832 Responsorum.

151 869 196 881 -
221 833 365 899 Insulam
397 835 460 900 hoc
491 834 603 919 modo,
634 839 671 900 ut
703 835 800 900 aliam
833 835 975 902 insulam
1006 836 1166 915 reficeres,

150 921 289 990 vendidi.
325 923 492 1007 respondit
514 925 637 988 nullam
660 945 730 988 csse
748 923 977 1010 venditionem,
1000 923 1056 990 sad
1075 925 1166 990 civili

151 1012 333 1078 intentione
356 1013 470 1078 incerti
494 1012 664 1098 agendum.

240 1107 276 1166 Iu
304 1107 433 1167 secundo
459 1107 567 1166 horum
590 1107 828 1184 fragmentorum
851 1107 968 1167 Neratii
991 1108 1083 1167 verba
1104 1127 1166 1168 non

151 1195 238 1344 ilppdo
267 1196 298 1254 in
325 1196 415 1257 breve
443 1200 561 1271 coacta,
589 1195 641 1255 sed
669 1196 760 1255 etiam
785 1197 903 1256 mutata
926 1200 1003 1256 aunt.
1040 1196 1166 1256 Pernioe

203 1331 211 1364 ,
233 1288 249 1343 1
274 1305 303 1361 p.
320 1287 370 1344 17.

508 1403 558 1468 De
578 1405 648 1469 iare
670 1404 810 1470 dotium?

243 1529 294 1594 10.
326 1526 364 1595 D.
385 1529 438 1613 26,
453 1530 482 1612 7,
496 1528 548 1595 52.
595 1527 748 1594 Neratius
776 1529 861 1594 libro
890 1529 997 1613 primo
1020 1528 1166 1614 Respon-

152 1639 273 1684 sorum.
308 1651 346 1664 -
382 1616 519 1684 (iurator
549 1639 608 1703 pro
641 1619 765 1683 minore
794 1639 861 1683 non
894 1620 1023 1682 tantum
1055 1617 1165 1685 dotem

153 1706 230 1770 dare
256 1705 362 1786 debet,
391 1705 447 1771 sed
470 1707 568 1771 etiam
591 1707 769 1791 impendia,
793 1728 875 1791 quae
899 1706 939 1771 ad
962 1708 1093 1792 nuptias
1118 1707 1166 1774 fa-

152 1794 266 1859 cienda
289 1801 373 1860 sunt.

243 1885 293 1948 11.
320 1882 360 1948 D.
379 1883 433 1966 39,
452 1884 482 1967 6,
499 1883 552 1948 43.
594 1882 748 1949 Neratius
776 1884 859 1950 libro
887 1885 992 1970 primo
1019 1884 1165 1971 Respon»

153 1993 270 2037 sorum.
301 2007 339 2017 —
369 1971 548 2037 Fulcinius:
580 1972 667 2037 inter
695 1973 800 2038 virum
827 1977 861 2038 et
887 1995 1020 2038 uxorem
1048 1975 1165 2039 mortis
1196 2051 1199 2056 Ι

153 2082 250 2125 causa
283 2059 492 2125 donationem
524 2061 570 2125 ita
601 2061 687 2144 fieri,
719 2061 747 2125 si
779 2061 916 2128 donator
948 2062 1164 2128 iustissimum

153 2149 268 2214 mortis
296 2153 418 2214 metum
445 2149 573 2214 habeat.
623 2149 788 2215 Neratius:
821 2151 971 2217 sufficere
999 2152 1166 2217 existima-

152 2238 273 2303 tionem
302 2235 454 2304 donantis
481 2237 567 2304 hanc
595 2259 678 2321 esse,
709 2243 746 2303 ut
772 2239 967 2304 moriturum
994 2262 1028 2305 se
1057 2244 1166 2325 putet3

153 2349 251 2413 quam
273 2328 357 2392 iuste
376 2348 435 2392 nec
453 2349 494 2391 ne
514 2329 699 2411 susceperit,
721 2349 788 2393 uon
807 2327 1035 2412 quaerendum.
1078 2329 1165 2415 quod

153 2417 258 2501 magis
282 2415 436 2482 tuendum
460 2420 518 2482 est.

572 2539 622 2606 De
642 2539 747 2622 fictis.

246 2668 294 2732 12.
319 2665 357 2730 D.
371 2666 425 2751 47,
440 2667 469 2750 2,
484 2666 527 2732 84
534 2689 582 2751 pr.
615 2663 769 2732 Neratius
791 2665 876 2731 libro
895 2667 1001 2751 primo
1021 2667 1166 2752 Respon-

154 2777 273 2821 sorum.
296 2792 339 2804 —
363 2753 398 2820 Si
422 2756 493 2840 quis
517 2777 556 2820 ex
579 2755 675 2821 bonis
699 2757 777 2837 eius,
801 2777 895 2841 quem
919 2757 1057 2841 putabat
1079 2779 1167 2823 mor·

153 2849 260 2926 tuum,
291 2845 347 2929 qui
373 2844 465 2909 vivus
493 2850 576 2928 erat,
602 2866 663 2927 pro
690 2845 808 2909 herede
833 2866 885 2909 res
909 2844 1168 2930 adprehenderit,

154 2955 227 2998 eum
250 2932 372 2996 furtum
395 2932 600 2998 nonfacere.

246 3039 296 3103 13.
318 3036 359 3102 D.
373 3038 482 3119 ibice
499 3039 528 3102 1.
554 3073 592 3085 -
617 3038 659 3103 ui
683 3060 755 3104 cum
775 3061 838 3124 quo
859 3060 917 3105 suo
936 3039 1068 3104 nomine
1085 3039 1166 3105 furti

155 3132 263 3193 actum
291 3129 354 3209 est,
382 3127 409 3190 si
438 3129 521 3192 servi
549 3127 679 3192 nomine
706 3127 745 3191 de
769 3127 891 3192 aliare
915 3128 1067 3194 adversus
1092 3150 1168 3194 aum
1237 3149 1245 3162 ·

154 3220 286 3300 agatur,
309 3236 374 3279 non
398 3213 538 3279 dandam
561 3213 784 3301 exceptionem
806 3216 885 3281 furti
908 3237 973 3281 una
996 3217 1084 3282 facti.

243 3307 360 3367 Neratii
382 3308 475 3368 verba
498 3327 516 3367 a
535 3308 716 3368 Triboniano
734 3312 852 3370 mutata
870 3311 912 3370 sic
930 3311 1060 3372 fortasse
1078 3313 1167 3372 resti·

155 3397 269 3458 tuenda
291 3399 373 3456 sunt:
397 3394 430 3456 Si
449 3396 527 3457 servi
545 3397 723 3458 nomine'de
743 3399 841 3459 eodem
863 3418 896 3458 re
919 3395 1022 3478 <furto
1041 3397 1168 3480 ablata>

154 3487 297 3548 adversus
321 3505 389 3545 eum
413 3488 535 3566 agatur,
557 3506 617 3547 non
645 3487 774 3547 dandam
799 3488 1001 3564 exceptionem
1024 3491 1168 3550 0011οἀ0·-

153 3581 243 3637 cotue.
