2614 3912
7 115 8 173 l

4 173 8 316 i
416 226 440 274 6.
463 217 673 274 IAVOLENUS
692 218 842 275 Priscus
1069 219 1136 285 413

123 381 226 449 nubat
261 383 355 446 etiam
386 383 522 465 pretium
556 381 651 463 fauet
681 383 753 447 dari
783 382 897 461 debere,
932 381 1043 465 Ofilius
1074 383 1132 448 iuo-

4 500 6 520 >
117 490 235 556 pensae
255 471 343 536 uerbo
365 475 456 554 uocat
469 473 606 554 pretium
627 471 807 555 siqnifimri,
829 473 883 536 secl
904 492 952 536 eos
969 473 1134 538 lumtauat

123 564 276 645 subintus,
307 579 384 642 quos
413 561 449 624 ln
480 579 549 624 eum
571 564 775 642 posteaquam
806 564 922 642 emptm
949 566 1023 626 esset
1050 560 1131 642 feeit.

126 651 207 714 idem
226 646 329 714 (buna
346 649 453 714 scribit
468 650 583 715 admoto
600 668 643 730 eo,
661 649 742 730 quael
758 669 820 713 nou
834 649 969 714 manetis
980 648 1132 730 fructibus

125 740 336 820 impensarum
355 738 435 802 ratio
453 737 558 802 baberi
575 737 686 814 debent,
705 742 734 801 et
749 737 804 802 boc
819 738 919 819 manis
931 758 1036 802 oerum
1046 744 1131 820 puto.

215 826 265 891 38.
289 825 327 892 D.
339 826 392 909 32,
401 826 453 910 30,
462 826 493 890 4.
529 824 638 890 Labeo
658 826 740 890 libro
760 826 898 890 seeundo
918 826 1132 909 posteriorum

125 937 145 980 a
177 913 331 979 Iavoleno
363 916 622 999 epitomatorum.
650 949 693 962 —-
726 913 788 994 Qui
815 915 949 996 funolum
980 917 1133 982 mandatu

125 1024 192 1070 meo
214 1004 249 1067 iu
270 1004 408 1069 societate
430 1003 508 1068 mibi
529 1008 558 1068 et
578 1003 639 1068 sibi
660 1008 782 1081 munt,
804 1004 910 1068 wude
932 1023 1001 1068 eum
1017 1005 1133 1086 finibus

125 1093 274 1159 diuiserat
299 1096 327 1157 et
348 1094 535 1176 priusquam
561 1091 640 1155 mibi
669 1091 828 1174 mancipio
858 1091 969 1173 daret¹,
995 1093 1041 1158 ita
1063 1113 1133 1158 eum

126 1182 184 1248 tubi
208 1182 361 1265 lmauerut
388 1181 534 1263 ‘functum
561 1199 662 1246 meum
688 1181 738 1245 illi
759 1179 819 1245 do’.
863 1181 971 1264 necari
997 1181 1133 1264 amplius

119 1275 243 1355 partem
265 1271 371 1354 deberi,
394 1271 470 1352 quia
490 1269 654 1335 ouimmilc
676 1289 738 1334 uon
760 1270 895 1334 essetita
913 1273 1054 1334 testatum
1071 1289 1133 1336 esse

119 1364 245 1443 patrem
266 1360 417 1441 familias,
439 1364 476 1424 ut
495 1359 638 1423 mandati
658 1357 743 1423 lieres
764 1359 831 1422 eius
852 1360 1060 1423 damnaretur.

215 1448 268 1514 39.
294 1448 333 1513 D.
344 1447 395 1533 33,
406 1450 435 1530 l,
444 1448 473 1512 4.
503 1446 675 1512 Iavolenus
689 1447 774 1511 libro
790 1447 927 1513 secundo
942 1468 981 1511 ex
995 1447 1132 1531 posteri-

125 1537 236 1602 oribus
264 1535 433 1601 Labeonis.
457 1572 498 1582 -
523 1534 601 1602 (lum
623 1537 751 1618 quultam
773 1537 848 1600 aluos
872 1535 987 1616 fiendas
1013 1537 1133 1601 iunctos

125 1625 248 1690 baberet
268 1629 296 1688 et
317 1645 354 1689 eu
371 1627 465 1690 altero
483 1625 576 1707 boues,
599 1645 668 1690 orum
686 1643 761 1706 opus
776 1625 925 1707 fecissent,
947 1626 983 1689 iu
1001 1625 1133 1690 alterum

124 1717 357 1796 reuerterentur,
383 1719 544 1796 utrumque
570 1712 705 1794 furcdum
732 1734 800 1777 eum
827 1714 1029 1778 instrumento
1053 1714 1133 1797 loya-

125 1807 218 1868 oorat.
262 1801 364 1867 Labeo
388 1801 548 1868 Trebatius
574 1803 658 1867 bones
684 1803 713 1866 ei
737 1801 835 1883 functo
857 1821 992 1867 eessmos
1009 1807 1132 1887 putant,

124 1891 181 1957 nbi
194 1909 268 1972 opus
279 1890 427 1973 fecissent,
444 1913 507 1957 non
520 1891 573 1957 ubl
586 1911 710 1956 mouere
722 1891 949 1977 consuevissent,
968 1888 1133 1957 Cascellius

123 1985 240 2047 eontra
285 1980 438 2046 Labeonis
459 1982 640 2045 seutentiam
656 1980 761 2063 probo.

214 2069 267 2134 40.
292 2068 329 2133 D.
344 2068 395 2148 35,
412 2072 440 2149 1,
454 2069 506 2150 40,
519 2070 550 2134 4.
585 2067 675 2133 Idem
699 2065 757 2155 (se.
775 2063 961 2155 Iavolenus)
981 2068 1064 2133 libro
1085 2089 1132 2133 se·

125 2157 229 2224 eundo
253 2179 292 2222 ex
315 2158 549 2242 posterioribus
567 2157 735 2223 Labeonis.
762 2193 799 2204 -
824 2157 886 2237 Qui
908 2157 1038 2222 dotalem
1059 2157 1132 2236 fun-

124 2248 200 2313 dum
217 2247 340 2311 unllam
352 2245 486 2326 babebat,
504 2247 551 2312 ita
564 2247 729 2330 bearunt:
746 2245 890 2327 ‘functum
905 2245 1134 2325 Cornelianum,

125 2355 216 2418 quem
237 2335 294 2400 illa
316 2334 394 2400 mibi
416 2336 480 2400 eloti
501 2336 591 2417 ledit,
613 2336 642 2399 ci
663 2335 747 2400 lueres
764 2334 855 2400 dato'.
897 2334 999 2399 Labeo
1021 2333 1133 2415 Opilius

123 2423 289 2489 Trebatius
319 2425 539 2506 responderunt
567 2424 702 2505 fuurlum
731 2423 830 2488 uibilo
861 2424 965 2488 minus
1001 2423 1133 2505 locatum

122 2533 201 2596 esse,
223 2513 311 2595 quia,
333 2533 401 2578 oum
419 2513 537 2594 fuuolus
557 2510 759 2577 Omueliauus
776 2513 812 2575 lu
829 2532 933 2576 renem
950 2514 1066 2575 uatura
1083 2512 1133 2592 sit,

122 2603 345 2667 alemoustratlo
365 2601 451 2683 falsa
473 2603 607 2685 leuatum
629 2621 691 2666 nou
707 2600 845 2683 paruit.

387 2784 434 2844 De
455 2785 543 2859 fumali
564 2786 751 2843 instrumento
774 2784 872 2857 leuato.

218 2903 270 2968 41.
297 2902 335 2968 D.
355 2903 408 2988 33,
427 2905 457 2987 l,
474 2902 569 2986 ibpr.
618 2899 788 2966 Iavolenus
815 2901 899 2966 libro
928 2899 1067 2968 seeundo
1095 2924 1134 2968 ex

123 2989 361 3077 posterioribus
380 2990 548 3057 Labeonis.
569 3027 607 3040 -
629 2989 737 3056 Fundi
758 2991 959 3056 iustrumenta
983 2991 1079 3074 leuato
1101 2993 1136 3058 iel

118 3100 217 3166 pecus
245 3081 344 3146 omero
366 3081 499 3163 putabat
526 3081 656 3158 Tubero,
687 3080 769 3162 quael
793 3080 821 3144 is
845 3080 964 3161 functus
985 3082 1135 3146 sustinere

113 3169 289 3256 potuisset,
315 3169 416 3235 Labeo
438 3175 552 3235 contra.
593 3171 670 3252 quial
689 3170 771 3234 euim
792 3169 851 3252 fiet,
874 3170 983 3252 inquit,
1005 3171 1042 3250 si,
1065 3191 1134 3235 oum

119 3257 212 3324 mule
239 3278 306 3323 oues
330 3259 449 3340 fundus
475 3260 624 3324 sustinere
644 3259 806 3340 potuisset,
832 3259 892 3324 auo
919 3257 1010 3323 miluc
1031 3261 1135 3325 ouium

120 3349 163 3415 in
190 3367 223 3412 eo
248 3345 347 3427 fundo
371 3347 511 3430 fmriut?
552 3367 630 3430 queas
656 3367 722 3412 oues
737 3348 936 3430 potissimum
959 3347 1054 3430 locato
1076 3369 1134 3413 oes-

113 3455 220 3506 suras
245 3435 509 3502 existimabimus?
546 3456 599 3500 nec
620 3438 826 3518 quaerendum
849 3455 924 3520 esse,
951 3437 1027 3518 quial
1047 3436 1135 3502 deboc·

201 3598 215 3647 1
237 3592 313 3649 Trrb.
330 3593 461 3649 traderet.
