2580 3900
144 191 209 256 212
230 190 276 246 IV.
290 189 508 246 VESPASIANI
521 190 595 246 TITI
611 190 804 247 DOMITIANI
818 193 926 249 TEMP.
942 193 1037 248 mars
1053 192 1157 250 CONS.

146 354 181 417 in
208 356 406 418 testamento
431 355 491 418 sub
514 355 660 439 qualibet
683 356 867 421 condicione
890 356 1041 421 libertate
1065 378 1161 422 servo

145 443 223 506 data
254 441 301 507 ita
333 443 514 527 scripsisset
547 443 634 508 ‘ante
663 445 883 509 condicionem
910 445 986 510 nolo
1015 467 1087 509 eum
1117 445 1160 510 ab

145 530 262 595 herede
291 531 429 595 liberum
457 532 548 612 fieri',
580 533 662 596 nihil
690 535 796 598 valere
825 535 908 598 hanc
936 534 1160 600 adiectionem.

234 619 264 683 4.
287 618 326 684 D.
337 621 389 694 40,
399 619 429 698 5,
440 621 492 686 20.
536 621 733 704 Pomponius
757 622 841 687 libro
865 621 1003 706 septimo
1027 623 1162 708 Epistu-

144 709 251 772 larum
280 707 328 793 (P.
345 705 431 795 190).
457 746 498 756 -
527 710 623 794 Apud
652 709 812 774 Iulianum
838 712 885 775 ita
914 710 1067 794 scriptum
1096 715 1162 776 est:

147 797 188 860 ‘si
214 796 307 860 heres
331 803 465 881 rogatus
489 820 617 862 servum
642 800 867 864 manumittere
891 821 929 863 ex
951 799 1160 866 Trebelliano

147 890 278 950 senatus
307 887 453 950 consulto
479 886 693 951 hereditatem
716 889 904 967 restituerit,
932 888 1007 973 cogi
1030 889 1162 954 debebit

145 974 382 1060 manumittere,
406 979 447 1060 ct,
470 977 498 1039 si
521 975 666 1039 latitabit
689 977 738 1038 vel
762 976 790 1040 si
813 978 899 1040 iusta
923 999 962 1040 ex
985 997 1081 1042 cause
1105 978 1161 1042 ab·

146 1063 217 1146 erit,
240 1066 370 1146 praetor
393 1085 490 1128 causa
513 1065 642 1148 cognita
666 1065 841 1129 secundum
860 1071 990 1130 senatus
1010 1067 1161 1132 consulte

145 1151 186 1216 ad
208 1173 263 1216 ees
281 1173 393 1216 causas
412 1153 610 1238 pertinentia
628 1154 839 1236 pronuntiare
857 1154 997 1218 debebit.
1035 1157 1061 1218 si
1084 1177 1159 1220 vero

145 1262 276 1305 servum
308 1241 491 1324 usuceperit
521 1241 564 1325 is,
596 1244 648 1306 cui
679 1241 842 1306 hereditas
875 1244 1025 1307 restituta
1053 1245 1162 1327 fuerit,

144 1331 252 1414 ipsum
282 1331 462 1413 [competit]
489 1330 716 1395 manumittere
740 1337 772 1395 et
795 1332 906 1395 eadem
929 1332 962 1395 in
986 1353 1162 1415 personam

145 1420 214 1483 eius
235 1419 398 1483 observari
415 1420 594 1504 conveniet,
617 1441 698 1503 quae
718 1421 804 1485 circa
823 1425 985 1504 emptores
1005 1423 1162 1486 custodiri

146 1506 273 1572 solent'.
315 1529 357 1570 an
379 1507 459 1572 haec
482 1530 558 1573 vera
576 1508 692 1592 putes?
793 1508 905 1574 Aristo
925 1514 958 1573 et
976 1508 1161 1575 Octavenus

145 1596 306 1679 putabant
342 1596 427 1660 hunc
463 1618 605 1680 servum,
643 1599 682 1662 de
719 1619 783 1682 quo
815 1601 1036 1682 quaereretur,
1071 1599 1162 1663 fidei·

147 1684 339 1749 commissae
362 1683 552 1750 hereditatis
575 1709 640 1751 non
662 1708 743 1772 esse,
765 1687 841 1771 quia
858 1689 997 1752 testator
1015 1689 1161 1772 rogando

146 1772 307 1854 heredem,
330 1779 366 1838 ut
388 1795 460 1838 cam
485 1777 738 1858 manumitteret,
762 1798 828 1840 non
852 1776 981 1839 videtur
1000 1776 1038 1839 de
1057 1798 1094 1840 co
1114 1799 1163 1841 re·

147 1861 310 1926 stitucndo
326 1861 475 1928 sensisse.

478 1993 525 2051 De
546 1995 834 2054 manumissionibus.

236 2092 265 2158 5.
288 2092 328 2157 D.
338 2093 391 2176 40,
403 2094 430 2173 1,
442 2094 492 2158 13.
529 2092 727 2179 Pomponius
747 2094 831 2158 libro
851 2095 956 2177 primo
976 2117 1014 2159 cx
1032 2095 1163 2162 Plautio

147 2179 197 2268 (P.
207 2178 296 2268 327).
315 2218 356 2228 -
377 2181 493 2247 Servus
516 2181 630 2248 furiosi
655 2184 695 2247 ab
718 2182 865 2267 adgnato
884 2189 1029 2248 curatore
1048 2207 1164 2250 manu-

148 2270 234 2334 mitti
262 2293 326 2335 non
355 2274 478 2355 potest,
505 2271 582 2354 quia
608 2271 642 2334 in
671 2271 950 2336 administratione
972 2274 1164 2357 patrimonii

148 2359 358 2424 manumissio
381 2382 448 2423 non
471 2365 528 2424 est.
570 2359 598 2424 si
620 2363 729 2424 autem
748 2381 787 2424 ex
804 2360 1044 2426 fideicommissi
1063 2385 1163 2429 causa

147 2449 278 2514 deberet
317 2448 501 2513 libertatem
542 2447 697 2533 furiosus,
739 2448 952 2514 dubitationis
994 2451 1161 2517 tollendae

148 2559 243 2604 causa
276 2537 317 2601 ab
350 2537 492 2622 adgnato
522 2535 786 2619 mancipandum¹
814 2559 955 2622 servum,
988 2544 1024 2603 ut
1053 2541 1093 2604 ab
1124 2561 1163 2604 eo

149 2628 200 2693 cui
224 2623 441 2708 menaporum
465 2630 550 2690 esset
573 2628 833 2708 manumittatur,
857 2625 1040 2692 Octarenus
1061 2629 1118 2692 ait.

238 2717 267 2780 6.
281 2713 465 2779 PnDosith.
474 2716 523 2780 12.
542 2751 579 2762 -
593 2714 786 2801 Peregrinus
801 2717 1018 2781 manumissor
1033 2739 1163 2782 servum

147 2826 214 2869 non
241 2806 349 2887 potest
377 2804 417 2868 ad
440 2803 651 2869 Latinitatem
673 2805 860 2890 perducere,
889 2806 965 2888 quia
987 2806 1038 2870 lex
1060 2805 1164 2886 Iunia,

150 2913 232 2976 quae
267 2892 457 2956 Latinorum
491 2912 590 2976 genus
623 2894 817 2978 introduxit,
848 2915 914 2959 non
946 2894 1090 2978 pertinet
1123 2895 1164 2959 ad

149 2980 334 3064 peregrinos
363 2981 628 3062 manumissores,
657 2982 740 3045 sicut
767 2985 801 3046 et
824 2979 1007 3048 Octavcnus
1034 2984 1164 3067 probat.

468 3156 517 3221 De
539 3157 637 3238 operta
660 3155 843 3222 libertorum.

240 3263 268 3328 7.
301 3261 339 3326 D.
353 3262 407 3346 40,
421 3263 451 3344 9,
466 3262 517 3344 32,
533 3263 562 3326 2.
606 3262 696 3327 Idem
726 3265 783 3349 (sc.
802 3263 973 3331 Terentius
999 3263 1164 3354 Clemens)

149 3351 234 3416 libro
264 3354 378 3415 octavo
406 3350 446 3414 ad
474 3353 577 3436 legem
607 3351 723 3416 Iuliam
752 3357 785 3417 et
807 3353 942 3438 Papiam
966 3353 1014 3440 (P.
1029 3353 1097 3442 21).
1122 3393 1161 3404 —

224 3495 236 3542 1
258 3489 528 3548 rectudendum.

222 3565 238 3613 2
260 3559 335 3614 Trib.
355 3559 483 3616 traditus.
