2614 3912
172 191 237 255 376
274 191 306 246 V.
326 191 475 246 NERVAE
493 189 540 244 ET
559 191 713 246 TRAIANI
730 188 835 247 ΤΕΜΡ.
854 189 950 247 IURIS
969 189 1147 247 CONSULTI

172 375 266 420 servo
281 354 428 439 quamvis
442 376 509 420 uon
523 354 641 439 omnia,
660 355 818 440 quaedam
831 358 940 420 tamen
954 355 1039 420 circa
1052 357 1182 440 partum

172 442 417 509 custodiendum
440 443 575 508 arbitrio
598 444 758 529 praetoris
781 465 851 509 esse
874 443 1084 509 concedenda.

263 554 389 616 Servum
412 555 449 615 ab
472 574 506 616 oo
525 555 699 616 institutum
717 557 843 616 tortasse
862 555 965 616 Aristo
984 557 1109 634 spectat,
1132 557 1184 634 qui

171 643 333 704 facultates
356 662 426 704 suas
449 647 601 721 suspectas
624 645 716 705 habet
738 637 818 726 (sai.
833 636 962 727 2,154),
985 646 1022 704 de
1045 665 1104 722 quo
1128 645 1183 705 Sa-

173 732 276 792 binum
294 751 410 810 quoque
430 733 538 793 dixisse
556 733 686 794 uidimus
706 726 931 815 (lupata).
963 733 1065 810 agitur
1082 738 1184 794 autom

173 821 210 881 do
229 823 483 882 senatusconsulti
501 822 665 900 Planciani,
683 821 868 898 Vespasiani,
887 825 922 881 ut
939 822 1066 900 videtur,
1084 826 1184 883 aetate

173 910 246 970 facti
268 911 436 987 praeceptis
459 905 509 990 (D.
527 913 576 986 25,
592 914 653 988 3,1
680 913 710 970 et
734 913 763 986 3,
779 903 823 993 2).

262 998 410 1076 Ulpianus
425 999 520 1060 addit:
538 994 640 1077 ‘quam
655 1001 832 1060 senteutiam
847 1002 920 1075 puto
935 1019 1049 1077 veram3
1063 1001 1184 1077 publice

174 1088 253 1147 euim
275 1089 400 1148 interest
421 1091 528 1164 partus
550 1107 610 1148 non
633 1089 727 1148 subici
815 1088 941 1165 ideoque
965 1089 1056 1148 etiam
1080 1107 1184 1150 servus

173 1177 244 1255 ists,
268 1197 336 1237 oum
359 1178 399 1236 sit
420 1171 455 1236 in
478 1196 529 1252 spe
553 1177 733 1238 constitutus
757 1177 966 1254 successionis,
988 1177 1185 1255 qualisqualis

174 1267 227 1344 sit,
251 1266 339 1326 debet
362 1266 460 1326 audiri
482 1285 546 1326 rem
569 1269 600 1325 et
621 1267 773 1342 publicam
797 1269 827 1326 et
851 1285 935 1326 suam
959 1261 1085 1346 gerens'.

586 1473 636 1539 Dc
659 1475 774 1558 lepots.

572 1604 620 1662 De
642 1605 788 1677 codicillis.

264 1705 293 1768 4.
318 1703 357 1769 D.
373 1704 425 1789 29,
441 1705 470 1790 7,
484 1705 514 1770 9.
560 1703 733 1770 Marcellus
757 1705 840 1770 libro
864 1727 951 1772 nono
974 1704 1186 1792 Digestorum

177 1791 224 1876 (P.
247 1790 335 1879 118).
363 1828 405 1840 -
434 1792 546 1858 Aristo
578 1794 712 1878 negavit
743 1794 852 1858 valere
882 1793 1048 1860 codicillos
1076 1795 1117 1860 ab
1147 1817 1186 1861 eo

125 1967 136 1996 .
175 1882 293 1964 factos,
317 1882 372 1966 qui
394 1885 487 1966 pater
508 1881 651 1946 familias
674 1904 733 1948 neo
755 1904 796 1947 ne
821 1885 920 1966 esset,
943 1883 1136 1967 ignorasset.

266 1992 437 2068 Sequuntur
455 1993 541 2053 haec:
561 1987 720 2069 ‘Ulpianus
738 1996 838 2054 notat:
856 1995 916 2054 uisi
934 1997 1094 2055 ueteranus
1113 1996 1187 2074 fuis,

176 2084 249 2141 tuuc
272 2081 351 2140 euim
375 2084 406 2141 et
427 2083 641 2141 testamentum
664 2075 799 2144 valebit?

507 2277 554 2336 De
575 2279 732 2352 usufructu
754 2279 854 2354 lepoto.

265 2378 309 2444 5⁸.
332 2376 408 2444 Vct.
427 2377 464 2443 fr.
484 2380 504 2459 ἓ
520 2379 561 2445 88
586 2377 673 2464 (Ulp.
685 2380 705 2444 l.
714 2378 811 2444 XVII
824 2380 864 2445 ad
876 2377 949 2444 Sab.
972 2379 1007 2444 P.
1017 2379 1128 2466 2570).
1144 2417 1187 2429 -

177 2466 322 2532 Iulianus
346 2467 464 2533 subicit
483 2465 614 2533 Sextum
638 2490 764 2554 quoque
782 2468 997 2553 Pomponium
1014 2469 1140 2556 referre,
1159 2470 1188 2536 si

176 2577 235 2641 per
248 2556 489 2622 damnationem
507 2579 584 2622 usus
603 2557 725 2623 fructus
738 2557 852 2642 <cum>
866 2557 976 2622 liberis
995 2560 1087 2624 uxori
1101 2560 1187 2646 lege·

177 2652 239 2730 tur,
260 2645 423 2732 singulare
445 2645 508 2712 hoc
532 2667 600 2711 esse
624 2651 720 2731 atque
743 2647 814 2712 ideo
833 2646 880 2710 fili
897 2668 1069 2730 personam
1088 2647 1188 2714 matri

178 2734 363 2820 <accedere,
393 2757 434 2800 ne
467 2735 536 2800 sine
563 2735 673 2800 liberis
703 2736 743 2800 ad
771 2756 865 2800 usum
893 2735 1033 2801 fructum
1061 2737 1188 2826 mater>

179 2822 351 2907 accederet,
369 2845 428 2888 nec
445 2845 515 2888 esse
530 2824 713 2909 legatarios,
734 2825 789 2890 sed
803 2826 907 2890 matre
921 2829 1051 2890 mortua
1064 2826 1187 2892 liberos

178 2911 271 2995 quasi
296 2910 430 2977 heredes
460 2933 554 2976 usum
581 2911 721 2978 fructum
749 2913 927 2979 habituros.
974 2934 1048 3000 ego,
1079 2913 1187 3000 inquit

176 2997 390 3084 Pomponius,
418 3022 552 3085 quaero,
580 3000 658 3085 quid
687 3003 715 3066 si
740 3001 834 3066 mixti
856 3001 976 3066 fuerint
997 3003 1108 3069 liberis
1132 3025 1187 3068 ex·

58 3134 60 3138 -
177 3087 283 3152 mansi
301 3087 456 3152 heredes?
493 3087 568 3172 (et)
587 3090 633 3154 ait
650 3089 734 3154 filios
751 3112 811 3176 pro
829 3089 995 3175 legatariis
1018 3091 1186 3158 habendos

179 3179 212 3239 et
239 3176 359 3240 mortui
385 3179 511 3260 partam
538 3176 756 3263 interituram,
783 3178 971 3244 Aristonem
1000 3185 1107 3246 autem
1132 3182 1186 3246 ad-

178 3267 292 3328 notare
314 3263 394 3329 haec
416 3285 494 3329 vera
517 3286 595 3330 esse.

268 3369 313 3438 5¹³.
336 3369 375 3435 D.
391 3372 419 3453 7,
434 3372 463 3454 2,
478 3371 506 3438 8.
547 3369 706 3457 Ulpianus
729 3375 813 3442 libro
837 3377 973 3463 septimo
998 3375 1120 3444 decimo
1144 3377 1187 3444 ad

182 3457 345 3525 Sabinum.
371 3495 409 3506 —
435 3458 468 3525 Si
492 3461 618 3525 mulieri
642 3483 714 3527 oum
737 3465 847 3531 liberis
871 3467 939 3532 suis
962 3488 1038 3531 usus
1061 3466 1186 3532 fructus

179 3549 313 3635 legetur,
337 3549 464 3616 amissis
482 3549 592 3616 liberis
612 3572 761 3618 causum
780 3554 920 3621 fructum
939 3556 1051 3642 habet3
1075 3555 1131 3622 sed
1154 3558 1188 3620 et
