2602 3906
268 223 302 279 ΙΙ.
315 222 561 280 'INOERTORUM
581 223 812 279 SENTENTIAE
830 223 877 278 ΕΤ
895 223 1000 278 LIBRI.
1073 224 1136 288 521

128 385 344 473 possessionis
378 387 556 473 signifieat,
586 387 670 453 sieut
701 387 735 451 in
769 409 805 452 eo
835 388 890 471 qui
917 387 1138 472 possessiones

129 499 204 541 suas
228 477 379 561 legasset,
400 498 590 560 responsum
614 480 670 540 est.

500 641 548 701 De
569 624 640 700 villu
663 642 765 715 legato.

221 752 270 817 11.
293 751 332 816 D.
351 750 405 837 28,
426 752 456 837 5,
476 751 526 835 35,
546 752 576 816 3.
600 749 758 834 Ulpianus
778 750 860 814 libro
885 756 999 834 quarto
1023 750 1138 834 Dispu-

128 840 298 904 tationum.
325 877 363 887 -
479 841 506 905 si
540 861 652 905 servus
684 839 782 903 fuerit
812 840 931 903 missus
959 840 992 902 in
1027 839 1139 904 villam

130 928 260 993 interim
287 928 353 993 illie
379 928 507 992 futurus
536 929 610 1013 quia
638 928 803 993 dominum
832 927 1016 1009 offenderat,
1048 929 1139 1012 quasi

129 1017 171 1082 ad
203 1022 330 1101 tempus
363 1019 539 1102 relegatus,
571 1038 759 1101 responsum
793 1021 843 1081 est
874 1039 946 1081 eum
976 1017 1016 1080 ad
1043 1016 1139 1081 villae

129 1108 273 1192 legatum
295 1127 360 1170 non
384 1107 550 1190 pertinere.

492 1270 539 1329 De
561 1272 643 1331 domo
666 1272 767 1345 legata.

222 1381 271 1446 12.
300 1380 338 1445 D.
363 1383 419 1464 33,
448 1381 477 1463 7,
508 1381 555 1462 15,
587 1383 614 1446 1.
643 1380 840 1465 Pomponius
869 1380 952 1444 libro
984 1383 1073 1444 sexto
1098 1379 1139 1443 ad

130 1467 295 1534 Sabinum.
323 1505 364 1516 —
390 1469 494 1534 Domo
518 1471 676 1534 instructa
702 1468 854 1554 <legata>
875 1490 1066 1551 responsum
1090 1472 1141 1532 est

132 1557 389 1642 suppellectilem
411 1559 562 1643 legatam,
590 1581 654 1623 non
678 1561 774 1622 etiarn
806 1558 889 1641 vina,
922 1558 997 1642 quia
1026 1557 1139 1621 domus

132 1647 216 1711 vinis
240 1651 399 1712 instructa
421 1647 569 1732 intellegi
591 1669 656 1712 non
679 1651 795 1731 potest.

457 1813 505 1870 De
526 1814 680 1886 mancepiis
702 1813 811 1886 tepetis,

222 1922 285 1986 13?
309 1920 347 1988 D.
359 1922 410 2007 32,
422 1923 473 2003 81,
486 1922 512 1986 l.
538 1921 739 1986 Modestinus
755 1922 838 1986 libro
857 1943 943 1987 nono
959 1920 1140 1986 Differenti-

130 2033 232 2076 arum.
267 2047 304 2057 -
415 2011 494 2075 viris
528 2011 643 2096 legatis
677 2012 774 2076 etiam
806 2032 922 2094 pueros
955 2010 1064 2074 deberi
1093 2032 1139 2073 re-

130 2100 316 2184 spondetur.

508 2193 555 2252 De
576 2169 643 2253 eino
666 2195 766 2268 leuato.

224 2305 274 2368 14.
310 2302 349 2368 D.
387 2304 444 2386 32,
482 2303 532 2368 85.
569 2301 766 2387 Pomponius
803 2302 886 2366 libro
908 2303 1062 2367 'seeundo
1101 2304 1141 2366 ad

132 2392 288 2468 Quintum
308 2391 460 2456 Mucium.
480 2427 514 2437 —
537 2442 544 2457 .
560 2442 567 2457 .
586 2414 777 2476 responsum
793 2396 842 2456 est
857 2391 954 2455 etiam
969 2392 1054 2475 quod
1069 2413 1141 2457 eoa·

130 2481 367 2634 ἱὲῑτὲξθενθίὲυω
391 2481 500 2564 legato
521 2480 640 2564 cedere,
664 2482 692 2546 si
711 2482 743 2545 id
764 2479 831 2544 vini
850 2501 982 2552 numero
1001 2485 1141 2544 testator

499 2662 546 2720 De
568 2663 648 2722 lance
671 2665 772 2738 leqatn.

224 2772 273 2836 15.
297 2771 335 2839 D.
353 2773 405 2855 34,
424 2773 454 2856 2,
473 2772 524 2836 31.
544 2771 651 2837 Labeo
670 2773 754 2838 libro
774 2773 912 2838 seeundo
926 2771 1140 2857 posteriorum

131 2883 152 2925 a
178 2859 331 2925 Iauoleno
362 2862 622 2945 epitomatorum.
652 2898 690 2907 —
721 2861 784 2938 Qui
814 2863 939 2926 lancem
967 2861 1140 2925 maximam

131 2949 289 3014 minorem
314 2949 481 3015 minimam
504 2949 719 3034 relinquebat,
744 2952 792 3016 ita
816 2951 993 3037 legaverat:
1017 2950 1140 3015 laneam
1172 3001 1176 3008 .

132 3039 290 3103 minorem
309 3039 358 3102 illi
378 3039 460 3124 lego.
489 3038 612 3102 mediae
632 3039 863 3123 magnitudinis
882 3039 980 3103 videri
997 3039 1141 3124 legatam

132 3128 258 3192 lancem
278 3149 468 3212 responsum
488 3133 546 3211 est,
569 3127 597 3191 si
615 3149 681 3192 non
701 3131 879 3212 appareret,
903 3149 999 3212 quam
1017 3128 1140 3193 lancem

132 3237 172 3280 ex
194 3216 245 3280 his
267 3220 361 3300 pater
384 3217 525 3282 familias
550 3217 770 3282 demonstrare
792 3217 956 3283 voluisset.

540 3382 587 3442 De
609 3384 733 3443 caduca.

225 3491 275 3556 16.
307 3489 346 3556 D.
370 3493 422 3576 31,
445 3492 495 3576 591.
529 3491 698 3558 Terentius
736 3490 883 3556 Clemens
913 3491 996 3555 libro
1029 3491 1140 3574 quinto

132 3580 258 3645 decimo
283 3579 324 3644 ad
346 3580 451 3665 legem
474 3581 589 3645 Iuliam
614 3585 647 3646 et
669 3581 813 3664 Papiam.
834 3615 872 3624 -
898 3576 932 3643 si
955 3578 1036 3643 mihi
1053 3598 1140 3661 pure,
