2568 3912
244 219 277 274 11.
297 213 536 276 ιιιιιιιιιιοιιιιιι
555 197 783 276 seuuanumn
802 222 850 276 nu
868 221 973 278 nram.
1049 223 1114 288 563
1214 183 1216 186 ⁵

332 399 373 466 Ut
394 400 572 480 usufructus
594 401 717 465 uouiue
739 406 889 470 caveatur.
914 412 916 420 ’

91 536 93 538 ·
196 515 282 581 171?
327 514 367 580 D.
397 516 430 599 7,
453 515 487 598 5,
517 515 571 598 10,
596 517 623 580 1.
670 514 829 599 Ulpianus
865 516 948 581 libro
986 521 1114 621 septua-

107 605 250 689 gensimo
269 626 355 669 nono
375 602 416 668 al
434 565 582 668 edictuni.
606 603 698 669 -Si
717 626 794 668 usus
813 608 885 668 tant
886 628 940 669 um
958 607 1114 690 pecuniae

106 694 275 777 legatus'
250 698 302 778 sit,
326 689 401 777 quia
424 695 458 756 in
471 693 532 757 hac
552 694 658 776 specie
677 715 753 757 usus
773 693 991 782 appellatione
1015 696 1113 761 etiam

106 782 190 846 fruct
176 788 245 846 tum
279 781 437 846 contineri
470 783 574 866 magis
607 782 823 866 accipiendam
856 785 975 861 est‚t
946 784 1090 871 stipulat
1081 807 1113 850 ιο

105 870 168 935 ieta
201 871 327 936 eritin
319 870 536 954 terponenda.
591 873 623 934 et
651 870 781 955 quidam
814 871 905 936 aiunt
937 893 1001 940 non
1039 879 1113 938 ante

105 959 254 1023 hano't
205 963 254 1023 int
256 981 369 1043 erponi
360 959 529 1044 stipulat'
520 980 636 1038 ionem,
656 962 822 1044 quami
767 959 844 1024 data
857 959 955 1024 fuerit
941 963 1112 1044 tpecunia.

449 1117 499 1184 Dc
522 1119 635 1184 domuc
657 1118 773 1200 infecto.

196 1235 268 1300 172.
301 1233 339 1298 D.
364 1234 415 1316 39,
438 1234 467 1316 2,
492 1235 543 1299 32.
568 1231 668 1298 Gaius
692 1234 775 1299 libro
799 1234 974 1298 vicensimo
1000 1237 1112 1300 octavo
1245 1193 1248 1200 Δ

107 1323 148 1388 ad
172 1324 309 1388 edictum
334 1323 539 1407 provinciale.
563 1359 605 1368 —
629 1320 663 1386 Si
687 1323 820 1388 aedibus
844 1323 925 1387 meis
948 1323 1113 1406 proximae

107 1413 174 1476 sint
197 1412 291 1476 aedes
316 1433 407 1476 meae
431 1415 464 1476 et
481 1416 564 1493 tuae,
589 1412 762 1496 quaeritur,
786 1435 836 1494 an,
860 1413 888 1476 si
911 1411 973 1476 hae
996 1412 1112 1476 vitium

106 1500 187 1565 mihi
221 1501 355 1587 faciant,
386 1522 498 1565 cavere
535 1501 614 1564 mihi
650 1500 764 1565 debeas
800 1523 858 1584 pro
889 1500 1006 1565 damno
1038 1523 1113 1585 pro-

106 1590 247 1673 priarum
263 1612 406 1654 mearum
421 1589 556 1667 aedium,
572 1589 696 1654 scilicet
710 1610 769 1673 pro
784 1611 846 1673 qua
860 1592 952 1673 parte
966 1589 1112 1654 dominus

107 1677 232 1743 existes.
278 1684 311 1743 et
332 1679 394 1742 hcc
417 1678 579 1762 plerisque
601 1679 715 1761 placet.

196 1767 267 1833 173.
312 1767 351 1832 D.
372 1768 423 1850 39,
447 1766 476 1849 2,
501 1766 551 1848 24,
577 1767 604 1831 7.
650 1765 740 1831 Idem
764 1765 821 1851 (sc.
835 1762 1010 1853 Ulpianus)
1029 1766 1112 1831 libro

61 1895 65 1900 -
106 1856 324 1940 octogensimo
348 1857 453 1959 primo
474 1855 514 1918 ad
534 1855 680 1936 edictum.
706 1891 744 1902 -
771 1856 851 1921 .s.i
874 1856 960 1919 furni
983 1855 1113 1925 nomine

104 1944 214 2009 damni
246 1944 357 2010 infecti
390 1945 487 2008 fuerit
523 1947 598 2008 caut
600 1967 675 2046 um,
700 1906 813 2009 ᾶθίιιιθ
850 1942 986 2008 furnarii
1019 1944 1114 2028 culpa

52 2074 55 2079 Δ
104 2033 257 2102 damnum
277 2034 387 2098 datum
401 2033 506 2114 fuerit,
484 2038 590 2098 tnon
604 2033 712 2098 venire
727 2034 761 2097 in
774 2033 903 2097 hanct
873 2055 888 2097 s
889 2033 1115 2115 tipnlationem

104 2124 265 2210 plerisque
288 2123 421 2188 videtur.

59 2265 62 2270 -
195 2224 367 2300 Sequuntur
390 2227 494 2285 haec:
502 2220 636 2284 Cassius
660 2244 778 2303 quoque
801 2224 910 2285 ait...

197 2325 284 2388 174?
329 2324 368 2390 D.
392 2327 444 2407 39,
467 2327 537 2408 2,1
523 2328 561 2390 7
570 2349 616 2409 pr.
662 2322 822 2410 Ulpianus
851 2326 934 2390 libro
958 2326 1113 2410 quinqua·

79 2413 253 2498 ·gensimo
282 2415 377 2478 tertio
416 2414 455 2477 ad
484 2414 631 2478 edictum.
666 2451 703 2460 -
739 2413 774 2480 si
807 2415 878 2499 quis
912 2415 1047 2478 missum
1078 2415 1113 2478 in

102 2503 351 2587 possessionem,
374 2512 447 2566 cu'm
471 2506 555 2567 esset
577 2503 610 2565 in
635 2503 740 2566 aliena
766 2506 936 2585 potestate,
966 2523 1032 2566 non
1061 2503 1113 2565 ad·
1150 2557 1152 2561 ,

104 2590 239 2672 miserit,
253 2591 395 2674 plerique
410 2595 525 2674 putant
540 2591 688 2654 noxalem
700 2588 746 2676 (7)
758 2591 917 2654 actionem
932 2611 969 2654 eo
984 2587 1112 2654 nominc
1183 2635 1184 2640 κ

102 2703 175 2745 eom
200 2683 293 2744 ctare.

176 2703 281 2834 p175?
326 2766 365 2832 D.
389 2768 441 2846 39,
464 2768 494 2850 2,
519 2768 611 2850 13pr.
657 2765 816 2851 Ulpianus
844 2767 927 2832 libro
957 2767 1110 2853 quinqua-

103 2857 251 2942 gensimo
278 2858 375 2922 tertio
404 2857 444 2921 ad
474 2855 623 2921 edictum.
647 2891 689 2902 -
714 2855 776 2932 Qui
803 2857 888 2920 bona
914 2856 976 2920 fide
1006 2879 1111 2921 anon

104 2947 235 3012 domino
260 2948 345 3024 emit,
369 2945 540 3011 videndum
559 2948 617 3022 est,
635 2945 790 3029 numquid
809 2945 1023 3030 repromittat,
1045 2968 1111 3012 non
1217 3004 1220 3010 .

23 3039 29 3046 '
105 3036 204 3101 etiam
229 3037 309 3100 satis
334 3036 395 3102 det.
437 3034 522 3120 quod
546 3032 736 3117 quibusdam
761 3033 896 3101 videtur.

439 3193 490 3259 De
511 3195 649 3260 lucendio
671 3190 774 3260 uulua.

196 3310 267 3375 176.
312 3309 350 3375 D
374 3311 426 3393 47,
449 3310 479 3395 9,
502 3309 532 3375 5.
583 3309 681 3374 Gaius
710 3309 795 3374 libro
823 3310 975 3377 vicesimo
1004 3311 1125 3412 primo·

101 3400 144 3464 a'd
176 3397 261 3494 edipt
246 3400 316 3463 tum
342 3360 615 3500 provinciale-
572 3397 681 3464 -si
697 3400 769 3483 quis
798 3421 835 3463 ex
864 3399 1013 3483 naufrag'
982 3420 1035 3461 σιο
1059 3399 1110 3461 vel

101 3509 143 3552 ex
171 3471 319 3554 incendio
342 3487 471 3552 ruinave
496 3492 656 3552 servatam
684 3509 752 3551 rem
776 3491 809 3551 et
838 3487 902 3551 alio
926 3487 996 3551 loco
1026 3487 1111 3568 posi·

100 3581 173 3640 tam
197 3576 394 3641 subtraxerit
417 3580 473 3640 aut
491 3577 642 3660 rapuerit,
619 3567 739 3639 tft'ur
715 3580 741 3638 ιι
758 3574 882 3640 scilicet
904 3579 961 3639 aut
979 3574 1059 3637 alias
1081 3571 1110 3633 vi
1144 3594 1146 3599 ⁴

846 3675 898 3728 36*
