2590 3902
176 217 241 280 340
276 215 310 271 V.
329 215 478 270 NERVAE
497 215 543 270 ΕΤ
563 214 716 269 TRAIANI
734 214 839 272 TEMP.
858 213 954 271 IURIS
974 214 1153 271 corsuum

182 379 387 445 adoresoendi
408 399 475 443 non
498 379 583 463 perit
605 400 664 444 nec
687 379 726 461 ei,
749 378 833 465 apud
853 400 946 463 quem
966 377 1187 444 consolidatus

181 473 239 552 est,
262 489 365 552 neque
389 467 429 532 ab
454 489 501 551 eo,
521 470 554 532 et
571 467 651 552 ipsc,
671 467 907 552 quibusmodis
928 469 1091 532 amitteret
1110 473 1186 534 ante

178 557 474 641 consolidationem,
496 555 610 621 iisdem
635 561 668 621 17
689 577 773 622 nunc
795 557 868 641 ipso
887 556 1014 642 quidem
1032 557 1101 621 iure
1120 578 1187 622 non

179 645 274 711 amitt
260 649 322 731 t,et
353 645 408 709 sed
441 649 571 728 praetor
603 648 732 710 secutus
760 647 944 799 exemplum
972 646 1051 710 iuris
1080 645 1187 710 civilis

178 735 292 800 utilem
315 735 475 799 actionem
498 734 590 799 dabit
612 734 697 800 fruct
683 734 798 799 tnario.
835 734 899 798 17
889 733 1031 818 17κ17>
1049 731 1163 799 Nerat'
1138 737 1187 800 tro

179 827 212 888 et
234 824 381 888 Aristoni
404 823 540 890 videtur.

268 929 313 996 87).
341 929 565 1012 7).7,23,2.
610 928 876 1013 Ulpianuslibro
901 928 1186 1032 septimodecimo

180 1019 219 1084 ed
250 1017 406 1084 Sabinum
420 980 487 1105 (Ρ.
506 981 687 1104 2566).-
717 1015 792 1083 Non
824 1019 979 1084 solum..
999 1019 1027 1083 si
1059 1017 1185 1084 duobus

178 1130 256 1174 usus
279 1108 403 1172 fructus
426 1107 562 1192 legetur,
585 1108 708 1172 estius
731 1106 945 1190 adoresoendi,
968 1129 1081 1172 verum
1104 1108 1187 1172 1717

179 1197 275 1262 177117
306 1218 383 1261 usus
416 1194 553 1279 fructus,
586 1195 680 1260 alteri
713 1195 829 1260 fundus
861 1196 988 1280 legatus
1016 1199 1078 1279 est3
1110 1217 1188 1260 nam

180 1287 349 1351 amittente
369 1307 462 1349 usum
480 1282 620 1349 fructum
639 1284 752 1368 altero,
771 1285 822 1349 cui
842 1287 912 1348 erat
925 1286 1062 1370 legatus,
1081 1286 1188 1368 magia

179 1377 249 1440 inre
278 1372 481 1439 adoresoendi
510 1372 551 1436 ad
579 1373 716 1438 alterum
745 1374 887 1457 pertinet
915 1394 1011 1458 quam
1039 1372 1123 1437 redit
1146 1374 1188 1439 ad

180 1465 420 1548 proprietatem.
469 1482 528 1526 nec
560 1482 694 1544 novum3
726 1483 803 1526 nam
835 1466 868 1527 et
899 1465 926 1527 si
955 1461 1079 1527 duobus
1107 1484 1185 1528 usus

179 1552 302 1617 fructus
329 1551 454 1635 legetur
482 1555 514 1615 17
541 1551 625 1634 apud
650 1551 787 1615 alterum
811 1551 854 1615 sit
877 1551 1110 1634 consolidatus,
1137 1551 1189 1616 ius

105 1638 110 1650 '
180 1639 386 1706 adoresoendi
413 1660 481 1705 non
507 1641 592 1722 perit
618 1661 721 1724 neque
750 1639 793 1722 ei,
822 1639 907 1724 apud
933 1661 1027 1724 quem
1051 1640 1187 1704 consoli·

180 1731 275 1794 datus
295 1734 353 1810 est,
371 1749 473 1812 neque
493 1728 533 1792 ab
552 1750 600 1812 eo,
621 1729 751 1814 etipse,
770 1729 886 1813 quibus
905 1728 1008 1793 modis
1023 1729 1190 1793 amitteret

181 1822 256 1882 ente
284 1817 585 1898 consolidationem,
611 1817 714 1882 isdem
738 1821 771 1882 et
792 1839 877 1882 nnnc
900 1818 1039 1883 amittet
1085 1822 1118 1882 et
1142 1818 1189 1882 ita

181 1911 213 1972 et
234 1903 369 1970 Neratio
394 1909 426 1970 et
448 1905 595 1971 Aristoni
618 1905 753 1971 videtur.

269 2012 299 2077 9.
317 2009 391 2076 Vat.
402 2011 444 2076 85
459 2009 548 2097 (Ulp.
563 2012 603 2077 ad
617 2010 717 2097 8171).
727 2048 769 2060 -
783 2011 818 2078 Si
832 2060 858 2078 ..
872 2035 930 2097 per
947 2012 1189 2079 damnationem

180 2122 257 2166 usus
282 2101 404 2165 fructus
427 2101 567 2186 legetur,
588 2101 638 2166 ins
668 2100 871 2166 adoresoendi
894 2105 1001 2167 cessat
1019 2150 1085 2187 ...,
1112 2123 1189 2186 qno·

180 2189 270 2254 niem
300 2188 464 2253 damnatio
492 2193 600 2274 partes
632 2189 720 2254 facit.
770 2191 905 2275 proinde
933 2191 960 2256 si
989 2191 1038 2256 rei
1066 2191 1189 2255 alienae

180 2300 258 2344 usus
277 2277 400 2343 fructus
419 2279 545 2363 legetur
564 2282 654 2343 etex
674 2277 861 2344 Neroniano
880 2279 1086 2345 confirmetur
1103 2279 1190 2364 lega-

180 2372 260 2452 tum,
283 2368 351 2431 sine
374 2366 472 2432 dubio
496 2366 667 2432 dicendum
691 2372 740 2432 est
760 2367 811 2432 ius
831 2367 1034 2434 adoresoendi
1052 2389 1189 2452 cessare,

181 2457 210 2522 si
237 2457 333 2522 modo
360 2459 436 2541 post
462 2456 673 2521 constitutum
695 2458 951 2522 usumfructum
974 2457 1072 2522 fuerit
1094 2458 1190 2522 amis·

181 2569 236 2612 1111
351 2567 392 2610 an
414 2548 524 2610 tamen
547 2545 581 2609 in
601 2543 801 2628 Neroniano,
830 2546 981 2630 quoniam
1007 2547 1190 2630 exemplum

181 2635 409 2701 vindicationis
441 2634 619 2719 sequimur,
651 2634 766 2700 debeat
798 2635 861 2699 dici
888 2635 1001 2701 utilem
1029 2636 1189 2701 actionem

182 2724 300 2790 amisso
330 2747 391 2789 usu
424 2723 532 2789 fructu
562 2724 603 2789 ab
636 2725 739 2789 altero
769 2724 863 2788 alteri
893 2723 1044 2802 dandam,
1079 2724 1190 2809 quaeri

181 2818 298 2896 potest.
343 2817 376 2877 17
399 2817 477 2896 puto
502 2813 676 2878 secundum
699 2809 868 2878 Neratium
893 2811 1137 2878 admittendum.

442 3011 489 3071 Da
510 3013 600 3084 fundi
621 3015 808 3072 instrumento
830 3015 930 3088 teporo.

274 3130 322 3194 10
350 3129 390 3193 D
404 3129 456 3210 33
474 3129 502 3208 7,
519 3131 569 3209 12
583 3130 613 3194 4
655 3129 814 3214 Ulpianus
841 3131 925 3196 libro
948 3131 1124 3198 vicensimo
1149 3132 1190 3198 ad

183 3215 337 3282 Sabinum
370 3214 419 3301 (P
438 3179 620 3301 26097-
652 3217 877 3285 Saltuarium.
892 3219 1027 3286 717111
1060 3220 1189 3305 quidem

182 3307 277 3388 putat
304 3326 376 3368 eum
404 3305 532 3370 demum
555 3308 712 3372 contineri
736 3304 794 3396 (se.
817 3309 1031 3374 instrumento
1055 3309 1190 3396 legato),

184 3393 239 3477 qni
270 3393 430 3458 fructuum
463 3396 692 3462 servandorum
724 3397 831 3483 gratia
861 3401 994 3482 paratus
1027 3397 1084 3482 sit,
1117 3420 1190 3464 eum

182 3502 261 3564 non,
201 3480 345 3633 t,qlpi
371 3481 485 3547 finium
513 3484 792 3552 custodiendorum
821 3508 931 3571 oausa3
954 3486 1015 3554 sed
1037 3484 1188 3553 Neratius

183 3570 281 3635 etiam
328 3591 398 3636 uno
