2614 3912
177 219 242 284 394
279 221 311 275 V.
330 218 480 274 NERVAE
500 219 546 274 ET
566 217 718 274 TRAIANI
736 217 843 274 TEMP.
861 217 957 272 mals
977 216 1157 272 CONSULTI

309 423 345 484 V.
369 423 534 482 Incertae
559 423 699 482 omnino
725 422 821 482 sedis
844 422 1055 500 fragmenta.

503 541 553 606 De
575 543 643 606 iure
665 541 863 607 deliberandi.

266 649 295 712 1.
315 648 353 712 D.
370 648 421 731 28,
436 649 465 731 8,
481 647 556 731 5pr.
593 647 681 713 Idem
698 644 755 734 (so.
769 644 945 734 Ulpianus)
959 647 1043 713 libro
1058 651 1187 733 septua-

176 737 321 821 gensimo
345 737 385 800 ad
410 737 547 801 edictum
571 735 619 823 (P.
640 735 749 824 1397).
773 773 816 782 —
840 735 951 822 Aristo
980 735 1093 802 scribit
1119 759 1187 803 non

176 827 279 890 solum
308 825 534 909 oreditoribus,
564 825 617 890 sed
642 831 674 889 et
698 825 807 889 heredi
831 825 982 890 instituto
1005 831 1188 909 praetorem

176 914 344 979 subvenire
377 915 492 980 debere
525 915 638 998 hisque
666 914 793 998 copiam
821 913 1110 979 instrumentorum
1139 916 1187 980 in·

176 1003 414 1087 spiciendorum
444 1003 564 1086 facere,
591 1007 629 1067 ut
655 1003 786 1086 perinde
810 1003 969 1067 instruere
993 1024 1026 1068 se
1049 1004 1187 1089 possint,

175 1092 322 1176 expediet
343 1113 402 1156 nec
425 1113 465 1156 ne
489 1113 665 1178 agnoscere
687 1091 908 1156 hereditatem.

484 1251 534 1317 De
556 1252 591 1316 ia
611 1251 730 1334 fuctum
752 1252 877 1317 actione.

263 1361 292 1425 2.
317 1359 355 1424 D.
373 1360 422 1443 19,
437 1358 467 1442 5,
483 1359 533 1443 16,
551 1360 577 1424 1.
614 1357 812 1441 Pomponius
830 1356 915 1430 libro
938 1359 1113 1424 vicensimo
1138 1381 1186 1424 se-

174 1449 278 1514 cundo
309 1447 349 1514 ad
378 1447 533 1514 Sabinum
562 1444 612 1534 (P.
633 1448 720 1532 702).
747 1485 792 1495 -
817 1446 999 1512 Permisisti
1028 1448 1122 1532 mihi,
1150 1453 1187 1514 ut
1252 1481 1255 1485 Δ

175 1559 313 1603 sorerem
341 1537 374 1601 in
403 1537 502 1602 fundo
530 1541 586 1601 tuo
615 1541 648 1600 et
674 1535 797 1601 fructus
825 1537 981 1602 tollerem.
1032 1537 1099 1602 sevi
1126 1559 1186 1602 nec

173 1627 294 1711 pateris
310 1648 361 1691 me
374 1624 499 1691 fructus
514 1626 635 1691 tollere.
670 1625 794 1690 nullam
808 1625 887 1690 iuris
903 1625 1006 1691 civilis
1021 1627 1186 1692 actionem

174 1736 243 1779 esse
267 1715 379 1779 Aristo
409 1714 467 1798 ait,
496 1737 538 1779 an
563 1715 597 1778 in
620 1715 742 1780 factum
766 1714 835 1778 dari
858 1714 988 1799 debeat,
1015 1714 1187 1780 deliberari

172 1825 276 1887 posse.

261 1895 441 1972 Pomponius
464 1897 562 1957 addit:
586 1890 650 1956 ‘sed
674 1897 732 1956 erit
755 1897 790 1956 de
815 1891 903 1957 dolo'.

448 2051 498 2117 De
518 2053 630 2137 plaude
652 2053 756 2116 alicua
778 2053 913 2134 deposta.

263 2158 292 2222 3.
329 2157 367 2222 D.
394 2159 444 2242 19,
468 2158 497 2241 5,
524 2159 575 2242 14,
598 2160 627 2224 3.
681 2156 770 2223 ldem
803 2155 860 2244 (so.
893 2155 1067 2242 Ulpianus)
1101 2159 1185 2226 libro

174 2247 444 2332 quadragensimo
476 2249 580 2332 primo
614 2247 654 2312 ad
683 2244 837 2312 Sabinum
868 2245 916 2332 (P.
939 2244 1052 2334 2867).
1082 2285 1119 2295 —
1152 2247 1187 2314 Si

174 2337 267 2421 glans
296 2358 333 2400 ex
362 2337 476 2402 arbore
505 2342 563 2400 tua
588 2337 621 2400 in
646 2357 752 2400 meum
774 2335 909 2400 fundum
933 2337 1027 2400 cudat
1050 2358 1186 2422 eamque

174 2447 233 2510 ego
257 2425 404 2491 immisso
428 2447 542 2510 pecore
566 2425 750 2508 depascam,
773 2425 885 2490 Aristo
905 2426 1017 2490 scribit
1035 2446 1101 2490 non
1121 2427 1187 2491 sibi

174 2536 337 2580 occurrere
370 2515 549 2600 legitimam
582 2516 756 2598 actionem,
789 2536 852 2598 qua
880 2512 1020 2598 experiri
1046 2515 1187 2603 possim3

172 2625 248 2670 nam
271 2626 375 2688 neque
400 2626 438 2668 ex
461 2605 532 2689 lege
556 2603 723 2669 duodecim
746 2604 930 2669 tabularum
955 2603 993 2668 do
1017 2607 1113 2688 pastu
1131 2627 1187 2689 pe·

173 2694 269 2777 coris,
300 2694 374 2777 quia
401 2714 468 2757 non
496 2693 530 2757 in
559 2696 617 2758 tuo
644 2693 803 2778 pascitur,
830 2713 932 2776 neque
965 2693 1003 2756 do
1030 2694 1186 2777 pauperie

172 2803 276 2867 neque
293 2783 357 2864 [de]
378 2781 487 2846 damni
507 2783 641 2847 iniuriae
661 2783 716 2869 agi
734 2803 839 2866 posse.
868 2782 915 2862 [in
935 2780 1056 2846 factum
1074 2781 1187 2866 itaque

173 2870 233 2934 erit
256 2871 438 2955 agendum]

172 2965 174 2969 ’
261 2964 405 3023 Extrema
428 2964 519 3024 verba
543 2964 673 3040 Ulpiani,
694 2983 756 3024 non
775 2964 924 3026 Aristonis
948 2964 1088 3025 videntur
1111 2984 1189 3027 esse.

394 3257 435 3340 t.
472 3262 744 3336 IAVOLENUS
771 3263 963 3338 PRISOUS

261 3409 309 3468 vel
345 3408 433 3485 pleno
465 3407 585 3468 nomine
619 3407 649 3468 C.
683 3400 797 3489 (potius
829 3400 878 3491 L.)
911 3407 1053 3470 Octavius
1086 3409 1189 3472 Titius

173 3495 335 3556 Tossianus
362 3495 520 3558 Iavolenus
548 3497 682 3576 Priscus,
714 3501 802 3558 natus
832 3500 901 3558 ante
930 3518 956 3557 a.
982 3501 1036 3574 60,
1070 3497 1188 3576 origine

125 3626 127 3634 ·
172 3587 300 3646 fortasse
323 3587 500 3648 Nedinensis
523 3578 693 3668 (Hirchfeld
718 3587 755 3647 ad
779 3579 1041 3669 0111112864),
1064 3587 1188 3665 legatus
