2590 3902
179 177 243 239 272
280 175 313 230 V.
333 174 482 230 NERVAE
502 175 548 228 ΕΤ
568 173 1158 229 TRA1ANITEMP.IURISCONSULTI

180 344 307 405 conubio
347 343 508 402 contractis
545 343 643 419 legem
678 341 806 418 rogandi
842 343 873 402 et
908 343 1055 401 rationem
1090 341 1189 418 potuit

180 433 292 493 hebere
316 435 346 491 et
369 431 585 490 auctoritatem.
623 433 756 491 ceterum
779 431 942 507 optandum
965 433 1019 508 est,
1042 432 1076 488 ut
1094 430 1126 488 in
1144 430 1188 490 ius

181 520 261 598 quod
289 522 327 580 ed
354 520 545 580 matrimonio
567 521 621 578 illc
644 522 743 578 aetate
766 520 797 577 in
819 520 942 595 imperio
965 519 1100 578 Romano
1124 537 1189 579 con-

177 610 325 670 trahenda
356 609 519 686 attinebat,
550 608 686 684 inprimis
719 609 756 666 de
787 607 977 668 matrimonio
1009 608 1088 683 quod
1116 607 1189 667 iuris

178 699 315 776 gentium
342 717 406 758 esse
434 697 549 772 dicunt,
578 696 750 774 diligentius
776 714 866 771 quem
889 695 985 756 adhuc
1006 696 1122 755 fuctum
1145 699 1190 756 est

177 787 353 864 inquiratur.
403 787 434 845 id
461 806 555 844 unum
582 804 700 858 moneo,
729 783 837 844 Gaium
868 785 900 844 in
929 785 966 844 iis
994 803 1069 860 queo
1100 787 1129 862 1,
1149 787 1188 846 78

178 875 215 934 de
242 877 328 951 parte
355 875 432 954 legis
454 875 591 934 Minioiee
620 891 805 950 supervacue
832 876 864 933 et
893 877 921 952 1,
937 876 988 935 84.
1003 875 1043 934 85
1073 873 1110 932 de
1135 866 1190 933 ‘re-

179 957 298 1022 stitutc'
335 963 409 1023 iuris
445 963 580 1039 gentium
613 963 719 1039 regule
750 961 806 1038 eit,
842 963 964 1040 regulus
996 961 1105 1039 quibus
1137 962 1190 1021 ille

178 1055 277 1113 aetate
308 1053 471 1114 utebantur
492 1052 579 1113 ‚falso
607 1051 668 1110 iem
697 1051 735 1110 ed
762 1050 893 1126 priorem
915 1053 1046 1111 aetatem
1069 1051 1190 1111 referre.

552 1227 593 1288 ΙΙ.
624 1228 817 1303 Responsa.

266 1353 420 1415 Minicium
438 1371 582 1429 response
600 1353 725 1412 dedisse·
736 1352 845 1412 diserte
863 1351 1008 1412 traditum
1027 1355 1080 1412 est.
1115 1373 1191 1430 qnae

179 1463 321 1521 response.
342 1461 409 1502 cum
428 1441 460 1501 in
478 1461 566 1518 opere
584 1442 621 1500 de
641 1460 700 1518 quo
719 1441 798 1500 infra
815 1439 976 1502 ridendum
994 1444 1048 1516 est,
1062 1441 1192 1502 edidisse

179 1534 331 1611 videatur,
364 1531 467 1590 eadem
498 1532 554 1590 hoo
583 1530 647 1589 loco
676 1548 840 1606 proponere
868 1529 1029 1606 supersedi.
1080 1530 1193 1591 sufficit

180 1623 286 1682 seriem
308 1637 519 1696 responsorum
541 1619 727 1680 indicavisse.

513 1771 563 1837 Dc
585 1771 693 1854 tepetis
717 1773 860 1838 tutonis,

273 1882 299 1945 1.
335 1879 373 1944 D.
388 1881 441 1962 33,
455 1880 485 1957 3,
503 1883 531 1942 1.
577 1877 722 1942 Iulianus
751 1879 834 1943 libro
862 1879 966 1962 primo
995 1901 1034 1943 ex
1059 1877 1192 1946 Minicio

181 1967 230 2057 (P.
245 1965 325 2054 845)
349 1991 377 2032 v.
395 1968 480 2031 infra
502 1988 532 2050 p.
547 1967 622 2031 276.

404 2107 454 2173 De
476 2110 664 2192 adquirendo
686 2129 791 2174 rerum
813 2110 957 2174 dominio.

270 2219 298 2282 2.
323 2216 362 2281 Ι).
383 2216 433 2298 14,
447 2217 477 2299 2,
491 2216 521 2281 8.
558 2215 704 2280 Iulianus
728 2215 811 2280 libro
835 2216 973 2281 secundo
998 2237 1037 2280 er
1059 2215 1194 2284 Minicio

182 2305 232 2392 (P.
246 2303 326 2393 857)
351 2329 377 2371 v.
397 2303 481 2369 infre
503 2327 532 2388 p.
546 2305 621 2369 278.

268 2396 297 2460 3.
322 2393 464 2478 D.41‚4,
476 2393 527 2459 10.
572 2391 661 2457 Idem
686 2389 919 2478 (sclulienus)
942 2393 1026 2460 libro
1051 2396 1193 2460 secundo

181 2484 221 2550 ad
244 2483 410 2550 Minicium
434 2479 484 2570 (P.
500 2479 579 2568 856)
603 2503 631 2546 v.
651 2480 736 2545 infra
758 2481 877 2564 ρ.·277.

455 2673 457 2680 <
551 2640 601 2707 De
618 2641 820 2708 servitutibus.
845 2719 849 2726 1
880 2682 885 2694 ν.

267 2751 296 2814 4.
321 2749 361 2815 D.
376 2750 405 2834 8,
415 2751 447 2828 3,
457 2749 509 2814 31.
554 2747 702 2814 Iulianus
725 2748 808 2813 libro
833 2748 972 2814 secundo
996 2771 1035 2813 ex
1057 2748 1194 2816 Minicio

181 2837 231 2923 (P.
245 2835 324 2924 852)
348 2861 377 2903 r.
395 2838 480 2902 infre
503 2860 532 2920 p.
547 2838 620 2902 279.

603 2977 652 3043 De
674 2999 765 3061 aqua.

269 3083 298 3148 5.
322 3083 361 3148 D
372 3084 424 3168 43,
433 3084 486 3166 20,
496 3084 526 3165 5,
539 3085 566 3149 1.
608 3082 699 3148 Idem
722 3081 780 3171 (sc.
795 3081 953 3172 Iulianus)
972 3085 1055 3151 libro
1075 3092 1194 3172 quarto

182 3193 221 3235 ex
243 3169 375 3236 Minicio
400 3170 450 3258 (P.
464 3170 544 3257 869)
568 3195 597 3237 v.
615 3171 702 3237 infre
725 3196 756 3258 p.
770 3173 845 3238 282.

509 3330 559 3396 De
580 3333 626 3396 rei
648 3333 860 3399 vindicatione.

270 3438 298 3503 6.
332 3437 369 3503 D.
391 3438 420 3523 6,
441 3441 469 3519 1,
488 3438 540 3504 61.
592 3438 736 3504 Iulianus
764 3438 847 3506 libro
876 3443 966 3505 sexto
995 3461 1033 3505 ex
1059 3438 1195 3507 Minicio

181 3522 230 3612 (P.
245 3526 323 3613 878)
346 3550 375 3594 v.
393 3526 479 3594 infra
502 3551 532 3612 p.
548 3528 621 3595 285.
