<?xml version="1.0" encoding="UTF-8"?>
<!DOCTYPE html PUBLIC "-//W3C//DTD XHTML 1.0 Transitional//EN"
    "http://www.w3.org/TR/xhtml1/DTD/xhtml1-transitional.dtd">
<html xmlns="http://www.w3.org/1999/xhtml" xml:lang="en" lang="en">
 <head>
  <title>
</title>
<meta http-equiv="Content-Type" content="text/html;charset=utf-8" />
  <meta name='ocr-system' content='tesseract 3.04.00' />
  <meta name='ocr-capabilities' content='ocr_page ocr_carea ocr_par ocr_line ocrx_word'/>
</head>
<body>
  <div class='ocr_page' id='page_1' title='image "./iurisprudentiae03bremgoog_0433.png"; bbox 0 0 2614 3912; ppageno 0'>
   <div class='ocr_carea' id='block_1_1' title="bbox 428 213 1139 279">
    <p class='ocr_par' dir='ltr' id='par_1_1' title="bbox 428 213 1139 279">
     <span class='ocr_line' id='line_1_1' title="bbox 428 213 1139 279; baseline 0.015 -10"><span class='ocrx_word' id='word_1_1' title='bbox 428 221 451 271; x_wconf 85' lang='lat'><strong>6.</strong></span> <span class='ocrx_word' id='word_1_2' title='bbox 475 213 683 270; x_wconf 76' lang='lat' dir='ltr'><strong>IAVOLENUS</strong></span> <span class='ocrx_word' id='word_1_3' title='bbox 702 213 849 270; x_wconf 78' lang='lat' dir='ltr'><strong>PRISCUS</strong></span> <span class='ocrx_word' id='word_1_4' title='bbox 1073 215 1139 279; x_wconf 81' lang='grc'><strong>403</strong></span> 
     </span>
    </p>
   </div>
   <div class='ocr_carea' id='block_1_2' title="bbox 132 383 1138 558">
    <p class='ocr_par' dir='ltr' id='par_1_2' title="bbox 132 383 1138 558">
     <span class='ocr_line' id='line_1_2' title="bbox 133 383 1138 460; baseline -0.001 -16"><span class='ocrx_word' id='word_1_5' title='bbox 133 385 303 444; x_wconf 89' lang='lat' dir='ltr'><strong>...eodem</strong></span> <span class='ocrx_word' id='word_1_6' title='bbox 324 401 448 443; x_wconf 91' lang='lat' dir='ltr'><strong>numero</strong></span> <span class='ocrx_word' id='word_1_7' title='bbox 472 385 518 443; x_wconf 86' lang='lat' dir='ltr'><strong>est</strong></span> <span class='ocrx_word' id='word_1_8' title='bbox 539 383 674 460; x_wconf 88' lang='lat' dir='ltr'><strong>pecunia,</strong></span> <span class='ocrx_word' id='word_1_9' title='bbox 698 403 788 459; x_wconf 86' lang='lat' dir='ltr'><strong>quam</strong></span> <span class='ocrx_word' id='word_1_10' title='bbox 811 384 877 460; x_wconf 90' lang='lat' dir='ltr'><strong>quis</strong></span> <span class='ocrx_word' id='word_1_11' title='bbox 900 384 932 442; x_wconf 90' lang='lat' dir='ltr'><strong>in</strong></span> <span class='ocrx_word' id='word_1_12' title='bbox 949 385 1005 445; x_wconf 94' lang='lat' dir='ltr'><strong>hoc</strong></span> <span class='ocrx_word' id='word_1_13' title='bbox 1024 383 1138 460; x_wconf 89' lang='lat' dir='ltr'><strong>accipit,</strong></span> 
     </span>
     <span class='ocr_line' id='line_1_3' title="bbox 132 471 1014 558; baseline -0.001 -25"><span class='ocrx_word' id='word_1_14' title='bbox 132 476 168 533; x_wconf 91' lang='lat' dir='ltr'><strong>ut</strong></span> <span class='ocrx_word' id='word_1_15' title='bbox 190 473 239 533; x_wconf 90' lang='lat' dir='ltr'><strong>vel</strong></span> <span class='ocrx_word' id='word_1_16' title='bbox 262 473 350 532; x_wconf 85' lang='lat' dir='ltr'><strong>adeat</strong></span> <span class='ocrx_word' id='word_1_17' title='bbox 371 471 570 532; x_wconf 72' lang='lat' dir='ltr'>hereditatem</span> <span class='ocrx_word' id='word_1_18' title='bbox 591 474 639 533; x_wconf 87' lang='lat' dir='ltr'><strong>vel</strong></span> <span class='ocrx_word' id='word_1_19' title='bbox 662 491 721 532; x_wconf 89' lang='lat' dir='ltr'><strong>non</strong></span> <span class='ocrx_word' id='word_1_20' title='bbox 743 472 833 532; x_wconf 89' lang='lat' dir='ltr'><strong>adeat</strong></span> <span class='ocrx_word' id='word_1_21' title='bbox 846 518 853 532; x_wconf 91' lang='lat'><strong>.</strong></span> <span class='ocrx_word' id='word_1_22' title='bbox 1006 543 1014 558; x_wconf 44' lang='lat'><strong>·</strong></span> 
     </span>
    </p>
   </div>
   <div class='ocr_carea' id='block_1_3' title="bbox 503 608 770 674">
    <p class='ocr_par' dir='ltr' id='par_1_3' title="bbox 503 608 770 674">
     <span class='ocr_line' id='line_1_4' title="bbox 503 608 770 674; baseline -0.004 0"><span class='ocrx_word' id='word_1_23' title='bbox 503 608 552 674; x_wconf 88' lang='lat' dir='ltr'><strong>Dc</strong></span> <span class='ocrx_word' id='word_1_24' title='bbox 569 613 652 674; x_wconf 80' lang='lat' dir='ltr'><strong>stuta</strong></span> <span class='ocrx_word' id='word_1_25' title='bbox 670 609 770 674; x_wconf 73' lang='lat' dir='ltr'><strong>labero.</strong></span> 
     </span>
    </p>
   </div>
   <div class='ocr_carea' id='block_1_4' title="bbox 81 712 1140 1153">
    <p class='ocr_par' dir='ltr' id='par_1_4' title="bbox 81 712 1140 1153">
     <span class='ocr_line' id='line_1_5' title="bbox 222 712 1138 802; baseline -0.001 -20"><span class='ocrx_word' id='word_1_26' title='bbox 222 715 266 782; x_wconf 82' lang='lat'><strong>3?</strong></span> <span class='ocrx_word' id='word_1_27' title='bbox 294 715 332 782; x_wconf 89' lang='lat' dir='ltr'><strong>D.</strong></span> <span class='ocrx_word' id='word_1_28' title='bbox 347 715 398 798; x_wconf 80' lang='lat'><strong>35,</strong></span> <span class='ocrx_word' id='word_1_29' title='bbox 414 715 443 799; x_wconf 99' lang='grc'><strong>1,</strong></span> <span class='ocrx_word' id='word_1_30' title='bbox 459 717 531 801; x_wconf 92' lang='grc'><strong>112,</strong></span> <span class='ocrx_word' id='word_1_31' title='bbox 549 717 578 781; x_wconf 88' lang='lat'><strong>3.</strong></span> <span class='ocrx_word' id='word_1_32' title='bbox 624 713 713 779; x_wconf 90' lang='lat' dir='ltr'>Idem</span> <span class='ocrx_word' id='word_1_33' title='bbox 741 712 797 799; x_wconf 86' lang='lat' dir='ltr'><strong>(so.</strong></span> <span class='ocrx_word' id='word_1_34' title='bbox 821 713 1032 802; x_wconf 85' lang='lat' dir='ltr'>Pomponius)</span> <span class='ocrx_word' id='word_1_35' title='bbox 1054 716 1138 781; x_wconf 90' lang='lat' dir='ltr'><strong>libro</strong></span> 
     </span>
     <span class='ocr_line' id='line_1_6' title="bbox 81 803 1138 888; baseline -0.001 -19"><span class='ocrx_word' id='word_1_36' title='bbox 81 827 93 839; x_wconf 83' lang='lat'><strong>·</strong></span> <span class='ocrx_word' id='word_1_37' title='bbox 134 804 321 870; x_wconf 86' lang='lat' dir='ltr'><strong>duodecimo</strong></span> <span class='ocrx_word' id='word_1_38' title='bbox 349 804 582 888; x_wconf 77' lang='lat' dir='ltr'><strong>Epistularum.</strong></span> <span class='ocrx_word' id='word_1_39' title='bbox 612 840 650 850; x_wconf 90' lang='lat'><strong>·-</strong></span> <span class='ocrx_word' id='word_1_40' title='bbox 679 803 808 868; x_wconf 82' lang='lat' dir='ltr'><strong>Priscus</strong></span> <span class='ocrx_word' id='word_1_41' title='bbox 840 805 1006 888; x_wconf 88' lang='lat' dir='ltr'><strong>respondit</strong></span> <span class='ocrx_word' id='word_1_42' title='bbox 1038 807 1138 869; x_wconf 88' lang='lat' dir='ltr'><strong>stat·</strong></span> 
     </span>
     <span class='ocr_line' id='line_1_7' title="bbox 133 890 1140 978; baseline 0.001 -21"><span class='ocrx_word' id='word_1_43' title='bbox 133 893 270 959; x_wconf 89' lang='lat' dir='ltr'><strong>liberum</strong></span> <span class='ocrx_word' id='word_1_44' title='bbox 293 915 359 958; x_wconf 92' lang='lat' dir='ltr'><strong>non</strong></span> <span class='ocrx_word' id='word_1_45' title='bbox 382 893 493 978; x_wconf 91' lang='lat' dir='ltr'><strong>utique</strong></span> <span class='ocrx_word' id='word_1_46' title='bbox 516 892 563 958; x_wconf 91' lang='lat' dir='ltr'><strong>ibi</strong></span> <span class='ocrx_word' id='word_1_47' title='bbox 586 892 641 956; x_wconf 90' lang='lat' dir='ltr'><strong>ubi</strong></span> <span class='ocrx_word' id='word_1_48' title='bbox 660 893 909 976; x_wconf 84' lang='lat' dir='ltr'><strong>paterfamilias</strong></span> <span class='ocrx_word' id='word_1_49' title='bbox 929 890 1065 957; x_wconf 82' lang='lat' dir='ltr'><strong>decessit</strong></span> <span class='ocrx_word' id='word_1_50' title='bbox 1084 898 1140 958; x_wconf 86' lang='lat' dir='ltr'><strong>sut</strong></span> 
     </span>
     <span class='ocr_line' id='line_1_8' title="bbox 132 980 1139 1066; baseline -0.001 -19"><span class='ocrx_word' id='word_1_51' title='bbox 132 983 188 1048; x_wconf 91' lang='lat' dir='ltr'><strong>ubi</strong></span> <span class='ocrx_word' id='word_1_52' title='bbox 217 983 288 1066; x_wconf 90' lang='lat' dir='ltr'><strong>ipse</strong></span> <span class='ocrx_word' id='word_1_53' title='bbox 320 983 450 1046; x_wconf 89' lang='lat' dir='ltr'><strong>relictus</strong></span> <span class='ocrx_word' id='word_1_54' title='bbox 482 982 525 1046; x_wconf 88' lang='grc'><strong>111</strong></span> <span class='ocrx_word' id='word_1_55' title='bbox 552 984 609 1046; x_wconf 86' lang='grc'><strong>111</strong></span> <span class='ocrx_word' id='word_1_56' title='bbox 634 981 690 1045; x_wconf 84' lang='grc'><strong>111</strong></span> <span class='ocrx_word' id='word_1_57' title='bbox 718 980 808 1066; x_wconf 86' lang='lat' dir='ltr'><strong>velit,</strong></span> <span class='ocrx_word' id='word_1_58' title='bbox 840 982 980 1046; x_wconf 88' lang='lat' dir='ltr'><strong>rationes</strong></span> <span class='ocrx_word' id='word_1_59' title='bbox 1008 980 1139 1046; x_wconf 86' lang='lat' dir='ltr'><strong>reddere</strong></span> 
     </span>
     <span class='ocr_line' id='line_1_9' title="bbox 133 1069 1139 1153; baseline -0.001 -17"><span class='ocrx_word' id='word_1_60' title='bbox 133 1071 248 1136; x_wconf 86' lang='lat' dir='ltr'><strong>debere</strong></span> <span class='ocrx_word' id='word_1_61' title='bbox 284 1071 354 1153; x_wconf 87' lang='lat' dir='ltr'><strong>[sed</strong></span> <span class='ocrx_word' id='word_1_62' title='bbox 385 1070 515 1136; x_wconf 89' lang='lat' dir='ltr'><strong>interim</strong></span> <span class='ocrx_word' id='word_1_63' title='bbox 546 1070 708 1153; x_wconf 89' lang='lat' dir='ltr'><strong>proficisci</strong></span> <span class='ocrx_word' id='word_1_64' title='bbox 739 1070 780 1135; x_wconf 90' lang='lat' dir='ltr'><strong>ad</strong></span> <span class='ocrx_word' id='word_1_65' title='bbox 808 1091 893 1151; x_wconf 90' lang='lat' dir='ltr'><strong>eum,</strong></span> <span class='ocrx_word' id='word_1_66' title='bbox 925 1069 977 1135; x_wconf 93' lang='lat' dir='ltr'><strong>cui</strong></span> <span class='ocrx_word' id='word_1_67' title='bbox 1009 1070 1139 1135; x_wconf 85' lang='lat' dir='ltr'>reddere</span> 
     </span>
    </p>
   </div>
   <div class='ocr_carea' id='block_1_5' title="bbox 5 1159 1007 1246">
    <p class='ocr_par' dir='ltr' id='par_1_5' title="bbox 5 1159 1007 1246">
     <span class='ocr_line' id='line_1_10' title="bbox 5 1159 1007 1246; baseline -0.002 -21"><span class='ocrx_word' id='word_1_68' title='bbox 5 1185 6 1188; x_wconf 44' lang='lat'>¹</span> <span class='ocrx_word' id='word_1_69' title='bbox 133 1160 263 1242; x_wconf 86' lang='lat' dir='ltr'><strong>debeat,</strong></span> <span class='ocrx_word' id='word_1_70' title='bbox 286 1159 395 1246; x_wconf 90' lang='lat' dir='ltr'><strong>utique</strong></span> <span class='ocrx_word' id='word_1_71' title='bbox 419 1159 447 1224; x_wconf 88' lang='lat' dir='ltr'><strong>si</strong></span> <span class='ocrx_word' id='word_1_72' title='bbox 470 1160 498 1223; x_wconf 93' lang='lat' dir='ltr'><strong>is</strong></span> <span class='ocrx_word' id='word_1_73' title='bbox 521 1159 737 1242; x_wconf 86' lang='lat' dir='ltr'><strong>reipublicae</strong></span> <span class='ocrx_word' id='word_1_74' title='bbox 760 1180 857 1223; x_wconf 89' lang='lat' dir='ltr'><strong>causa</strong></span> <span class='ocrx_word' id='word_1_75' title='bbox 880 1159 1007 1240; x_wconf 88' lang='lat' dir='ltr'><strong>aberit].</strong></span> 
     </span>
    </p>
   </div>
   <div class='ocr_carea' id='block_1_6' title="bbox 223 1252 1140 1316">
    <p class='ocr_par' dir='ltr' id='par_1_6' title="bbox 223 1252 1140 1316">
     <span class='ocr_line' id='line_1_11' title="bbox 223 1252 1140 1316; baseline 0.004 -4"><span class='ocrx_word' id='word_1_76' title='bbox 223 1255 400 1313; x_wconf 79' lang='lat' dir='ltr'><strong>Extremum</strong></span> <span class='ocrx_word' id='word_1_77' title='bbox 418 1272 533 1313; x_wconf 86' lang='lat' dir='ltr'><strong>comma</strong></span> <span class='ocrx_word' id='word_1_78' title='bbox 547 1252 721 1312; x_wconf 81' lang='lat' dir='ltr'><strong>Tritoniani</strong></span> <span class='ocrx_word' id='word_1_79' title='bbox 737 1270 801 1314; x_wconf 90' lang='lat' dir='ltr'><strong>esse</strong></span> <span class='ocrx_word' id='word_1_80' title='bbox 816 1252 938 1313; x_wconf 90' lang='lat' dir='ltr'><strong>Pernice</strong></span> <span class='ocrx_word' id='word_1_81' title='bbox 952 1252 1016 1312; x_wconf 91' lang='lat' dir='ltr'><strong>iure</strong></span> <span class='ocrx_word' id='word_1_82' title='bbox 1031 1254 1140 1316; x_wconf 90' lang='lat' dir='ltr'><strong>censet.</strong></span> 
     </span>
    </p>
   </div>
   <div class='ocr_carea' id='block_1_7' title="bbox 538 1389 735 1472">
    <p class='ocr_par' dir='ltr' id='par_1_7' title="bbox 538 1389 735 1472">
     <span class='ocr_line' id='line_1_12' title="bbox 538 1389 735 1472; baseline 0.005 -18"><span class='ocrx_word' id='word_1_83' title='bbox 538 1389 588 1454; x_wconf 88' lang='lat' dir='ltr'><strong>De</strong></span> <span class='ocrx_word' id='word_1_84' title='bbox 609 1390 735 1472; x_wconf 75' lang='lat' dir='ltr'><strong>carptiis.</strong></span> 
     </span>
    </p>
   </div>
   <div class='ocr_carea' id='block_1_8' title="bbox 132 1503 1141 1946">
    <p class='ocr_par' dir='ltr' id='par_1_8' title="bbox 132 1503 1141 1946">
     <span class='ocr_line' id='line_1_13' title="bbox 221 1503 1140 1590; baseline 0.001 -23"><span class='ocrx_word' id='word_1_85' title='bbox 221 1506 252 1570; x_wconf 87' lang='lat'><strong>4.</strong></span> <span class='ocrx_word' id='word_1_86' title='bbox 284 1503 322 1569; x_wconf 90' lang='grc' dir='ltr'><strong>Ι).</strong></span> <span class='ocrx_word' id='word_1_87' title='bbox 342 1506 394 1590; x_wconf 84' lang='grc'>23,</span> <span class='ocrx_word' id='word_1_88' title='bbox 415 1506 445 1588; x_wconf 91' lang='grc'>2,</span> <span class='ocrx_word' id='word_1_89' title='bbox 463 1505 515 1570; x_wconf 89' lang='grc'><strong>46.</strong></span> <span class='ocrx_word' id='word_1_90' title='bbox 570 1503 669 1569; x_wconf 81' lang='lat' dir='ltr'><strong>Gaius</strong></span> <span class='ocrx_word' id='word_1_91' title='bbox 701 1505 785 1570; x_wconf 90' lang='lat' dir='ltr'><strong>libro</strong></span> <span class='ocrx_word' id='word_1_92' title='bbox 818 1507 933 1571; x_wconf 87' lang='lat' dir='ltr'><strong>octavo</strong></span> <span class='ocrx_word' id='word_1_93' title='bbox 966 1505 1006 1570; x_wconf 87' lang='lat' dir='ltr'><strong>ad</strong></span> <span class='ocrx_word' id='word_1_94' title='bbox 1037 1505 1140 1590; x_wconf 81' lang='lat' dir='ltr'><strong>legem</strong></span> 
     </span>
     <span class='ocr_line' id='line_1_14' title="bbox 133 1590 1141 1681; baseline 0 -23"><span class='ocrx_word' id='word_1_95' title='bbox 133 1593 250 1658; x_wconf 88' lang='lat' dir='ltr'><strong>Iuliam</strong></span> <span class='ocrx_word' id='word_1_96' title='bbox 280 1598 314 1658; x_wconf 88' lang='lat' dir='ltr'><strong>et</strong></span> <span class='ocrx_word' id='word_1_97' title='bbox 335 1593 470 1676; x_wconf 89' lang='lat' dir='ltr'><strong>Papiam</strong></span> <span class='ocrx_word' id='word_1_98' title='bbox 494 1591 542 1681; x_wconf 79' lang='lat' dir='ltr'><strong>(P.</strong></span> <span class='ocrx_word' id='word_1_99' title='bbox 561 1590 651 1680; x_wconf 85' lang='grc'><strong>456).</strong></span> <span class='ocrx_word' id='word_1_100' title='bbox 678 1631 716 1642; x_wconf 89' lang='grc'>-</span> <span class='ocrx_word' id='word_1_101' title='bbox 740 1592 825 1657; x_wconf 91' lang='lat' dir='ltr'><strong>Illud</strong></span> <span class='ocrx_word' id='word_1_102' title='bbox 848 1591 1059 1659; x_wconf 87' lang='lat' dir='ltr'><strong>dubitationis</strong></span> <span class='ocrx_word' id='word_1_103' title='bbox 1083 1597 1141 1676; x_wconf 86' lang='lat' dir='ltr'><strong>est,</strong></span> 
     </span>
     <span class='ocr_line' id='line_1_15' title="bbox 133 1681 1141 1766; baseline 0.001 -19"><span class='ocrx_word' id='word_1_104' title='bbox 133 1704 176 1747; x_wconf 85' lang='lat' dir='ltr'><strong>an</strong></span> <span class='ocrx_word' id='word_1_105' title='bbox 199 1685 232 1748; x_wconf 90' lang='lat' dir='ltr'><strong>et</strong></span> <span class='ocrx_word' id='word_1_106' title='bbox 255 1683 310 1766; x_wconf 89' lang='lat' dir='ltr'><strong>qui</strong></span> <span class='ocrx_word' id='word_1_107' title='bbox 333 1703 535 1747; x_wconf 89' lang='lat' dir='ltr'><strong>communem</strong></span> <span class='ocrx_word' id='word_1_108' title='bbox 553 1682 703 1747; x_wconf 88' lang='lat' dir='ltr'><strong>libertam</strong></span> <span class='ocrx_word' id='word_1_109' title='bbox 722 1703 853 1747; x_wconf 88' lang='lat' dir='ltr'><strong>uxorem</strong></span> <span class='ocrx_word' id='word_1_110' title='bbox 873 1681 1001 1748; x_wconf 86' lang='lat' dir='ltr'><strong>duxerit</strong></span> <span class='ocrx_word' id='word_1_111' title='bbox 1020 1681 1060 1748; x_wconf 88' lang='lat' dir='ltr'><strong>ad</strong></span> <span class='ocrx_word' id='word_1_112' title='bbox 1079 1681 1141 1748; x_wconf 89' lang='lat' dir='ltr'><strong>hoc</strong></span> 
     </span>
     <span class='ocr_line' id='line_1_16' title="bbox 132 1769 1140 1856; baseline 0.001 -22"><span class='ocrx_word' id='word_1_113' title='bbox 132 1771 183 1836; x_wconf 91' lang='lat' dir='ltr'><strong>ius</strong></span> <span class='ocrx_word' id='word_1_114' title='bbox 211 1771 403 1836; x_wconf 85' lang='lat' dir='ltr'><strong>admittetur</strong></span> <span class='ocrx_word' id='word_1_115' title='bbox 431 1770 488 1856; x_wconf 88' lang='lat' dir='ltr'><strong>(sc.</strong></span> <span class='ocrx_word' id='word_1_116' title='bbox 508 1769 605 1856; x_wconf 86' lang='lat' dir='ltr'><strong>‘quod</strong></span> <span class='ocrx_word' id='word_1_117' title='bbox 634 1771 726 1854; x_wconf 88' lang='lat' dir='ltr'><strong>dicit,</strong></span> <span class='ocrx_word' id='word_1_118' title='bbox 753 1771 856 1836; x_wconf 82' lang='lat' dir='ltr'><strong>invito</strong></span> <span class='ocrx_word' id='word_1_119' title='bbox 883 1775 1020 1855; x_wconf 85' lang='lat' dir='ltr'><strong>patrono</strong></span> <span class='ocrx_word' id='word_1_120' title='bbox 1044 1772 1140 1836; x_wconf 88' lang='lat' dir='ltr'><strong>liber-</strong></span> 
     </span>
     <span class='ocr_line' id='line_1_17' title="bbox 133 1859 1141 1946; baseline 0 -21"><span class='ocrx_word' id='word_1_121' title='bbox 133 1863 210 1944; x_wconf 88' lang='lat' dir='ltr'><strong>tam,</strong></span> <span class='ocrx_word' id='word_1_122' title='bbox 234 1881 315 1946; x_wconf 86' lang='lat' dir='ltr'><strong>quae</strong></span> <span class='ocrx_word' id='word_1_123' title='bbox 334 1861 364 1925; x_wconf 94' lang='lat' dir='ltr'><strong>ei</strong></span> <span class='ocrx_word' id='word_1_124' title='bbox 381 1863 484 1944; x_wconf 88' lang='lat' dir='ltr'><strong>nupta</strong></span> <span class='ocrx_word' id='word_1_125' title='bbox 503 1862 561 1945; x_wconf 84' lang='lat' dir='ltr'><strong>est,</strong></span> <span class='ocrx_word' id='word_1_126' title='bbox 582 1859 639 1924; x_wconf 95' lang='lat' dir='ltr'><strong>alii</strong></span> <span class='ocrx_word' id='word_1_127' title='bbox 657 1859 776 1925; x_wconf 90' lang='lat' dir='ltr'><strong>nubere</strong></span> <span class='ocrx_word' id='word_1_128' title='bbox 794 1881 860 1925; x_wconf 93' lang='lat' dir='ltr'><strong>non</strong></span> <span class='ocrx_word' id='word_1_129' title='bbox 879 1859 1010 1946; x_wconf 85' lang='lat' dir='ltr'><strong>posse&#39;).</strong></span> <span class='ocrx_word' id='word_1_130' title='bbox 1050 1860 1141 1925; x_wconf 86' lang='lat' dir='ltr'><strong>Iavo-</strong></span> 
     </span>
    </p>
   </div>
   <div class='ocr_carea' id='block_1_9' title="bbox 133 1948 1141 2123">
    <p class='ocr_par' dir='ltr' id='par_1_9' title="bbox 133 1948 1141 2123">
     <span class='ocr_line' id='line_1_18' title="bbox 133 1948 1141 2050; baseline 0.002 -38"><span class='ocrx_word' id='word_1_131' title='bbox 133 1949 224 2013; x_wconf 90' lang='lat' dir='ltr'><strong>lenus</strong></span> <span class='ocrx_word' id='word_1_132' title='bbox 251 1949 395 2050; x_wconf 79' lang='lat' dir='ltr'><strong>negavit,</strong></span> <span class='ocrx_word' id='word_1_133' title='bbox 422 1948 499 2050; x_wconf 81' lang='lat' dir='ltr'><strong>quia</strong></span> <span class='ocrx_word' id='word_1_134' title='bbox 525 1970 589 2050; x_wconf 82' lang='lat' dir='ltr'><strong>non</strong></span> <span class='ocrx_word' id='word_1_135' title='bbox 616 1950 746 2033; x_wconf 88' lang='lat' dir='ltr'><strong>proprie</strong></span> <span class='ocrx_word' id='word_1_136' title='bbox 773 1949 900 2014; x_wconf 81' lang='lat' dir='ltr'><strong>videtur</strong></span> <span class='ocrx_word' id='word_1_137' title='bbox 923 1950 991 2050; x_wconf 70' lang='lat' dir='ltr'><strong>eiup</strong></span> <span class='ocrx_word' id='word_1_138' title='bbox 1014 1949 1141 2034; x_wconf 86' lang='lat' dir='ltr'><strong>liberta,</strong></span> 
     </span>
     <span class='ocr_line' id='line_1_19' title="bbox 134 2037 567 2123; baseline 0 -21"><span class='ocrx_word' id='word_1_139' title='bbox 134 2059 215 2123; x_wconf 89' lang='lat' dir='ltr'><strong>quae</strong></span> <span class='ocrx_word' id='word_1_140' title='bbox 238 2043 337 2102; x_wconf 84' lang='lat' dir='ltr'><strong>stram</strong></span> <span class='ocrx_word' id='word_1_141' title='bbox 361 2037 492 2103; x_wconf 79' lang='lat' dir='ltr'><strong>altanus</strong></span> <span class='ocrx_word' id='word_1_142' title='bbox 516 2040 567 2102; x_wconf 76' lang='lat' dir='ltr'><strong>sit.</strong></span> 
     </span>
    </p>
   </div>
   <div class='ocr_carea' id='block_1_10' title="bbox 240 2219 1034 2296">
    <p class='ocr_par' dir='ltr' id='par_1_10' title="bbox 240 2219 1034 2296">
     <span class='ocr_line' id='line_1_20' title="bbox 240 2219 1034 2296; baseline 0.005 -19"><span class='ocrx_word' id='word_1_143' title='bbox 240 2219 294 2280; x_wconf 93' lang='grc' dir='ltr'><strong>ΠΙ.</strong></span> <span class='ocrx_word' id='word_1_144' title='bbox 324 2221 373 2279; x_wconf 80' lang='lat' dir='ltr'><strong>Ex</strong></span> <span class='ocrx_word' id='word_1_145' title='bbox 396 2219 665 2296; x_wconf 77' lang='lat' dir='ltr'><strong>posterioribus</strong></span> <span class='ocrx_word' id='word_1_146' title='bbox 689 2219 866 2280; x_wconf 86' lang='lat' dir='ltr'><strong>Labeonis</strong></span> <span class='ocrx_word' id='word_1_147' title='bbox 889 2221 976 2281; x_wconf 91' lang='lat' dir='ltr'><strong>libri</strong></span> <span class='ocrx_word' id='word_1_148' title='bbox 999 2221 1034 2281; x_wconf 91' lang='lat' dir='ltr'><strong>X.</strong></span> 
     </span>
    </p>
   </div>
   <div class='ocr_carea' id='block_1_11' title="bbox 131 2333 1141 3728">
    <p class='ocr_par' dir='ltr' id='par_1_11' title="bbox 132 2333 1140 2855">
     <span class='ocr_line' id='line_1_21' title="bbox 223 2333 1140 2413; baseline 0.002 -21"><span class='ocrx_word' id='word_1_149' title='bbox 223 2333 332 2413; x_wconf 87' lang='lat' dir='ltr'><strong>Unam,</strong></span> <span class='ocrx_word' id='word_1_150' title='bbox 359 2354 419 2395; x_wconf 88' lang='lat' dir='ltr'><strong>non</strong></span> <span class='ocrx_word' id='word_1_151' title='bbox 446 2335 520 2396; x_wconf 88' lang='lat' dir='ltr'><strong>duas</strong></span> <span class='ocrx_word' id='word_1_152' title='bbox 549 2335 695 2412; x_wconf 90' lang='lat' dir='ltr'><strong>epitomas</strong></span> <span class='ocrx_word' id='word_1_153' title='bbox 723 2353 742 2393; x_wconf 88' lang='lat' dir='ltr'><strong>a</strong></span> <span class='ocrx_word' id='word_1_154' title='bbox 767 2334 907 2396; x_wconf 71' lang='lat' dir='ltr'><strong>Iauoleno</strong></span> <span class='ocrx_word' id='word_1_155' title='bbox 935 2355 971 2395; x_wconf 87' lang='lat' dir='ltr'><strong>ex</strong></span> <span class='ocrx_word' id='word_1_156' title='bbox 993 2337 1140 2396; x_wconf 86' lang='lat' dir='ltr'><strong>Labeonis</strong></span> 
     </span>
     <span class='ocr_line' id='line_1_22' title="bbox 133 2419 1137 2506; baseline 0.002 -24"><span class='ocrx_word' id='word_1_157' title='bbox 133 2421 220 2482; x_wconf 89' lang='lat' dir='ltr'><strong>libris</strong></span> <span class='ocrx_word' id='word_1_158' title='bbox 251 2422 344 2484; x_wconf 89' lang='lat' dir='ltr'><strong>factas</strong></span> <span class='ocrx_word' id='word_1_159' title='bbox 378 2442 442 2483; x_wconf 92' lang='lat' dir='ltr'><strong>esse</strong></span> <span class='ocrx_word' id='word_1_160' title='bbox 474 2424 506 2482; x_wconf 92' lang='lat' dir='ltr'><strong>in</strong></span> <span class='ocrx_word' id='word_1_161' title='bbox 532 2424 671 2484; x_wconf 87' lang='lat' dir='ltr'><strong>Labeone</strong></span> <span class='ocrx_word' id='word_1_162' title='bbox 697 2423 853 2484; x_wconf 87' lang='lat' dir='ltr'><strong>tractando</strong></span> <span class='ocrx_word' id='word_1_163' title='bbox 886 2425 1009 2500; x_wconf 85' lang='lat' dir='ltr'><strong>exposui</strong></span> <span class='ocrx_word' id='word_1_164' title='bbox 1041 2419 1137 2506; x_wconf 76' lang='lat' dir='ltr'><strong>(lLl</strong></span> 
     </span>
     <span class='ocr_line' id='line_1_23' title="bbox 132 2507 1140 2593; baseline 0 -22"><span class='ocrx_word' id='word_1_165' title='bbox 132 2531 161 2587; x_wconf 91' lang='lat' dir='ltr'><strong>p.</strong></span> <span class='ocrx_word' id='word_1_166' title='bbox 178 2512 241 2571; x_wconf 85' lang='lat'><strong>164</strong></span> <span class='ocrx_word' id='word_1_167' title='bbox 250 2507 336 2593; x_wconf 81' lang='lat' dir='ltr'><strong>sqq.),</strong></span> <span class='ocrx_word' id='word_1_168' title='bbox 355 2531 446 2589; x_wconf 90' lang='lat' dir='ltr'><strong>quam</strong></span> <span class='ocrx_word' id='word_1_169' title='bbox 464 2513 564 2572; x_wconf 91' lang='lat' dir='ltr'><strong>decem</strong></span> <span class='ocrx_word' id='word_1_170' title='bbox 582 2513 727 2572; x_wconf 87' lang='lat' dir='ltr'><strong>librorum</strong></span> <span class='ocrx_word' id='word_1_171' title='bbox 745 2512 838 2572; x_wconf 76' lang='lat' dir='ltr'><strong>brisso</strong></span> <span class='ocrx_word' id='word_1_172' title='bbox 856 2515 888 2571; x_wconf 90' lang='lat' dir='ltr'><strong>et</strong></span> <span class='ocrx_word' id='word_1_173' title='bbox 905 2512 1002 2572; x_wconf 89' lang='lat' dir='ltr'><strong>indice</strong></span> <span class='ocrx_word' id='word_1_174' title='bbox 1019 2512 1140 2572; x_wconf 80' lang='lat' dir='ltr'><strong>Floren-</strong></span> 
     </span>
     <span class='ocr_line' id='line_1_24' title="bbox 132 2600 1139 2679; baseline -0.001 -19"><span class='ocrx_word' id='word_1_175' title='bbox 132 2600 197 2660; x_wconf 87' lang='lat' dir='ltr'><strong>tino</strong></span> <span class='ocrx_word' id='word_1_176' title='bbox 220 2600 251 2660; x_wconf 92' lang='lat' dir='ltr'><strong>id</strong></span> <span class='ocrx_word' id='word_1_177' title='bbox 275 2620 349 2677; x_wconf 86' lang='lat' dir='ltr'><strong>opus</strong></span> <span class='ocrx_word' id='word_1_178' title='bbox 372 2601 448 2661; x_wconf 85' lang='lat' dir='ltr'><strong>falso</strong></span> <span class='ocrx_word' id='word_1_179' title='bbox 470 2619 530 2661; x_wconf 88' lang='lat' dir='ltr'><strong>non</strong></span> <span class='ocrx_word' id='word_1_180' title='bbox 553 2600 703 2679; x_wconf 78' lang='lat' dir='ltr'><strong>Iauoleno,</strong></span> <span class='ocrx_word' id='word_1_181' title='bbox 727 2601 779 2659; x_wconf 90' lang='lat' dir='ltr'><strong>sed</strong></span> <span class='ocrx_word' id='word_1_182' title='bbox 798 2600 931 2660; x_wconf 89' lang='lat' dir='ltr'><strong>Labeoni</strong></span> <span class='ocrx_word' id='word_1_183' title='bbox 954 2600 1139 2660; x_wconf 87' lang='lat' dir='ltr'><strong>adscribente</strong></span> 
     </span>
     <span class='ocr_line' id='line_1_25' title="bbox 134 2681 1140 2770; baseline -0.002 -21"><span class='ocrx_word' id='word_1_184' title='bbox 134 2683 323 2770; x_wconf 58' lang='grc' dir='ltr'><strong><em>(Λαβεῶνος</em></strong></span> <span class='ocrx_word' id='word_1_185' title='bbox 353 2690 552 2766; x_wconf 81' lang='lat' dir='ltr'><strong>posteriorum</strong></span> <span class='ocrx_word' id='word_1_186' title='bbox 584 2687 683 2768; x_wconf 82' lang='grc' dir='ltr'><strong><em>βιβλία</em></strong></span> <span class='ocrx_word' id='word_1_187' title='bbox 715 2681 810 2768; x_wconf 78' lang='lat' dir='ltr'><strong>de&#39;ac’)</strong></span> <span class='ocrx_word' id='word_1_188' title='bbox 842 2689 975 2748; x_wconf 87' lang='lat' dir='ltr'><strong>traditur</strong></span> <span class='ocrx_word' id='word_1_189' title='bbox 1004 2692 1035 2748; x_wconf 90' lang='lat' dir='ltr'><strong>et</strong></span> <span class='ocrx_word' id='word_1_190' title='bbox 1060 2689 1140 2766; x_wconf 85' lang='lat' dir='ltr'><strong>frag·</strong></span> 
     </span>
     <span class='ocr_line' id='line_1_26' title="bbox 133 2776 1025 2855; baseline 0 -18"><span class='ocrx_word' id='word_1_191' title='bbox 133 2779 241 2838; x_wconf 87' lang='lat' dir='ltr'><strong>mentis</strong></span> <span class='ocrx_word' id='word_1_192' title='bbox 263 2780 295 2837; x_wconf 93' lang='lat' dir='ltr'><strong>in</strong></span> <span class='ocrx_word' id='word_1_193' title='bbox 318 2776 483 2838; x_wconf 88' lang='lat' dir='ltr'><strong>Iustiniani·</strong></span> <span class='ocrx_word' id='word_1_194' title='bbox 501 2777 632 2855; x_wconf 84' lang='lat' dir='ltr'><strong>Digestis</strong></span> <span class='ocrx_word' id='word_1_195' title='bbox 656 2777 782 2838; x_wconf 84' lang='lat' dir='ltr'><strong>serratis</strong></span> <span class='ocrx_word' id='word_1_196' title='bbox 805 2778 1025 2854; x_wconf 88' lang='lat' dir='ltr'><strong>comprobatur.</strong></span> 
     </span>
    </p>

    <p class='ocr_par' dir='ltr' id='par_1_12' title="bbox 131 2867 1141 3476">
     <span class='ocr_line' id='line_1_27' title="bbox 222 2867 1140 2943; baseline 0 -17"><span class='ocrx_word' id='word_1_197' title='bbox 222 2867 318 2927; x_wconf 87' lang='lat' dir='ltr'><strong>Notae</strong></span> <span class='ocrx_word' id='word_1_198' title='bbox 341 2867 516 2929; x_wconf 87' lang='lat' dir='ltr'><strong>alavoleno</strong></span> <span class='ocrx_word' id='word_1_199' title='bbox 540 2867 659 2926; x_wconf 87' lang='lat' dir='ltr'><strong>additae</strong></span> <span class='ocrx_word' id='word_1_200' title='bbox 678 2867 851 2943; x_wconf 89' lang='lat' dir='ltr'><strong>plerumque</strong></span> <span class='ocrx_word' id='word_1_201' title='bbox 870 2867 957 2926; x_wconf 85' lang='lat' dir='ltr'><strong>facile</strong></span> <span class='ocrx_word' id='word_1_202' title='bbox 975 2883 1140 2943; x_wconf 80' lang='lat' dir='ltr'><strong>agnoscun-</strong></span> 
     </span>
     <span class='ocr_line' id='line_1_28' title="bbox 132 2955 1141 3033; baseline 0.002 -19"><span class='ocrx_word' id='word_1_203' title='bbox 132 2958 195 3033; x_wconf 84' lang='lat' dir='ltr'><strong>tur;</strong></span> <span class='ocrx_word' id='word_1_204' title='bbox 219 2955 329 3016; x_wconf 88' lang='lat' dir='ltr'><strong>adiecit</strong></span> <span class='ocrx_word' id='word_1_205' title='bbox 351 2959 507 3032; x_wconf 88' lang='lat' dir='ltr'><strong>praeterea</strong></span> <span class='ocrx_word' id='word_1_206' title='bbox 524 2955 802 3018; x_wconf 85' lang='lat' dir='ltr'><strong>iurisconsultorum</strong></span> <span class='ocrx_word' id='word_1_207' title='bbox 820 2956 872 3031; x_wconf 89' lang='lat' dir='ltr'><strong>qui</strong></span> <span class='ocrx_word' id='word_1_208' title='bbox 889 2959 958 3032; x_wconf 89' lang='lat' dir='ltr'><strong>post</strong></span> <span class='ocrx_word' id='word_1_209' title='bbox 971 2955 1141 3016; x_wconf 83' lang='lat' dir='ltr'><strong>Labeonem</strong></span> 
     </span>
     <span class='ocr_line' id='line_1_29' title="bbox 133 3043 1140 3120; baseline 0 -16"><span class='ocrx_word' id='word_1_210' title='bbox 133 3044 169 3104; x_wconf 92' lang='lat' dir='ltr'><strong>de</strong></span> <span class='ocrx_word' id='word_1_211' title='bbox 205 3043 311 3104; x_wconf 91' lang='lat' dir='ltr'><strong>iisdem</strong></span> <span class='ocrx_word' id='word_1_212' title='bbox 346 3045 434 3104; x_wconf 91' lang='lat' dir='ltr'><strong>rebus</strong></span> <span class='ocrx_word' id='word_1_213' title='bbox 471 3044 621 3120; x_wconf 86' lang='lat' dir='ltr'><strong>dixerunt,</strong></span> <span class='ocrx_word' id='word_1_214' title='bbox 661 3044 836 3104; x_wconf 87' lang='lat' dir='ltr'><strong>sententias:</strong></span> <span class='ocrx_word' id='word_1_215' title='bbox 877 3044 1001 3104; x_wconf 87' lang='lat' dir='ltr'><strong>Masurii</strong></span> <span class='ocrx_word' id='word_1_216' title='bbox 1037 3043 1140 3105; x_wconf 83' lang='lat' dir='ltr'><strong>Sabini</strong></span> 
     </span>
     <span class='ocr_line' id='line_1_30' title="bbox 132 3125 1138 3216; baseline 0.004 -26"><span class='ocrx_word' id='word_1_217' title='bbox 132 3125 184 3215; x_wconf 86' lang='lat' dir='ltr'><strong>(D.</strong></span> <span class='ocrx_word' id='word_1_218' title='bbox 201 3135 251 3209; x_wconf 91' lang='grc'><strong>19,</strong></span> <span class='ocrx_word' id='word_1_219' title='bbox 266 3135 295 3211; x_wconf 94' lang='grc'>2,</span> <span class='ocrx_word' id='word_1_220' title='bbox 310 3126 376 3212; x_wconf 82' lang='lat'>55),</span> <span class='ocrx_word' id='word_1_221' title='bbox 398 3133 517 3194; x_wconf 84' lang='lat' dir='ltr'><strong>Proculi</strong></span> <span class='ocrx_word' id='word_1_222' title='bbox 541 3127 591 3216; x_wconf 78' lang='lat' dir='ltr'><strong>(D.</strong></span> <span class='ocrx_word' id='word_1_223' title='bbox 607 3135 658 3210; x_wconf 92' lang='grc'><strong>24,</strong></span> <span class='ocrx_word' id='word_1_224' title='bbox 674 3136 702 3211; x_wconf 92' lang='grc'><strong>1,</strong></span> <span class='ocrx_word' id='word_1_225' title='bbox 718 3135 767 3194; x_wconf 91' lang='grc'><strong>64.</strong></span> <span class='ocrx_word' id='word_1_226' title='bbox 792 3135 843 3208; x_wconf 89' lang='grc'>26,</span> <span class='ocrx_word' id='word_1_227' title='bbox 859 3136 887 3210; x_wconf 90' lang='grc'><strong>2,</strong></span> <span class='ocrx_word' id='word_1_228' title='bbox 903 3135 954 3196; x_wconf 87' lang='grc'><strong>33.</strong></span> <span class='ocrx_word' id='word_1_229' title='bbox 978 3136 1029 3211; x_wconf 86' lang='grc'>29,</span> <span class='ocrx_word' id='word_1_230' title='bbox 1045 3137 1073 3212; x_wconf 92' lang='grc'>2,</span> <span class='ocrx_word' id='word_1_231' title='bbox 1088 3137 1138 3194; x_wconf 89' lang='grc'><strong>62.</strong></span> 
     </span>
     <span class='ocr_line' id='line_1_31' title="bbox 133 3215 1140 3305; baseline -0.001 -23"><span class='ocrx_word' id='word_1_232' title='bbox 133 3223 185 3298; x_wconf 89' lang='grc'>32,</span> <span class='ocrx_word' id='word_1_233' title='bbox 206 3224 278 3298; x_wconf 87' lang='grc'><strong>160,</strong></span> <span class='ocrx_word' id='word_1_234' title='bbox 298 3224 326 3282; x_wconf 91' lang='grc'><strong>2.</strong></span> <span class='ocrx_word' id='word_1_235' title='bbox 354 3224 405 3297; x_wconf 84' lang='grc'><strong>36,</strong></span> <span class='ocrx_word' id='word_1_236' title='bbox 424 3223 453 3301; x_wconf 89' lang='grc'><strong>4,</strong></span> <span class='ocrx_word' id='word_1_237' title='bbox 475 3215 544 3305; x_wconf 88' lang='grc'><strong>14),</strong></span> <span class='ocrx_word' id='word_1_238' title='bbox 577 3221 670 3282; x_wconf 82' lang='lat' dir='ltr'><strong>Caelii</strong></span> <span class='ocrx_word' id='word_1_239' title='bbox 697 3222 800 3284; x_wconf 84' lang='lat' dir='ltr'><strong>Sabini</strong></span> <span class='ocrx_word' id='word_1_240' title='bbox 827 3215 877 3305; x_wconf 88' lang='lat' dir='ltr'><strong>(D.</strong></span> <span class='ocrx_word' id='word_1_241' title='bbox 894 3225 945 3300; x_wconf 91' lang='grc'><strong>24,</strong></span> <span class='ocrx_word' id='word_1_242' title='bbox 961 3226 990 3302; x_wconf 94' lang='grc'><strong>1,</strong></span> <span class='ocrx_word' id='word_1_243' title='bbox 1005 3225 1059 3300; x_wconf 86' lang='grc'><strong>64,</strong></span> <span class='ocrx_word' id='word_1_244' title='bbox 1087 3223 1140 3282; x_wconf 84' lang='grc'><strong>111</strong></span> 
     </span>
     <span class='ocr_line' id='line_1_32' title="bbox 131 3303 1139 3392; baseline 0.003 -23"><span class='ocrx_word' id='word_1_245' title='bbox 131 3328 270 3386; x_wconf 85' lang='lat' dir='ltr'><strong>perverse</strong></span> <span class='ocrx_word' id='word_1_246' title='bbox 303 3304 473 3372; x_wconf 74' lang='lat' dir='ltr'><strong>‘Caecilius&#39;</strong></span> <span class='ocrx_word' id='word_1_247' title='bbox 510 3303 668 3392; x_wconf 87' lang='lat' dir='ltr'><strong>traditur),</strong></span> <span class='ocrx_word' id='word_1_248' title='bbox 705 3331 772 3372; x_wconf 91' lang='lat' dir='ltr'><strong>cum</strong></span> <span class='ocrx_word' id='word_1_249' title='bbox 805 3314 970 3372; x_wconf 87' lang='lat' dir='ltr'><strong>sententias</strong></span> <span class='ocrx_word' id='word_1_250' title='bbox 1000 3313 1139 3373; x_wconf 86' lang='lat' dir='ltr'><strong>collectas</strong></span> 
     </span>
     <span class='ocr_line' id='line_1_33' title="bbox 133 3399 704 3476; baseline 0 -17"><span class='ocrx_word' id='word_1_251' title='bbox 133 3401 164 3459; x_wconf 90' lang='lat' dir='ltr'><strong>et</strong></span> <span class='ocrx_word' id='word_1_252' title='bbox 187 3399 373 3460; x_wconf 83' lang='lat' dir='ltr'><strong>examinaret</strong></span> <span class='ocrx_word' id='word_1_253' title='bbox 395 3404 425 3460; x_wconf 93' lang='grc'><strong>11</strong></span> <span class='ocrx_word' id='word_1_254' title='bbox 447 3400 704 3476; x_wconf 83' lang='lat' dir='ltr'><strong>interpretaretur.</strong></span> 
     </span>
    </p>

    <p class='ocr_par' dir='ltr' id='par_1_13' title="bbox 132 3487 1140 3658">
     <span class='ocr_line' id='line_1_34' title="bbox 220 3487 1140 3566; baseline 0.001 -19"><span class='ocrx_word' id='word_1_255' title='bbox 220 3487 322 3565; x_wconf 84' lang='lat' dir='ltr'><strong>Atque</strong></span> <span class='ocrx_word' id='word_1_256' title='bbox 356 3489 504 3548; x_wconf 90' lang='lat' dir='ltr'><strong>Labeonis</strong></span> <span class='ocrx_word' id='word_1_257' title='bbox 546 3488 709 3548; x_wconf 88' lang='lat' dir='ltr'><strong>sententias</strong></span> <span class='ocrx_word' id='word_1_258' title='bbox 750 3507 838 3564; x_wconf 90' lang='lat' dir='ltr'><strong>saepe</strong></span> <span class='ocrx_word' id='word_1_259' title='bbox 876 3490 964 3565; x_wconf 82' lang='lat' dir='ltr'><strong>plane</strong></span> <span class='ocrx_word' id='word_1_260' title='bbox 999 3488 1140 3566; x_wconf 81' lang='lat' dir='ltr'><strong>probarit</strong></span> 
     </span>
     <span class='ocr_line' id='line_1_35' title="bbox 132 3567 1139 3658; baseline 0 -22"><span class='ocrx_word' id='word_1_261' title='bbox 132 3567 250 3658; x_wconf 84' lang='lat' dir='ltr'><strong>(D.35‚</strong></span> <span class='ocrx_word' id='word_1_262' title='bbox 267 3578 294 3651; x_wconf 86' lang='lat'><strong>1,</strong></span> <span class='ocrx_word' id='word_1_263' title='bbox 311 3579 360 3637; x_wconf 86' lang='lat'><strong>39.</strong></span> <span class='ocrx_word' id='word_1_264' title='bbox 404 3576 505 3650; x_wconf 71' lang='grc'><strong>1132,</strong></span> <span class='ocrx_word' id='word_1_265' title='bbox 523 3578 636 3654; x_wconf 90' lang='grc'><strong>100,1.</strong></span> <span class='ocrx_word' id='word_1_266' title='bbox 678 3577 713 3637; x_wconf 92' lang='lat' dir='ltr'><strong>D.</strong></span> <span class='ocrx_word' id='word_1_267' title='bbox 729 3579 780 3654; x_wconf 80' lang='lat'><strong>33,</strong></span> <span class='ocrx_word' id='word_1_268' title='bbox 796 3579 824 3654; x_wconf 87' lang='lat'><strong>6,</strong></span> <span class='ocrx_word' id='word_1_269' title='bbox 842 3579 908 3653; x_wconf 74' lang='lat' dir='ltr'><strong>lpr.</strong></span> <span class='ocrx_word' id='word_1_270' title='bbox 955 3575 1008 3652; x_wconf 75' lang='lat'><strong>§1</strong></span> <span class='ocrx_word' id='word_1_271' title='bbox 1034 3570 1072 3637; x_wconf 90' lang='lat' dir='ltr'><strong>D.</strong></span> <span class='ocrx_word' id='word_1_272' title='bbox 1088 3578 1139 3649; x_wconf 86' lang='lat'><strong>33,</strong></span> 
     </span>
    </p>

    <p class='ocr_par' dir='ltr' id='par_1_14' title="bbox 448 3673 926 3728">
     <span class='ocr_line' id='line_1_36' title="bbox 448 3673 926 3728; baseline 0.006 -3"><span class='ocrx_word' id='word_1_273' title='bbox 448 3675 451 3684; x_wconf 85' lang='grc'><em>“</em></span> <span class='ocrx_word' id='word_1_274' title='bbox 871 3673 926 3728; x_wconf 67' lang='lat' dir='ltr'><strong>td*</strong></span> 
     </span>
    </p>
   </div>
   <div class='ocr_carea' id='block_1_12' title="bbox 1209 3661 1259 3672">
    <p class='ocr_par' dir='ltr' id='par_1_15' title="bbox 1209 3661 1259 3672">
     <span class='ocr_line' id='line_1_37' title="bbox 1209 3661 1259 3672; baseline 0.02 -1"><span class='ocrx_word' id='word_1_275' title='bbox 1209 3661 1259 3672; x_wconf 53' lang='lat'><strong>⁴·—</strong></span> 
     </span>
    </p>
   </div>
   <div class='ocr_carea' id='block_1_13' title="bbox 0 0 1312 3912">
    <p class='ocr_par' dir='ltr' id='par_1_16' title="bbox 0 0 1312 3912">
     <span class='ocr_line' id='line_1_38' title="bbox 0 0 1312 3912; baseline 0 0"><span class='ocrx_word' id='word_1_276' title='bbox 0 0 1312 3912; x_wconf 95' lang='lat' dir='ltr'><strong> </strong></span> 
     </span>
    </p>
   </div>
  </div>
 </body>
</html>
