2580 3900
502 239 527 290 4.
546 233 725 291 PLADTIUS
942 165 950 190 ⁸
1054 237 1120 302 233

476 450 527 518 De
548 452 758 518 contractatus.

195 576 248 642 39.
272 573 314 640 D.
328 576 380 661 45,
397 578 426 658 1,
440 577 493 658 91,
507 579 537 643 3.
581 575 703 642 Paulus
727 577 811 642 libro
836 579 974 663 septimo
998 577 1122 645 decime

107 664 148 730 cd
179 663 348 730 Plautium
381 663 430 751 (P.
456 663 566 752 1239).
601 701 639 712 --
670 715 699 732 ..
719 670 842 731 veteres
876 668 1123 751 constituerunt,

107 752 259 840 quotiens
294 754 389 838 culpe
420 754 596 820 intervenit
628 755 798 841 debitoris,
829 757 1013 842 perpetuari
1041 756 1122 822 ebli-

132 844 284 909 ctionem.

108 863 129 928 g
197 933 251 998 40.
274 929 315 996 D.
328 932 382 1012 45,
396 933 426 1013 3,
440 933 492 998 32.
529 931 618 997 Idem
642 931 700 1016 (sc.
719 928 853 1018 Paulus)
873 930 956 998 libro
975 955 1062 999 nono
1081 935 1123 1000 ed

107 1020 274 1086 Plautium
298 1017 347 1108 (P.
366 1019 480 1107 1166).
503 1057 544 1068 -
570 1020 619 1106 si,
642 1043 714 1087 eum
738 1020 874 1086 duorum
897 1022 1122 1088 ususfructus

109 1113 195 1175 esset
218 1111 253 1174 in
278 1130 385 1194 servo,
412 1110 494 1174 etis
518 1130 628 1175 servus
652 1111 707 1174 uni
730 1109 923 1174 nominatim
947 1111 1122 1194 stipulatus

109 1200 151 1263 sit
174 1220 214 1263 ex
237 1221 276 1262 ee
298 1221 348 1280 re,
375 1220 456 1282 quae
480 1198 520 1262 ad
543 1204 696 1283 utrosque
720 1200 875 1282 pertinet,
904 1196 1043 1264 Sabinus
1068 1201 1123 1285 ait,

109 1287 263 1372 queniam
296 1287 359 1353 soli
392 1286 580 1371 (nominedo
610 1287 810 1372 promissor>
838 1288 1001 1373 obligatus
1029 1293 1123 1372 esset,

108 1376 286 1442 videndum
309 1398 393 1461 esse,
422 1375 691 1460 quemadmodum
715 1377 797 1440 alter
820 1377 971 1442 usuarius
994 1381 1123 1460 partem

110 1488 201 1530 suem
230 1464 372 1548 recipere
399 1465 519 1549 possit,
546 1466 699 1550 quonism
727 1466 813 1530 inter
841 1487 896 1531 eos
922 1466 1014 1531 nulle
1036 1486 1123 1531 com·

109 1555 219 1620 munio
242 1555 323 1619 iuris
346 1559 440 1620 esset.

198 1643 254 1708 41.
273 1643 312 1709 D.
326 1644 379 1725 22,
394 1644 424 1727 1,
438 1643 490 1724 38,
501 1644 531 1709 7.
562 1642 683 1708 Paulus
698 1643 783 1707 libro
799 1647 889 1708 sexto
905 1642 945 1708 ed
959 1641 1123 1708 Plautium

110 1731 157 1821 (P.
174 1728 288 1818 1132).
306 1769 350 1778 -
369 1730 404 1796 Si
423 1732 585 1798 actionem
604 1732 743 1797 habeam
761 1729 849 1796 adid
863 1733 1122 1817 consequendum

111 1820 195 1907 quod
218 1842 327 1886 meum
350 1842 417 1886 nen
439 1821 511 1904 fuir,
533 1822 633 1886 veluti
657 1843 696 1885 ex
720 1821 887 1906 stipulatu,
909 1821 1034 1886 fruetus
1056 1843 1124 1886 non

110 1931 304 1995 consequar,
331 1910 460 1975 etiamsi
487 1931 580 1974 more
601 1910 689 1975 facte
713 1910 771 1993 sit3
798 1911 882 1994 quod
906 1911 933 1975 si
957 1915 1123 1996 acceptum

111 2004 159 2064 est
190 1998 360 2082 iudicium,
391 2003 469 2064 tunc
498 1996 638 2064 Sabinus
671 2002 703 2063 et
730 1997 862 2065 Cassius
893 2021 932 2064 ex
961 2001 1124 2085 aequitate

110 2089 235 2154 fructus
268 2109 395 2173 queque
427 2091 503 2172 post
535 2094 703 2171 acceptum
732 2087 885 2154 iudicium
912 2089 1123 2174 (perceptos)

110 2176 322 2262 praestandos
346 2180 476 2261 putant,
500 2181 536 2240 ut
559 2198 657 2241 causa
680 2177 880 2243 restituatur.

198 2264 266 2331 42?
288 2264 330 2330 D.
343 2267 397 2347 44,
412 2267 441 2347 7,
454 2265 507 2330 49.
546 2265 636 2330 Idem
661 2262 718 2352 (sc.
742 2263 877 2354 Paulus)
900 2266 983 2331 libro
1007 2270 1123 2333 octavo

17 2425 18 2440 2
112 2356 234 2421 decime
270 2355 310 2418 ed
342 2353 507 2419 Plautium
535 2351 584 2442 (P.
605 2354 716 2438 1247).
748 2391 786 2402 —
822 2354 873 2419 Ex
904 2355 1124 2421 contractibus

111 2445 279 2510 venientes
308 2443 452 2508 actiones
480 2445 515 2506 in
542 2442 676 2508 heredes
705 2442 834 2526 dantur,
866 2442 944 2507 licet
971 2442 1126 2508 delictum

17 2571 19 2606 ;
112 2555 239 2618 quoque
267 2536 428 2615 versetur,
456 2531 556 2596 veluti
584 2554 657 2597 cum
685 2536 774 2596 tutor
801 2532 835 2596 iu
858 2531 961 2595 tutele
984 2534 1126 2615 gerenda

17 2629 18 2666 ³
112 2622 184 2688 dolo
217 2621 330 2686 fecerit
358 2624 414 2685 aut
440 2619 469 2685 is
498 2619 582 2706 apud
607 2643 701 2706 quem
725 2619 906 2703 depositum
930 2624 979 2684 est
1006 2619 1125 2701 <male-

111 2711 192 2776 tiose
216 2713 362 2775 versatus
386 2708 480 2790 esti>

17 2867 18 2880 .
201 2804 286 2880 Quod
307 2805 426 2871 inserui,
449 2804 570 2864 Pernice
586 2805 747 2878 proposuit.
783 2803 960 2862 Mommsen:
974 2796 1075 2878 (circu
1094 2802 1126 2861 id

112 2895 192 2972 qued
216 2893 386 2969 depositum
409 2888 486 2972 est).

424 3116 474 3183 Dc
496 3120 531 3183 iu
553 3139 618 3184 rem
640 3118 817 3184 ectiecetuc.

201 3242 268 3309 43?
286 3243 325 3308 D.
340 3243 370 3327 5,
384 3244 414 3325 3,
428 3243 481 3308 43.
513 3242 634 3308 Paulus
653 3242 737 3309 libro
752 3242 890 3308 seeundo
906 3240 947 3306 ad
961 3242 1125 3307 Plautium

116 3329 163 3418 (P.
184 3332 294 3416 1081).
317 3369 361 3379 -
383 3332 560 3416 Postquam
587 3332 730 3416 legatum
755 3355 773 3396 a
796 3337 828 3395 te
852 3332 974 3415 accepi,
1000 3331 1126 3396 heredi-

17 3431 18 3450 *
114 3426 216 3486 tatem
243 3425 329 3504 peto.
374 3421 549 3486 Atilicinus
578 3421 768 3504 quibusdem
795 3417 956 3502 placuisse
985 3419 1127 3483 sitnon

17 3497 18 3570 ζ
117 3511 208 3574 aliter
236 3509 316 3574 mihi
344 3509 497 3575 adversus
526 3513 559 3573 te
583 3508 721 3572 dandam
744 3506 948 3590 petitionem,
976 3504 1126 3588 quamsi

17 3657 18 3660 ,
116 3598 259 3683 legatum
281 3596 456 3663 redderem.
