2580 3900
492 218 517 267 2.
537 211 699 267 PEGASUS
1035 209 1101 274 203

85 397 122 440 ea
144 397 179 440 ra
202 375 256 440 vel
280 374 336 440 alii
358 374 527 440 fruendam
550 374 723 440 concedere
746 375 799 438 vel
820 372 928 438 locare
951 372 1003 438 vel
1025 395 1100 438 ven-

17 509 19 566 l

17 477 18 496 ³
85 465 159 529 dere
186 466 313 547 potest,
340 485 416 528 nam
444 467 477 527 et
503 463 558 547 qui
586 464 674 528 locat
700 464 816 546 utitur,
845 466 878 527 ot
908 463 962 547 qui
990 462 1102 527 vendit

17 579 18 618 3
85 553 196 620 utitur.
247 553 303 617 sed
335 556 368 618 et
400 552 429 617 si
461 553 518 617 alii
548 552 695 636 precario
727 552 881 618 concedat
912 552 965 615 vel
994 552 1102 635 donet,

17 653 18 708 ἶ
84 646 164 728 puto
192 663 267 706 eum
294 641 343 706 uti
369 644 466 726 atque
493 640 565 706 ideo
592 642 730 706 retinere
756 662 852 706 usum
879 640 1035 723 fructum,
1068 644 1101 704 et

17 747 18 758 ¹
86 732 147 796 hoe
171 728 304 797 Cassius
328 733 361 794 et
381 729 526 814 Pegasus
548 729 793 813 responderunt

173 820 204 885 4.
228 818 267 884 D.
282 819 334 902 33,
349 819 379 902 8,
393 819 468 901 8pr.
504 818 664 902 Ulpianus
684 817 769 883 libro
788 817 963 883 vioansimo
983 817 1098 902 quinto

86 908 125 972 ad
153 906 310 974 Sabinum
338 903 389 994 (P.
407 904 537 994 26801’).
562 943 606 954 —
633 906 826 991 ..Pegasus
853 906 1037 990 respondit,
1071 906 1099 970 si

86 997 292 1080 statulibero,
319 997 369 1061 oui
395 996 557 1081 peculium
583 996 730 1081 legatum
758 997 815 1079 sit,
841 994 937 1059 heras
964 994 1097 1059 interim

17 1139 18 1152 .
86 1085 268 1171 crediderit,
304 1085 337 1149 id
369 1085 440 1168 ipso
471 1084 540 1150 iure
572 1085 700 1149 detrahi
731 1088 765 1149 et
796 1104 931 1167 corpora
965 1083 1097 1168 singula

17 1153 19 1264 Ι
86 1174 183 1239 etiam
206 1195 265 1258 per
288 1173 349 1240 hoe
372 1196 428 1239 aes
451 1174 593 1239 alienum
616 1173 766 1238 deminui.

492 1340 540 1398 De
560 1332 691 1413 nuptiis?

172 1440 203 1506 5.
226 1438 268 1505 D.
282 1439 312 1523 3,
327 1440 357 1523 2,
371 1440 402 1522 2,
416 1439 446 1506 5.
481 1440 642 1524 Ulpianus
665 1440 749 1505 libro
773 1442 864 1505 sexto
888 1438 930 1504 ad
953 1437 1095 1503 edietum

89 1527 135 1612 (P.
149 1525 254 1614 279⁸).
281 1565 318 1575 —
344 1529 411 1594 Dos
426 1578 434 1593 .
449 1579 466 1614 .,
489 1530 543 1614 qui
567 1534 721 1612 quaestus
744 1549 843 1594 eausa
865 1528 898 1592 in
917 1527 1095 1592 certamina

90 1616 294 1702 descendunt,
323 1621 355 1682 et
382 1640 493 1683 omnes
521 1621 655 1702 propter
678 1618 858 1701 praemium
885 1616 920 1680 in
948 1637 1098 1682 scaenam

88 1707 279 1789 prodeuntes
307 1706 451 1773 famosos
479 1729 550 1772 esre
572 1705 717 1789 Pegasus
745 1710 779 1770 et
801 1705 908 1771 Nerva
935 1706 1022 1770 filius
1052 1727 1099 1770 re-

16 1849 17 1856 .
91 1795 297 1879 sponderunt.

172 1889 209 1948 oi.
233 1889 269 1950 D.
287 1892 314 1963 1,
330 1891 359 1963 9,
376 1892 403 1962 7,
421 1892 437 1948 1
461 1889 541 1950 infre
564 1908 591 1964 p.
609 1889 680 1948 206.

382 2049 430 2108 De
451 2050 604 2108 uuluam
626 2050 804 2123 obligatione.

171 2151 202 2216 6.
241 2148 280 2215 D.
299 2148 353 2234 45,
376 2152 404 2232 1,
425 2149 497 2235 115,
515 2151 545 2215 2.
602 2149 799 2234 Papinianus
835 2150 919 2214 libro
957 2150 1095 2216 seeundo

89 2237 318 2314 Quaestionum
344 2237 393 2324 (P.
414 2237 479 2322 79).
501 2275 546 2286 -
569 2286 600 2303 ..
624 2240 653 2302 si
680 2239 752 2323 quis
779 2240 825 2303 ita
853 2238 1025 2322 stipuletur
1058 2237 1098 2304 ‘si

88 2326 293 2412 Pamphilum
315 2350 381 2392 uon
405 2327 544 2412 dederis,
572 2333 700 2392 eentum
725 2327 794 2392 dari
817 2327 992 2412 spondesP'
1037 2327 1096 2393 Pe·

88 2435 182 2500 gasus
223 2415 391 2499 respondit
425 2437 492 2482 non
530 2420 605 2482 ante
644 2416 805 2482 committi
843 2415 1095 2500 stipulationem,

88 2513 181 2589 quam
207 2505 345 2570 desisset
367 2526 463 2589 posse
485 2504 674 2589 Pamphilus
698 2505 777 2570 dari.
822 2503 961 2570 Sabinus
986 2508 1094 2568 autem

90 2594 296 2660 existimabat
313 2599 347 2659 et
366 2616 395 2680 q.
409 2616 434 2658 s.

465 2713 513 2774 De
535 2715 716 2775 mediatione.

174 2817 202 2881 7.
227 2814 266 2881 D.
282 2817 333 2900 12,
347 2815 469 2900 5,4pra
512 2815 673 2898 Ulpianus
697 2814 782 2879 libro
806 2813 980 2879 vicensimo
1005 2816 1096 2877 sexto

88 2904 124 2969 ad
143 2904 288 2970 edietum
302 2902 467 2992 (Pali-3¹³).
481 2941 518 2950 -
535 2903 625 2969 Idem
644 2905 671 2968 si
691 2903 732 2969 ob
752 2908 899 2988 stuprum
914 2902 1026 2966 datum
1046 2903 1097 2985 sit,

89 2994 135 3057 vel
171 2995 199 3058 si
233 2994 304 3079 quis
337 2994 371 3058 in
404 2993 561 3058 adulterio
595 2993 811 3077 deprehensus
844 2991 1016 3057 redemerit
1048 3013 1095 3077 se;

89 3088 190 3148 cessat
217 3083 303 3147 enim
331 3083 498 3166 repetitio,
525 3081 620 3166 idque
648 3081 787 3147 Sabinus
816 3085 848 3147 et
874 3081 1018 3167 Pegasus
1046 3103 1094 3146 re·

91 3171 296 3256 sponderunt.

469 3264 523 3325 ΠΙ.
547 3308 555 3326 .
571 3312 577 3325 .
593 3309 599 3324 .
614 3265 710 3324 libri.

365 3374 415 3441 De
437 3376 629 3458 adquirendo
650 3375 821 3441 hereditate.

176 3483 204 3546 1.
232 3480 272 3547 D.
290 3481 344 3567 28,
363 3482 394 3561 5,
416 3482 465 3546 19.
511 3478 669 3565 Ulpianus
696 3481 780 3545 libro
808 3480 945 3563 septimo
974 3479 1014 3542 ad
1039 3480 1096 3543 Sa·

90 3567 199 3636 binum
222 3565 273 3656 (P.
289 3568 400 3658 2489).
424 3606 465 3616 -
489 3569 541 3636 Ex
568 3569 655 3633 facto
669 3617 677 3632 .
692 3616 700 3632 .
715 3567 875 3651 agitatum
896 3564 1095 3649 Pomponius
