2580 3900
483 242 506 292 r.
526 236 718 294 raoouaus
1040 241 1105 305 163

89 403 165 485 [uisi
192 404 303 466 tamen
326 404 458 484 paratus
482 401 525 466 sit
547 401 669 486 petitor
691 402 761 485 pati
783 402 899 468 tollere
922 425 995 469 eum
1019 405 1103 469 aedi-

87 492 205 557 ficium.
257 489 340 574 quod
375 492 407 553 et
438 491 472 554 in
503 511 578 555 area
604 492 698 555 uxori
725 489 845 556 donata
871 513 929 575 per
955 492 1104 577 iudicem,

88 582 142 666 qui
175 580 216 645 de
244 579 319 644 dote
351 579 532 664 eognosoit,
559 578 739 644 faciendum
769 579 941 661 dixeram}
991 581 1046 646 sed
1074 583 1103 647 si

86 691 224 754 puerum
253 689 374 748 meum,
401 689 473 732 oum
496 666 692 750 possideres,
720 668 892 752 erudisses,
924 691 989 734 non
1017 671 1103 736 idem

87 757 325 824 observandum
347 754 503 821 Proculus
529 757 706 840 existimat,
735 757 811 840 quia
840 759 969 841 [neque]
994 780 1102 824 oarere

86 868 181 914 servo
206 867 279 911 meo
300 844 409 929 (non)
432 844 566 909 debeam
591 845 662 926 [neo
685 848 795 929 potest
817 846 994 912 remedium
1016 848 1101 914 idem

86 934 250 1014 adhiberi,
273 933 357 1018 quod
381 935 415 998 in
437 955 513 998 area
535 932 696 1017 diximus}

175 1029 213 1088 of.
232 1027 356 1088 Pernioe
379 1019 431 1103 11²,
446 1029 509 1087 383
520 1027 541 1086 f.

179 1113 254 1177 100.
276 1111 537 1195 D.22,1,19pr.
583 1108 684 1175 Gaius
708 1111 790 1176 libro
815 1116 905 1176 sexto
930 1111 970 1176 ad
993 1113 1100 1200 legem

86 1201 259 1268 duodecim
289 1199 476 1265 tabularum
508 1197 558 1285 (P.
580 1195 671 1285 440).
698 1236 742 1246 -
771 1199 961 1284 Videamus,
994 1224 1035 1266 an
1066 1204 1100 1267 in

86 1290 239 1357 omnibus
262 1288 358 1355 rebus
380 1288 492 1374 petitis
516 1286 698 1354 infractus
722 1310 849 1374 quoque
868 1290 1102 1356 condemnatur

85 1399 332 1465 possessor
356 1378 385 1442 si
406 1399 484 1442 usus
508 1377 630 1441 fruetus
653 1379 774 1460 petitus
798 1379 850 1462 sit,
874 1377 1029 1444 Proculus
1054 1381 1102 1445 ait

59 1501 62 1510 ·
85 1471 118 1534 in
141 1468 271 1533 fluetus
293 1471 462 1552 perceptos
486 1465 703 1530 condemnari.

178 1556 251 1622 101.
288 1554 326 1620 Ι).
346 1556 375 1636 5,
394 1555 538 1638 3,40pr.
587 1555 706 1619 Paulus
739 1554 821 1620 libro
855 1556 1029 1622 vicensimo
1059 1558 1099 1622 ad

85 1647 229 1712 edietum
256 1641 306 1732 (P.
325 1643 414 1728 322).
443 1679 482 1691 -
513 1642 598 1707 Illud
625 1692 655 1707 ..
683 1643 769 1728 quod
801 1645 834 1708 in
863 1646 1008 1710 oratione
1036 1646 1100 1711 divi

85 1733 249 1801 Hadriani
281 1737 344 1815 est,
374 1737 412 1796 ut
442 1735 519 1816 post
550 1736 719 1815 acceptum
750 1732 903 1798 iudicium
935 1734 968 1799 id
998 1735 1100 1801 actori

86 1826 284 1909 praestetur,
311 1821 395 1906 quod
424 1820 594 1885 habiturus
622 1825 720 1905 esset,
749 1822 776 1886 si
804 1843 842 1887 eo
868 1826 1013 1909 tempore
1036 1847 1100 1909 quo

84 1913 169 1997 petit
204 1911 357 1976 restituta
389 1913 476 1975 esset
502 1908 677 1992 hereditas,
709 1910 869 1975 interdum
898 1911 1012 1978 durum
1041 1919 1099 1979 est.

84 2002 161 2086 quid
193 1998 238 2086 ..,
265 2001 395 2084 sipost
423 1998 514 2063 litem
542 2002 759 2063 contestatam
787 2000 947 2084 mancipia
974 2006 1031 2066 aut
1053 2004 1099 2067 iu-

85 2093 197 2155 menta
229 2092 286 2154 aut
316 2109 434 2172 peoora
465 2086 679 2170 deperierint?
713 2087 860 2153 damnari
892 2088 1022 2154 debebit
1050 2113 1100 2155 se-

85 2180 226 2244 eundum
255 2178 352 2242 verba
375 2176 547 2259 orationis,
575 2176 651 2260 quia
673 2175 781 2260 potuit
802 2177 924 2260 petitor
946 2179 1100 2245 restituta

85 2267 269 2332 hereditate
305 2264 492 2330 distraxisse
529 2286 576 2329 ea.
634 2267 667 2329 et
703 2265 765 2330 hoo
802 2267 921 2331 iustum
959 2289 1029 2332 esse
1064 2269 1099 2333 in

87 2355 285 2441 speoialibus
302 2353 515 2440 petitionibus
529 2352 665 2419 Prooulo
684 2354 800 2439 planet.
837 2354 969 2421 Cassius
986 2361 1100 2423 eontra

87 2446 197 2511 sensit.

175 2538 213 2599 of.
232 2536 369 2598 Cassium
391 2557 418 2614 p.
435 2539 484 2596 64.

316 2690 367 2757 De
388 2692 577 2774 adquirendo
599 2711 703 2756 ruam
725 2691 869 2756 dominio.

179 2799 251 2865 102.
279 2798 319 2864 D.
334 2801 386 2883 41,
402 2799 546 2882 1,21pr.
590 2796 789 2882 Pomponius
817 2796 900 2862 libro
926 2796 1097 2862 undecimo

85 2890 124 2954 ad
152 2887 311 2955 Sabinum
339 2885 388 2973 (P.
408 2882 511 2972 574⁸).
535 2923 577 2934 -
604 2884 639 2952 si
667 2908 778 2952 servus
806 2907 895 2951 meus
922 2887 984 2951 tibi
1012 2888 1098 2952 bona

85 2978 147 3043 fide
178 2977 314 3042 serviret
339 2980 372 3040 et
394 2997 462 3040 rem
485 2976 616 3040 emisset
638 2975 820 3060 traditaque
844 2974 873 3039 ei
897 2978 994 3060 esset,
1020 2974 1097 3042 Pro·

17 3081 21 3092 ·
86 3068 175 3132 onlus
209 3087 268 3130 neo
298 3086 404 3129 meam
436 3064 519 3148 fieri,
551 3066 626 3149 qnia
658 3085 784 3130 servum
813 3085 878 3130 nou
904 3065 1098 3150 possideam,

83 3177 142 3222 nee
169 3163 276 3236 tuam,
304 3154 332 3218 si
360 3174 426 3217 non
451 3174 547 3218 exre
571 3157 628 3217 tua
651 3154 694 3218 sit
717 3157 839 3238 parata.
885 3153 941 3218 sed
965 3155 992 3218 si
1014 3154 1098 3219 liber

84 3244 171 3309 bona
194 3243 257 3307 fide
280 3242 342 3307 tibi
365 3241 507 3306 serviens
530 3243 657 3327 emerit,
679 3242 781 3326 ipsius
804 3241 884 3308 fieri.

176 3333 248 3398 103.
282 3330 321 3396 D.
335 3330 387 3410 41,
404 3330 432 3413 1,
446 3330 498 3414 27,
512 3331 542 3395 2.
578 3329 776 3415 Pomponius
799 3331 883 3395 libro
907 3331 1097 3414 trigensimo

85 3423 124 3487 ad
150 3419 309 3487 Sabinum
332 3415 381 3506 (P.
398 3417 486 3504 750).
514 3456 550 3466 -
576 3415 672 3505 (Cum
698 3423 808 3503 partes
838 3419 971 3484 duorum
999 3419 1098 3482 domi·

84 3532 204 3576 norum
231 3508 405 3573 ferrumine
431 3504 641 3594 cohaereant)
669 3557 700 3573 ..
729 3507 756 3570 si
783 3511 898 3571 neutra
927 3505 1020 3568 alteri
1048 3527 1096 3568 ao-

86 3598 227 3666 eessioni
251 3601 313 3682 est,
338 3589 518 3681 videamus,
540 3617 580 3660 ne
604 3599 661 3659 aut
682 3593 848 3676 utriusque
872 3612 941 3655 esse
965 3590 1097 3654 dicenda

884 3690 937 3744 11*
