2590 3902
409 217 434 267 9.
454 211 604 268 CAELIUS
624 212 777 269 SABINUS
1045 215 1113 280 255

393 383 421 440 2.
453 381 548 442 Iuris
571 381 696 442 civilis
719 382 815 442 libri.

184 488 311 549 Praeter
337 487 449 547 librum
476 488 514 547 ad
541 487 672 547 edictum
700 488 844 549 aedilium
869 490 1019 550 curulium
1042 491 1116 552 iuris

99 596 215 655 quoque
244 577 343 639 civilis
370 576 464 637 libros
488 575 624 637 Caelium
652 577 781 638 edidisse
807 580 925 656 reliqua
947 580 1012 641 eius
1035 580 1116 660 frag·

98 671 198 726 menta
221 660 374 726 indicant

422 746 473 814 Dc
494 749 658 814 hereditate
681 751 790 816 luberti.

186 861 215 920 l.
239 855 311 922 Gai.
325 856 356 934 3,
370 856 421 921 70.
449 893 485 904 —
510 904 541 921 ..
564 858 594 922 si
617 878 690 923 cum
712 858 824 923 liberis
848 859 916 923 suis
940 860 1040 924 etiam
1063 882 1116 924 ex-

97 950 247 1012 traneum
269 944 420 1009 heredem
442 949 601 1031 patronus
623 946 803 1031 reliquerit,
826 945 955 1013 (laelius
975 946 1115 1014 Sabinus

98 1037 143 1099 ait
165 1038 238 1100 tota
256 1034 343 1099 bona
360 1056 420 1118 pro
438 1035 586 1125 virilibus
605 1036 755 1120 partibus
774 1035 815 1100 ad
832 1037 954 1102 liberos
973 1037 1117 1104 defuncti

97 1125 272 1208 pertinere,
304 1123 382 1207 quia
410 1145 483 1189 cum
510 1127 682 1189 extraneus
710 1125 805 1190 heres
832 1124 1022 1208 intervenit,
1048 1147 1115 1191 non

98 1214 196 1278 habet
217 1212 271 1276 lex
288 1210 381 1277 Iunia
399 1213 516 1297 locum,
540 1213 596 1277 sed
615 1213 933 1279 senatusconsultum
953 1212 1011 1298 (sc.
1023 1214 1114 1299 Lupo

99 1307 129 1366 et
151 1300 262 1386 Largo
285 1301 474 1366 consulibus
497 1300 645 1390 lactum).

184 1395 223 1456 of.
239 1393 305 1454 aas
320 1397 350 1473 a,
365 1397 416 1456 ca.

512 1478 562 1546 Dc
585 1481 701 1563 loqutus

184 1587 216 1653 2.
240 1585 436 1670 Gai.2‚195.
454 1622 499 1635 —
585 1586 724 1654 Sabinus
750 1636 775 1653 ..
799 1591 832 1652 et
850 1585 983 1652 Cassius
1004 1587 1116 1652 ceteri·

100 1697 157 1760 que
180 1675 288 1740 nostri
310 1680 545 1760 praeceptores,
569 1678 655 1760 quod
678 1677 726 1740 ita
748 1677 893 1762 legatum
917 1678 961 1742 sit
978 1674 1036 1763 (sc.
1058 1697 1117 1760 per

98 1764 373 1850 vindicationem),
395 1764 509 1830 statim
531 1770 608 1850 post
626 1765 749 1830 aditam
766 1765 978 1832 hereditatem
997 1769 1117 1851 putant

100 1853 165 1918 fieri
192 1854 358 1939 legatarii,
385 1854 513 1918 etiamsi
537 1855 666 1939 ignoret
691 1854 754 1918 sibi
777 1854 922 1938 legatum
946 1876 1031 1940 esse,
1059 1855 1116 1920 sed

99 1948 311 2028 posteaquam
349 1942 458 2009 scierit
490 1948 522 2008 et
554 1943 756 2029 <spreverit>
787 1944 947 2030 legatum,
980 1945 1116 2030 proinde

100 2052 166 2098 csse
190 2035 287 2116 atque
311 2033 340 2096 si
362 2032 507 2117 legatum
530 2054 598 2097 non
621 2036 717 2098 esset.

185 2125 224 2186 cf.
239 2123 303 2186 aas
319 2128 349 2202 2,
365 2127 438 2187 200.

185 2211 217 2277 3.
247 2209 287 2274 D.
301 2209 430 2294 15,2,1
454 2211 496 2291 ἐξ,
511 2210 599 2276 5-7.
644 2210 806 2295 Ulpianus
829 2212 913 2277 libro
940 2212 1116 2278 vicensimo

99 2321 183 2365 nono
210 2298 252 2364 ad
275 2298 415 2364 edictum
440 2297 489 2384 (P.
503 2296 592 2386 859).
615 2337 649 2346 -
673 2299 712 2364 In
736 2300 843 2366 aliena
859 2301 932 2366 ione
956 2301 1117 2385 accipitur

99 2388 209 2472 utique
237 2388 398 2466 venditor,
426 2388 482 2472 qui
509 2389 635 2454 actione
664 2388 704 2454 de
731 2389 857 2473 peculio
880 2391 968 2454 intra
992 2411 1116 2454 annum

21 2505 22 2510 ¹
98 2481 237 2542 tenetur.
278 2476 334 2541 sed
358 2481 391 2542 et
416 2479 443 2541 si
467 2477 601 2543 donavit
624 2499 752 2542 servum
775 2525 805 2543 ..
828 2479 863 2542 in
886 2478 997 2542 eadem
1016 2499 1117 2543 causa

21 2563 23 2642 l
100 2571 155 2631 est.
207 2565 286 2630 item
318 2564 411 2631 heres
444 2566 512 2630 eius
545 2566 599 2650 qui
632 2588 761 2631 servum
793 2567 917 2651 legavit
948 2587 1013 2630 non
1042 2588 1116 2630 curn

21 2669 23 2774 Ι
99 2655 236 2739 peculio.
282 2676 359 2719 nam
382 2655 410 2719 si
433 2676 506 2720 cum
529 2655 656 2739 peculio
679 2655 730 2720 vel
754 2655 878 2738 legavit
899 2654 952 2719 rel
975 2655 1115 2718 liberum
1249 2705 1260 2724 ,

21 2787 23 2820 ,
99 2767 168 2810 esse
195 2743 305 2828 iussit,
332 2744 532 2829 quaestionis
560 2743 632 2808 fuit.
683 2748 716 2807 ct
743 2743 822 2808 mihi
851 2744 958 2808 verius
988 2742 1115 2808 ridetur

99 2854 163 2899 non
187 2832 328 2898 dandam
350 2853 454 2918 neque
476 2833 512 2898 in
530 2833 765 2898 manumissum
783 2853 887 2917 neque
905 2831 939 2896 in
959 2853 1041 2916 eum,
1065 2832 1117 2896 cui

21 2991 22 2994 Ἴ
100 2922 243 3008 legatum
271 2921 315 2986 sit
341 2922 502 3004 peculium
530 2922 568 2986 de
595 2922 721 3005 peculio
750 2921 920 2987 actionem.
966 2943 1007 2986 an
1036 2940 1116 3005 ergo

99 3014 249 3077 teneatur
270 3010 388 3075 heres?
425 3017 458 3074 et
481 3012 528 3076 ait
549 3008 697 3077 Caelius¹
718 3011 831 3095 tenori,
854 3011 930 3095 quia
952 3011 1116 3095 peculium

100 3121 195 3182 penes
224 3120 300 3164 eum
328 3099 372 3164 sit
397 3099 453 3183 qui
476 3099 633 3165 tradendo
656 3100 689 3165 id
712 3100 872 3186 legatario
897 3121 931 3164 se
954 3100 1116 3165 liberavit.

435 3257 486 3325 Dc
508 3259 644 3325 libertate
665 3261 781 3326 relicto.

186 3368 217 3434 4.
250 3366 290 3433 D.
308 3365 360 3450 35,
381 3368 410 3448 1,
429 3368 481 3450 72,
501 3367 529 3431 l.
581 3366 670 3432 Idem
704 3365 762 3456 (sc.
782 3364 998 3452 Papinianus)
1031 3365 1116 3430 libro

102 3459 214 3522 octavo
239 3455 363 3522 decimo
387 3455 620 3533 Quaestionum
644 3453 694 3541 (P.
708 3453 799 3541 272).
822 3490 865 3501 -
888 3453 1018 3519 Falsum
1042 3473 1115 3516 con·

172 3602 186 3649 1
206 3595 255 3651 Fz.
276 3593 423 3652 Caecilius.
