2602 3906
160 204 226 269 470
247 204 295 261 .V.
315 201 464 258 NERVAE
483 203 530 258 ET
548 202 699 256 TRAIANI
717 201 824 258 ΤΕΜΡ.
843 201 938 256 IURIS
958 201 1138 258 CONSULTI

248 366 430 449 Respondit:
457 366 594 449 inteliepo
622 371 648 431 te
679 368 716 431 de
741 387 801 432 asa
821 366 927 448 fracta
949 387 1091 450 quaerere
1112 367 1173 449 qai

159 455 237 538 <per
262 455 517 539 vindicationem>
545 455 660 538 tepatas
686 461 737 520 est.
768 456 870 534 itaone
895 457 925 521 si
946 457 1078 521 eondieio
1101 457 1172 522 eins

160 546 253 628 tepoti
278 545 422 626 estiterit,
453 544 580 608 datiam
602 565 665 608 aon
687 550 742 624 est,
769 546 844 627 qaia
868 545 911 610 ad
932 545 1117 626 deputariam
1138 546 1171 610 is

158 653 233 698 asns
258 632 379 713 fraotas
402 634 557 714 pertineat
581 638 610 697 et
635 634 665 698 si
691 633 795 715 aliam
821 654 896 698 oasa
921 633 960 698 ab
977 654 1010 698 eo
1033 635 1171 698 amissas

156 723 261 804 faerit,
278 723 321 787 od
332 722 551 805 proprietatem
566 722 661 803 fandi
678 727 855 787 reoertatnr.
882 723 965 805 qaod
984 723 1013 788 si
1031 723 1170 787 eondieio

158 833 221 876 non
243 812 389 894 extiterit,
411 831 485 876 asas
505 811 627 890 fractas
649 812 692 875 ad
712 809 848 875 heredem
864 811 1042 895 pertinebit,
1065 813 1112 876 ita
1133 815 1172 876 at

158 901 193 964 ia
214 902 281 965 eins
297 919 432 981 persono
454 900 561 964 omnia
583 900 686 964 eadem
707 904 864 964 sementar
891 899 987 983 [qaae
1014 901 1058 965 ad
1078 901 1171 964 omit-

158 991 282 1054 tendam
295 1008 386 1054 asam
396 987 534 1068 sraetam
545 989 699 1070 pertinent
710 993 739 1052 et
751 989 869 1054 serrari
881 988 1006 1074 solentJ.
1038 993 1170 1054 aeteram

157 1079 193 1142 in
224 1079 371 1142 eiasmodi
399 1078 568 1142 venditione
594 1079 791 1160 spectandam
816 1077 853 1142 id
878 1079 949 1160 erit,
980 1079 1063 1160 qaod
1087 1078 1171 1142 inter

157 1171 300 1231 ementem
321 1167 550 1247 vendentemque
567 1167 743 1250 convenerit,
766 1170 809 1248 at,
830 1167 860 1231 si
877 1168 1059 1248 apparaerit
1075 1167 1170 1250 tepoti

157 1275 253 1320 oaasa
279 1276 348 1320 eam
375 1275 466 1319 asam
490 1256 627 1337 fractam
654 1261 809 1337 enoeptam
834 1275 908 1334 esse,
932 1256 1026 1320 etiam
1048 1257 1078 1320 si
1099 1276 1169 1320 eoa-

156 1345 235 1410 dieio
263 1365 326 1409 non
352 1344 497 1424 extiterit,
528 1345 649 1408 restitai
675 1365 696 1408 a
722 1345 874 1408 omditore
900 1346 1029 1427 emptori
1056 1345 1167 1409 debeat.

247 1433 297 1496 17.
325 1432 363 1496 D.
378 1431 430 1516 38,
444 1433 473 1512 2,
488 1432 539 1496 35.
576 1431 665 1496 Idem
684 1430 741 1519 (so.
757 1430 943 1518 Iavolenus)
963 1432 1048 1498 libro
1066 1434 1167 1498 tertio

156 1519 391 1604 Epistularum.
412 1557 450 1566 —
471 1521 504 1585 A
527 1521 631 1586 teberto
653 1543 709 1586 sao
731 1522 836 1586 herede
857 1520 948 1586 Seias
969 1541 1061 1587 asam
1081 1522 1168 1603 frae-

157 1615 222 1674 tam
252 1611 347 1690 fandi
378 1608 503 1674 Maeoio
536 1610 653 1692 iepaoit.
694 1611 723 1675 is
755 1611 879 1675 idertas
910 1610 1034 1675 Maenio
1061 1610 1168 1676 herede

155 1699 258 1763 reiioto
287 1699 417 1764 decessit.
458 1719 582 1780 qaaere,
612 1719 681 1763 eam
712 1705 818 1764 eontra
848 1699 969 1764 tabams
996 1701 1169 1764 testamenti

150 1787 277 1868 petierit
297 1788 383 1869 diaes
405 1785 471 1851 Seii
488 1788 634 1852 adversas
651 1787 821 1866 Maeniam,
843 1792 949 1852 atmm
966 1789 1089 1853 dedaato
1106 1809 1168 1854 asa

153 1876 260 1956 sraotn
288 1895 366 1956 pars
397 1876 496 1940 debita
527 1877 556 1940 ei
582 1875 768 1961 (dimidia2)
790 1878 885 1959 fandi
909 1878 1097 1942 restitaendo
1125 1878 1170 1942 sit

156 1986 200 2029 aa
225 1965 339 2046 satida,
367 1965 442 2046 piria
469 1985 573 2030 eoram
600 1965 747 2030 bonoram
773 1966 920 2049 aooeperit
933 1967 1168 2052 possessionem,

155 2074 234 2136 qaae
256 2052 447 2117 liberticam
470 2059 638 2118 moreretar
657 2054 793 2134 faerant.

244 2141 429 2222 Respondit:
470 2163 562 2207 asam
599 2141 738 2222 fractam
773 2145 807 2207 ia
839 2162 967 2207 eaasam
991 2143 1167 2225 pristinam

155 2231 376 2296 restitamdam
394 2236 478 2312 pato.
524 2231 674 2313 optimam
695 2234 798 2314 itaque
816 2233 875 2296 erit
892 2231 1047 2296 arbitram
1058 2237 1165 2315 posta-

156 2320 221 2383 lare
238 2320 291 2402 (se.
310 2320 470 2384 interdieta
492 2339 623 2401 qaoram
646 2319 793 2384 bonoram
815 2321 961 2404 reddito),
983 2326 1020 2385 at
1035 2321 1168 2386 arbitrio

155 2409 222 2473 eins
242 2407 458 2488 asassrnetns
480 2409 515 2472 ire
537 2409 689 2490 intepram
712 2410 898 2474 restitaatar.

489 2567 539 2633 De
561 2568 698 2634 libertate
719 2568 833 2634 retiota.

247 2675 296 2742 18.
329 2674 368 2740 D.
388 2677 444 2760 38,
462 2674 496 2755 5,
517 2676 567 2740 12.
611 2673 783 2739 Iavolenus
806 2675 889 2739 libro
912 2673 1009 2739 tertio
1033 2673 1165 2757 Epistu-

159 2764 272 2828 larum.
289 2799 326 2810 -
343 2764 486 2830 Libertas
503 2785 572 2828 enm
588 2764 763 2846 fraadandi
773 2765 904 2845 patroni
920 2784 1015 2838 oaasa
1029 2764 1166 2845 faadam

161 2852 231 2918 Seio
249 2854 411 2936 mancipio
431 2853 523 2917 dare1
541 2854 634 2936 odiet,
654 2852 743 2919 Seiae
759 2853 841 2918 Titio
859 2855 1026 2937 mandauit,
1044 2857 1079 2916 at
1096 2872 1166 2917 eam

157 2940 355 3025 <mancipio>
366 2943 505 3024 arripiat,
518 2943 564 3007 ita
573 2947 608 3006 at
615 2944 696 3006 inter
705 2942 810 3007 Seiam
819 2947 847 3007 et
858 2942 973 3006 Titiam
983 2943 1166 3006 mandatam

154 3028 362 3094 contrahatur.
398 3051 520 3115 qaaere,
536 3036 608 3111 post
630 3037 756 3095 mortem
776 3031 874 3095 ir'berti
888 3035 1040 3112 patronas
1058 3034 1164 3094 atram

153 3136 224 3181 eam
237 3115 307 3182 Seio
326 3119 490 3182 damtaaat
506 3120 560 3200 qai
578 3121 739 3184 mandauit
755 3121 903 3184 actionem
921 3118 1017 3202 trabat,
1035 3139 1078 3182 om
1094 3139 1165 3184 eam

156 3205 239 3269 Titio
262 3207 317 3287 qai
336 3207 471 3286 fandam
491 3208 608 3292 retinet,
630 3228 674 3271 on
691 3228 760 3272 eam
778 3228 836 3289 qao
854 3208 924 3274 odit
940 3228 1029 3290 apere
1039 3208 1163 3290 possit?

243 3293 428 3375 Respondit:
457 3296 493 3359 in
525 3316 608 3378 eam,
639 3296 690 3359 eni
715 3298 840 3361 donatio
866 3299 1006 3379 quaesito
1032 3301 1089 3380 est,
1118 3297 1163 3361 ita

155 3386 258 3446 tamen
280 3383 308 3446 si
330 3383 483 3447 odiliam
506 3403 554 3448 res
566 3386 746 3469 pemenerit‚
769 3386 846 3450 aetio
864 3387 966 3468 datar,
988 3405 1164 3450 armornm

154 3473 320 3554 nepotiam,
352 3473 433 3552 qnod
462 3473 527 3537 eins
558 3473 711 3539 rotantate
737 3480 853 3558 postam
880 3475 935 3558 sit,
966 3475 1002 3540 in
1029 3475 1165 3540 eandem

227 3579 241 3626 1
264 3573 339 3630 Trea.
356 3575 476 3632 tradere.
