2602 3906
190 181 254 244 528
558 177 835 235 ADDI'PAMENTA.

279 344 332 408 49.
356 343 395 407 D.
418 343 470 427 50,
495 345 524 426 7,
545 344 594 408 18.
631 341 828 426 Pomponius
851 341 927 407 ibid.
954 379 991 388 —
1018 389 1047 406 ..
1067 341 1104 422 si,
1129 363 1201 406 oum

191 433 294 517 legati
317 432 402 516 apud
424 454 484 496 nos
508 435 615 496 essent
638 432 743 515 gentis
767 430 916 514 alieuius,
939 431 1060 496 bellum
1084 431 1131 495 eis
1156 432 1201 495 in·

193 522 314 585 dictum
339 522 391 600 sit,
413 542 603 604 responsum
623 524 672 583 est
689 519 808 584 liberos
828 541 882 584 eos
901 541 1028 584 manere
1049 519 1096 600 [id
1117 521 1202 583 enim

191 610 253 674 iuri
277 611 421 695 gentium
445 610 595 674 convenit
618 609 731 689 esset}

333 797 361 862 2.
385 794 439 860 Ad
464 795 629 861 edictum
653 793 837 858 aedilium
861 794 1063 858 curulium.

479 919 529 985 De
551 920 716 1002 mancupiis
737 919 915 984 vendundis.

282 1035 334 1100 50.
371 1034 410 1099 D.
438 1037 490 1118 21,
521 1037 547 1119 1,
574 1037 605 1118 4,
632 1037 662 1100 2.
703 1034 863 1118 Ulpianus
900 1033 983 1099 libro
1019 1034 1126 1117 primo
1165 1034 1204 1097 ad

193 1125 332 1189 edictum
370 1123 522 1188 aedilium
555 1124 721 1189 curulium.
760 1159 798 1168 —
837 1172 872 1188 ..
903 1123 1060 1187 aleatores
1094 1127 1128 1186 et
1160 1122 1205 1186 vi·

188 1215 300 1279 ,narius
324 1235 390 1278 non
413 1213 570 1278 contineri
594 1212 697 1276 edioto
716 1212 872 1296 quosdam
891 1211 1093 1295 respondisse
1112 1210 1205 1277 Pom·

192 1303 308 1387 ponius
332 1303 387 1385 ait,
410 1301 673 1385 quemadmodem
703 1323 762 1364 neo
781 1300 912 1384 gulosos
930 1323 989 1365 neo
1008 1301 1206 1384 impostores

193 1395 250 1456 aut
274 1391 440 1455 mendaces
465 1394 521 1455 aut
544 1388 714 1476 litigiosos.

434 1578 463 1642 3.
486 1577 544 1640 Ad
568 1577 735 1642 edictum
758 1575 961 1660 praetoris.

328 1701 393 1782 oua·
415 1702 478 1766 nisi
494 1721 556 1783 pro
578 1703 666 1766 certis
683 1701 824 1783 personis
850 1720 888 1765 ne
904 1700 1073 1782 postulent.

283 1815 347 1881 51?
376 1816 414 1881 D.
434 1818 463 1900 3,
482 1819 513 1900 2,
534 1817 583 1899 13,
601 1817 630 1880 7.
658 1815 818 1899 Ulpianus
841 1816 925 1880 libro
950 1819 1040 1880 sexto
1065 1814 1106 1878 ad
1126 1815 1207 1880 edio·

194 1910 271 1969 tum.
298 1940 334 1951 -
362 1904 472 1970 Poena
500 1905 630 1990 gravior
662 1906 748 1968 ultra
779 1905 884 1989 legem
912 1905 1065 1988 imposita
1096 1904 1208 1968 existi-

194 1994 370 2058 mationem
395 1998 571 2078 oonservat,
594 1998 630 2056 ut
654 1997 686 2057 et
710 1993 921 2058 constitutum
945 1998 994 2057 est
1018 1997 1051 2056 et
1074 2015 1208 2077 respon-

195 2105 275 2166 sum,
297 2085 414 2164 utputa
434 2083 462 2146 si
481 2105 553 2146 eum
574 2084 628 2166 qui
646 2087 738 2166 parte
757 2084 915 2146 bonorum
935 2082 1067 2146 multari
1086 2082 1208 2161 debuit,

68 2196 71 2203 ¹
194 2193 323 2255 praeses
347 2172 549 2256 relegaverit.

283 2283 319 2342 of.
345 2282 465 2343 Sueton.
490 2279 594 2342 Claud.
618 2302 640 2342 o.
666 2284 716 2342 14.

456 2438 505 2503 De
527 2438 696 2502 minoribns
718 2436 824 2502 XXV
841 2437 943 2501 annis

284 2555 348 2620 52?
372 2555 410 2619 D.
429 2556 459 2636 4,
483 2556 513 2633 4,
538 2554 566 2638 7,
589 2553 619 2617 9.
642 2552 732 2616 Idem
756 2561 814 2638 lso.
837 2550 1012 2635 Ulpianus)
1036 2551 1122 2616 libro
1147 2573 1210 2615 un-

197 2646 319 2710 decimo
352 2645 391 2708 ad
419 2644 567 2708 edictum.
602 2677 640 2690 -
677 2641 857 2706 Restitutus
881 2690 915 2706 ..
946 2662 1018 2705 uum
1052 2661 1087 2703 se
1120 2641 1208 2704 here

197 2734 292 2798 ditati
317 2733 450 2798 misceat
472 2732 524 2796 vel
547 2753 618 2796 eam
642 2730 736 2794 adeat
760 2752 855 2814 quam
879 2729 1070 2814 repudiavit,
1093 2750 1207 2794 rursus

196 2822 323 2886 restitui
342 2821 469 2905 poterit,
488 2824 524 2886 ut
552 2843 585 2886 se
614 2818 788 2902 abstineat3
812 2823 844 2882 et
871 2818 932 2884 hoo
957 2822 989 2882 et
1012 2818 1207 2901 rescriptum

197 2916 229 2973 et
251 2931 443 2993 responsum
467 2913 524 2974 est.
1006 2941 1012 2946 ·

364 3067 414 3133 De
436 3069 619 3134 alienatione
641 3069 749 3133 indicit
771 3067 914 3132 nutandi
935 3085 1038 3131 consu.

286 3181 350 3246 53?
374 3181 413 3246 D.
432 3183 463 3265 4,
483 3184 511 3265 7,
532 3185 581 3247 11.
604 3182 693 3246 Idem
718 3180 776 3270 (so.
795 3178 968 3266 Ulpianus)
988 3180 1072 3246 libro
1093 3181 1208 3266 quinto

198 3268 402 3351 Opinionum.
424 3306 461 3317 -
484 3267 564 3334 Oum
589 3271 681 3334 miles
704 3271 891 3353 postulabat
915 3291 972 3334 suo
992 3270 1124 3334 nomine
1144 3270 1210 3334 liti·

200 3379 275 3441 gare
295 3358 333 3421 de
351 3360 619 3442 possessionibus,
643 3380 722 3442 quas
743 3360 804 3422 sibi
824 3358 959 3423 donatas
980 3379 1049 3422 esso
1071 3358 1209 3440 dicebat,

198 3467 388 3528 responsum
432 3450 495 3531 est,
537 3448 565 3511 si
606 3447 716 3512 iudicii
757 3447 902 3512 mutandi
939 3467 1036 3511 eausa
1073 3446 1207 3511 donatio

198 3533 285 3598 facta
326 3533 437 3618 fuerit,
480 3537 620 3619 priorem
658 3535 823 3600 dominum
865 3537 1002 3620 experiri
1047 3539 1209 3618 oportere,
