2580 3900
16 1169 18 1302 l

425 241 466 292 11.
486 232 658 290 CANINIUS
677 233 829 289 REBILUS
1067 231 1129 295 197

394 416 444 481 De
466 417 625 481 interdicto
641 415 851 498 possessorio?

203 544 234 607 4.
264 540 303 607 D.
322 542 376 624 42,
395 542 425 625 5,
445 541 498 606 29.
546 539 666 604 Paulus
697 540 782 605 libro
816 539 928 624 quinto
959 538 999 602 ad
1027 539 1132 623 legem

116 631 231 696 Iuliam
257 634 291 694 et
313 629 448 714 Papiam
472 625 522 716 (P.
536 627 626 716 957).
650 665 693 676 -
716 628 859 694 Fufidius
883 629 983 693 refert
1006 630 1131 692 statuas

117 720 150 784 in
187 719 320 804 publico
356 720 480 802 positas
518 719 612 783 bonis
649 718 813 782 distractis
850 718 931 801 eius,
968 718 1059 782 euius
1097 717 1133 780 in

118 809 275 875 honorem
308 809 433 892 positae
466 811 555 892 sunt,
586 828 652 872 non
684 827 753 870 esse
786 807 942 889 emptoris
973 807 1132 870 bonorum

119 900 199 976 eius,
233 896 290 962 sed
324 901 380 960 aut
412 897 573 980 publicas,
606 896 634 960 si
667 895 802 961 ornandi
835 893 1004 977 municipii
1035 915 1133 959 eausa

118 988 244 1072 positae
269 986 349 1067 sint,
377 988 434 1049 aut
458 986 536 1066 eius,
559 985 648 1049 euius
671 984 706 1047 in
728 984 885 1048 honorem
907 983 1033 1067 positae
1057 983 1132 1062 sint,

121 1079 152 1140 et
174 1075 266 1140 nullo
291 1074 385 1139 modo
410 1095 464 1137 eas
488 1071 614 1138 detrahi
638 1095 743 1157 posse.
798 1097 799 1101 ¹

207 1187 245 1246 of.
266 1184 330 1246 Gai.
345 1187 376 1258 4,
392 1186 464 1244 145.
510 1179 674 1244 ‘Bonorum
701 1203 818 1261 quoque
841 1183 969 1259 emptori
992 1182 1133 1242 similiter

119 1277 296 1352 proponitur
314 1275 505 1334 interdictum
521 1265 576 1355 (so.
590 1273 798 1350 adipiscendae
811 1262 1034 1352 possessionis),
1052 1272 1133 1348 quod

120 1367 241 1442 quidam
263 1364 479 1441 possessorium
502 1355 626 1422 rosant’.

206 1455 251 1512 De
275 1454 383 1512 statuis
408 1470 524 1530 eorum,
549 1452 601 1528 qui
623 1451 750 1528 relegati
772 1455 845 1511 sunt
868 1470 903 1510 ex
927 1467 1018 1509 eausa
1041 1448 1131 1507 maie-

16 1543 17 1566 ³
121 1543 221 1620 statis,
245 1535 461 1602 ‘detrahendis'
485 1542 529 1600 ait
550 1541 736 1600 Modestinus
760 1541 863 1614 Dee,
880 1543 930 1616 19,
947 1541 996 1598 24.

352 1836 411 1918 ll.
448 1839 676 1914 CANINIUS
705 1839 907 1913 REBILUS

207 1985 289 2045 filius
317 1985 446 2044 oonsulis
474 1985 539 2045 suff.
559 2004 584 2046 a.
605 1987 659 2062 12,
691 1985 754 2060 ipse
782 1985 885 2044 oonsul
913 2002 990 2044 anno
1017 1983 1132 2044 incerto

122 2068 245 2153 (quippe
274 2093 363 2152 quem
389 2073 500 2133 Seneca
524 2074 560 2133 de
584 2075 648 2134 ben.
666 2076 694 2150 2,
710 2076 794 2152 21,5
819 2073 1006 2135 consularem
1030 2067 1133 2152 dieat),

123 2157 169 2222 ‘ob
183 2163 324 2223 libidines
338 2163 525 2222 muliebriter
539 2157 680 2234 infamis',
696 2157 859 2222 ‘eruciatus
874 2181 981 2241 aegrae
997 2165 1133 2222 sensatae

122 2254 210 2313 misso
233 2245 288 2328 per
309 2270 402 2312 renas
425 2252 569 2330 sanguine
589 2246 707 2330 effugit’
731 2271 757 2312 a.
773 2255 824 2313 56.
861 2252 929 2311 Tae.
941 2271 1007 2310 ann.
1021 2254 1070 2327 13,
1082 2252 1133 2310 30.

209 2339 350 2400 Rebilum
377 2341 469 2400 etiam
497 2334 618 2416 ‘peritia
640 2335 753 2418 legum’
777 2361 813 2400 ex
835 2339 1016 2416 primoribus
1039 2339 1133 2398 fuisse

123 2429 199 2490 idem
224 2431 330 2489 auctor
351 2429 371 2489 l.
386 2449 409 2488 o.
434 2430 534 2489 refert.
580 2429 617 2489 de
635 2429 785 2506 responsis
809 2430 871 2488 eius
894 2429 970 2487 nihil
992 2429 1132 2487 traditur.
1249 2471 1251 2475 -
