2596 3902
186 175 251 240 144
264 175 312 231 ΙΙΙ.
322 174 399 230 clu
408 173 556 230 CLAUDII
565 173 699 232 Nason,
712 174 857 230 GALBAE
867 174 974 231 ΤΕΜΡ.
983 175 1079 232 IURlS
1091 175 1195 232 CONS.

186 339 245 423 sit,
271 343 380 404 utrum
407 360 514 404 rerum
541 342 651 422 partes
678 360 722 402 an
746 339 928 405 aestimatio
951 339 1118 424 debeatur,

187 426 342 492 Proculus
373 430 405 492 et
433 425 540 492 Nerva
567 449 676 492 rerum
704 431 813 512 partes
841 449 910 493 esse
936 429 1061 513 legatas
1090 429 1200 494 existi·

185 519 364 584 maverunt.

494 610 542 670 De
564 611 654 685 lupulo
676 612 765 670 uxori
786 612 891 670 relicto,

280 721 330 786 19.
353 721 392 786 D.
402 721 455 805 32,
464 721 516 804 49,
527 721 557 785 6.
589 719 747 804 Ulpianus
767 720 851 785 libro
870 720 1045 787 vicensimo
1062 721 1201 787 secundo

187 809 226 874 ad
257 807 412 874 Sabinum
440 809 489 896 (P.
509 807 622 895 2638).
648 846 693 856 -
721 815 756 875 '..
789 813 825 874 ut
858 807 1090 896 legatum1(sc.
1115 811 1201 895 quod

187 899 280 964 uxori
297 898 446 963 relictum
465 897 528 981 est)
548 899 663 983 valeat,
682 897 796 963 mortis
815 902 961 982 tempore
980 920 1114 963 uxorem
1131 920 1201 964 esse

187 988 300 1052 debere
323 986 478 1057 Proculus
507 987 712 1072 scripsit
741 988 918 1071 [separatio
942 989 1028 1052 enim
1053 987 1201 1054 dissolvit

186 1077 354 1161 legatum}

274 1165 325 1231 20.
357 1165 397 1229 D.
417 1165 469 1247 34,
487 1165 519 1250 2,
536 1165 566 1229 3.
617 1162 728 1229 Celsus
762 1163 845 1230 libro
879 1187 964 1230 nono
993 1165 1115 1230 decimo
1144 1165 1199 1230 Di·

187 1257 352 1340 gestorum
377 1253 426 1339 (P.
442 1252 530 1340 169).
556 1251 722 1318 —Uxori
750 1255 873 1337 legavit
900 1276 982 1339 quae
1009 1254 1077 1318 eius
1101 1277 1199 1320 causa

185 1349 300 1428 parata
333 1346 417 1426 sunt,
450 1347 482 1406 et
516 1345 592 1406 ante
624 1348 762 1407 mortem
796 1342 936 1407 divortit.
981 1363 1047 1408 non
1082 1343 1198 1428 deberi,

185 1431 261 1519 quia
283 1432 434 1516 adempta
455 1429 636 1514 videantur,
658 1430 814 1496 Proculus
838 1431 893 1495 ait.

353 1597 400 1656 Dc
417 1598 455 1656 iis
477 1613 551 1670 quac
572 1597 625 1656 sut
649 1597 812 1656 corniciaco
832 1590 935 1656 relicta
955 1601 1031 1658 suat.

275 1708 328 1773 21.
363 1705 609 1790 D.35,1‚58.
663 1705 754 1771 Idem
786 1705 843 1794 (sc.
868 1703 1081 1794 Pomponius)
1114 1707 1198 1774 libro
1288 1761 1289 1796 ,

189 1797 312 1862 decimo
336 1818 375 1860 ex
397 1794 505 1860 Variis
528 1793 736 1860 Lectionibus
760 1791 810 1882 (P.
826 1791 916 1881 830).
938 1833 980 1843 —
1004 1793 1038 1860 Si
1063 1797 1199 1862 ancillae
1288 1809 1289 1872 i

187 1886 324 1968 alienae,
354 1906 427 1949 cum
457 1905 495 1948 ea
521 1883 693 1962 nubsisset
719 1885 864 1968 legatum
888 1886 945 1968 sit,
974 1885 1128 1950 Proculus
1151 1887 1199 1951 ait
1288 1907 1289 1986 ᾗ

188 1973 266 2038 utile
290 1974 435 2060 legatum
459 1993 542 2053 esse,
567 1974 643 2057 quia
665 1973 771 2056 possit
793 1973 992 2037 manumissa
1015 1974 1146 2039 nubere.
1288 2051 1289 2062 ¹

278 2069 313 2127 cf.
330 2065 392 2127 Gai.
405 2069 494 2146 1,19.
526 2067 611 2126 Iusta
631 2113 654 2126 ..
671 2085 764 2139 [causa
782 2066 1023 2127 manumissionis
1044 2069 1092 2127 est
1106 2069 1198 2128 velut'
1288 2113 1289 2118 η

187 2157 213 2217 si
240 2156 308 2234 quis
428 2156 568 2215 ancillam
599 2155 784 2216 matrimonii
811 2173 902 2215 causa
933 2156 1013 2231 apud
1040 2157 1198 2218 consilium
1288 2215 1289 2224 ,

190 2245 391 2304 manumittat.
1288 2237 1289 2244 ἵ

278 2347 330 2413 22.
359 2345 429 2411 Gai.
449 2347 478 2430 3,
499 2347 553 2412 98.
575 2383 617 2392 -
642 2393 699 2410 ...
728 2346 873 2411 diversae
900 2345 1029 2411 scholae
1053 2352 1201 2412 auctores

187 2435 292 2502 nihilo
321 2436 427 2501 minus
455 2436 602 2522 legatum
628 2435 742 2499 inutile
770 2434 958 2499 existimant
982 2431 1039 2521 (sc.
1064 2437 1124 2500 sub
1153 2437 1200 2501 in·

189 2524 341 2610 possibili
364 2525 551 2591 condicione
574 2519 738 2612 relictum)
762 2544 859 2610 quam
883 2524 1139 2607 stipulationem.

276 2617 340 2679 Gai.
356 2619 451 2680 addit:
471 2613 513 2679 ‘et
533 2637 604 2678 sane
620 2618 672 2678 vix
689 2618 797 2680 idonea
815 2617 999 2678 diversitatis
1018 2618 1096 2678 ratio
1114 2619 1203 2680 reddi

186 2701 307 2785 potest?

277 2811 329 2876 23.
353 2809 423 2874 Gai.
433 2811 463 2894 2,
474 2809 548 2876 200.
569 2845 610 2856 -
629 2807 714 2874 Illud
738 2808 912 2893 quaeritur,
935 2807 1018 2894 quod
1042 2807 1103 2873 sub
1128 2831 1203 2876 con·
1231 2867 1235 2874 .

191 2898 317 2964 dicione
340 2920 398 2981 per
421 2897 674 2962 vindicationem
696 2898 842 2981 legatum
865 2901 922 2976 est,
945 2896 1105 2981 pendente
1127 2920 1204 2964 con-

187 2988 311 3051 dicione
330 2987 419 3050 cuius
439 2990 525 3050 esset
543 3036 550 3050 .
567 3037 595 3051 ..
615 2985 758 3056 diversae
778 2984 907 3050 scholae
922 2990 1069 3051 auctores
1084 2991 1205 3070 putant

186 3074 309 3139 nullius
328 3074 458 3138 interim
478 3095 550 3138 eam
568 3095 637 3138 rem
654 3094 734 3159 esse,
753 3072 839 3157 quod
853 3074 956 3139 multo
971 3076 1075 3159 magis
1091 3074 1205 3142 dicunt

190 3163 229 3227 de
262 3185 299 3228 eo
333 3162 418 3246 quod
447 3184 525 3246 pure
553 3163 697 3249 legatum
725 3164 788 3244 est,
821 3166 995 3246 antequam
1024 3163 1204 3247 legatarius

190 3253 343 3317 admittat
364 3252 517 3336 legatum.

528 3354 575 3412 Ad
593 3355 674 3424 kyem
694 3354 861 3410 Falcidiam.

275 3447 329 3511 24.
364 3446 403 3511 D.
423 3447 476 3532 35,
494 3448 525 3532 2,
546 3449 574 3531 1,
594 3447 645 3512 14.
698 3445 818 3512 Paulus
852 3446 936 3512 libro
969 3447 1128 3533 singulari
1163 3450 1205 3515 ad

187 3535 293 3620 legem
317 3535 495 3601 Falcidiam
516 3533 565 3624 (P.
575 3535 679 3624 921⁰).
697 3573 742 3586 -·-
760 3534 794 3603 si
818 3535 984 3602 coheredis
1008 3537 1071 3602 mei
1094 3539 1204 3622 portio
