2570 3904
1043 170 1134 226 xxm

120 341 188 402 satis
221 343 310 400 const
328 342 351 400 t.
401 338 486 398 cuius
518 337 635 417 generis
667 339 790 398 fuerunt
821 338 941 397 liberae
962 339 1005 399 rei
1033 339 1133 416 publi·

121 449 165 490 cae
188 428 378 505 temporibus
402 425 432 487 C.
457 427 555 503 Scipio
579 426 702 506 Nasica,
725 427 769 487 Ti.
794 425 1009 505 Coruncanius,
1031 429 1063 490 P.
1082 429 1132 488 Li-

120 519 212 580 cinius
252 517 393 594 Crassus,
425 515 456 577 C.
489 515 631 594 Aquilius
669 515 787 594 Gallus,
823 515 922 576 Aulus
960 515 1132 596 Cascellius,

120 609 213 684 primo
245 610 317 684 post
352 605 553 681 principatum
594 605 791 664 consitutum
829 605 949 666 saeculo
989 597 1131 667 Cocceius

118 697 225 758 Nerva.
267 695 321 754 alii
343 694 419 754 iuris
441 694 533 771 periti
555 693 649 754 libros
673 693 792 769 quidem
812 694 848 755 de
866 694 932 754 iure
951 695 1033 757 civili
1052 715 1132 756 com-

28 857 29 860 ,
118 787 295 864 posuerunt,
327 783 526 860 respondendi
558 795 629 842 vero
662 782 759 843 officio
791 802 860 844 raro
888 785 1008 844 tantum
1035 785 1132 844 functi

28 861 30 888 ¹
119 886 180 936 csse
200 872 351 952 videntur,
371 872 455 932 cuius
474 871 592 950 generis
610 871 670 934 viri
688 874 723 930 ut
742 872 870 933 secundo
891 874 1010 933 saeculo
1029 875 1132 951 plures

119 959 297 1041 extiterunt,
333 961 378 1021 ita
412 981 455 1020 ne
484 965 572 1020 antea
607 961 727 1039 quidem
758 960 874 1021 desunt.
929 982 1020 1040 aque
1052 964 1134 1023 iuter

28 1079 30 1132 q
118 1053 229 1112 liberae
264 1051 308 1111 rei
340 1050 477 1126 publicae
507 1050 583 1110 iuris
610 1049 724 1126 peritos
752 1049 783 1109 in
810 1051 857 1109 his
885 1051 1034 1111 referendi
1062 1055 1134 1113 sunt

28 1155 30 1190 l
118 1140 257 1200 Aufidius
293 1139 429 1200 Namusa
463 1142 494 1199 et
525 1139 654 1200 Alfenus
686 1139 799 1212 Varus,
833 1139 913 1198 inter
943 1141 1032 1216 primi
1064 1145 1133 1217 post
1234 1211 1236 1217 ,

118 1229 321 1306 principatum
344 1228 542 1289 constitutum
565 1228 677 1287 saeculi
700 1227 812 1288 Fabius
835 1227 922 1290 Mela.

28 1369 30 1386 ,
203 1315 242 1378 In
268 1317 470 1395 proponendis
498 1320 529 1376 et
555 1317 705 1393 responsis
734 1320 764 1376 et
787 1317 932 1376 librorum
955 1317 1132 1394 fragmentis

28 1393 30 1476 ξ
117 1407 323 1555 additanqlenta
350 1408 606 1554 pqstcrorumteql
621 1405 782 1554 Iqstiniani
812 1406 941 1466 maxime
968 1406 1132 1483 interpola·

119 1497 213 1558 tiones
263 1499 310 1555 ete
334 1514 410 1554 ena
436 1499 469 1555 at
490 1514 527 1554 ue
566 1514 582 1554 o
608 1514 645 1554 en
666 1514 684 1553 a
707 1499 800 1556 erant.
857 1515 896 1556 ua
918 1495 952 1554 in
973 1514 1005 1555 re
1052 1514 1131 1556 uam·

118 1604 208 1662 quam
234 1514 339 1645 nostrga
367 1515 632 1644 aetateqnonnulli
660 1583 718 1644 viri
742 1516 906 1645 doctisgimi
930 1517 1131 1662 atqueqsaga·

120 1673 231 1733 cissimi
252 1674 441 1752 aliquantum
464 1673 594 1732 assecuti
617 1675 700 1750 sunt,
723 1676 824 1733 tamen
847 1673 946 1733 nescio
973 1693 1011 1733 an
1039 1675 1133 1736 maior

118 1781 186 1838 pars
205 1763 336 1839 posteris
355 1761 549 1840 relinquenda
568 1761 616 1824 sit.
653 1761 756 1838 itaque
773 1763 805 1821 in
820 1764 877 1822 hoc
891 1781 979 1839 opere
994 1765 1132 1824 veterum

118 1851 223 1929 oratio,
247 1869 324 1929 quac
348 1851 468 1929 quidem
490 1850 551 1910 iam
573 1851 622 1912 vel
640 1855 721 1910 certo
741 1853 789 1912 rel
807 1851 1004 1928 probabiliter
1022 1871 1040 1911 a
1058 1853 1131 1913 viris

117 1939 214 2000 doctis
240 1940 385 2000 restituta
413 1939 493 2000 esset
520 1939 569 2000 vel
600 1939 720 2000 rest'tui
748 1944 863 2018 posset,
890 1941 1016 2018 proponi
1044 1960 1130 2017 opor-

117 2027 210 2090 tebat.

204 2117 392 2194 Ubicumque
419 2117 555 2194 priorum
581 2117 773 2194 prudentium
801 2118 960 2198 librorum,
993 2119 1024 2178 id
1052 2119 1131 2198 quod

117 2225 177 2267 non
208 2225 278 2267 raro
310 2206 356 2280 fit,
389 2206 653 2283 interpretationes
690 2208 739 2268 vel
776 2207 924 2284 epitomae
961 2211 1081 2268 tantum
1113 2229 1131 2268 a

119 2296 247 2372 posteris
269 2297 367 2354 factae
390 2315 409 2357 a
432 2295 612 2356 Triboniano
634 2296 787 2356 adhibitae
807 2299 885 2372 sunt,
908 2299 944 2357 ut
962 2315 1051 2359 suurn
1070 2298 1131 2357 cui-

118 2405 174 2462 que
201 2385 402 2462 tribueretur,
429 2385 462 2444 in
489 2385 615 2463 singulis
637 2385 813 2464 fragmentis
836 2385 1010 2462 posterioris
1034 2387 1130 2446 oratio

118 2493 136 2533 a
157 2475 268 2552 prioris
292 2474 484 2535 discernenda
505 2477 579 2552 erat,
602 2474 680 2552 quod
699 2474 731 2534 in
749 2494 859 2552 magna
877 2477 963 2550 parte
981 2475 1131 2551 fragmen·

117 2566 219 2623 torum
242 2563 331 2623 hodie
353 2563 418 2623 fieri
440 2563 490 2624 vix
512 2567 620 2640 potest.
663 2583 723 2638 qua
747 2563 782 2622 de
805 2583 837 2622 re
861 2582 928 2622 cum
950 2563 1132 2640 generaliter

118 2653 261 2712 constitui
284 2654 426 2731 nequeat,
450 2653 485 2712 de
510 2652 636 2733 singulis
659 2651 745 2711 libris
768 2651 929 2712 videndum
954 2652 1008 2710 est.

207 2741 244 2800 In
268 2741 305 2800 iis
329 2760 446 2819 quoque
469 2741 568 2820 libris,
591 2742 623 2800 in
646 2739 755 2818 quibus
778 2743 809 2800 et
831 2739 965 2815 priorum
988 2756 1132 2815 responsa

118 2829 245 2890 collecta
282 2830 458 2909 digestaque
492 2834 562 2891 sunt
594 2833 625 2891 et
656 2829 780 2906 propria
813 2829 982 2908 colligentis
1014 2829 1132 2891 adiecta

118 2919 269 2996 videntur,
288 2920 401 2980 similes
422 2919 623 2980 dubitationes
640 2919 786 2994 oriuntur,
805 2919 889 2979 cuius
904 2918 948 2978 rei
963 2919 1131 2997 exemplum

28 2995 30 3010 '
118 3008 266 3082 praebent
287 3007 390 3068 Alfeni
412 3007 486 3069 Vari
509 3009 644 3086 Digesta.

207 3098 313 3175 Neque
337 3116 388 3157 eos
410 3098 503 3157 libros
525 3097 574 3158 ius
598 3098 683 3160 civile
706 3099 903 3172 illustrantes,
925 3099 978 3175 qui
996 3117 1014 3157 a
1032 3117 1130 3177 gram-

118 3186 237 3246 maticis
269 3186 426 3263 compositi
461 3186 601 3248 videntur
632 3205 709 3265 esse,
741 3187 837 3248 veluti
867 3186 948 3247 Aelii
981 3186 1060 3247 Calli
1095 3188 1130 3247 de

118 3276 279 3336 verborum
298 3276 336 3335 ad
353 3275 401 3336 ius
420 3275 506 3336 civile
525 3276 739 3352 pertinentium
759 3275 984 3355 significatione,
1008 3275 1131 3335 reicien-

119 3363 170 3425 dos
194 3364 317 3442 putavi3
345 3383 396 3424 eos
417 3384 503 3442 vero,
531 3364 640 3442 quibus
662 3385 699 3424 ne
722 3364 986 3443 grammaticorum
1010 3365 1131 3439 quidem

118 3471 200 3514 more
219 3473 269 3514 res
288 3456 466 3530 tractantur,
484 3454 580 3515 veluti
599 3453 726 3513 Senecae
745 3453 857 3512 librum
876 3453 912 3510 de
931 3448 1130 3518 matrimonio,

120 3544 255 3618 quamvis
278 3544 426 3604 nonnulla
444 3543 482 3604 ad
500 3544 548 3603 ius
566 3541 747 3620 pertinentia
765 3541 944 3611 referantur,
969 3553 1011 3594 ex.
1031 3551 1075 3607 gr.
1094 3531 1129 3586 de
