2596 3902
494 236 518 286 7.
537 229 723 287 PROCULUS
1049 231 1112 296 125

101 396 180 478 foetu
202 395 326 477 quidem
348 395 477 460 diuortio
497 395 649 460 orrtdotis
666 395 734 458 inre
751 399 808 459 out
819 414 878 476 per
895 395 1113 460 condictionem

103 489 231 567 repetere
248 487 326 548 reete
338 488 444 567 potest,
462 485 515 548 sed
530 483 559 548 is
576 483 665 548 enites
676 483 811 564 peeunio
828 487 873 548 est
888 488 964 548 reete
977 483 1114 550 uindicet

104 594 177 639 eom.
220 571 321 656 [quod
345 571 373 636 si
395 572 444 636 vir
466 593 537 636 eam
560 569 729 655 pecuniam
753 593 813 655 pro
837 593 895 636 suo
918 571 1111 657 possidendo

64 707 65 712 κ
104 661 264 745 usueapit,
295 659 416 725 scilieet
448 660 523 744 quia
554 660 750 725 existimavit
781 661 948 724 mulierem
976 661 1111 726 liberam

106 772 181 832 esse,
200 749 335 833 propius
355 752 412 829 est,
430 752 467 813 ut
485 747 666 816 existimem
685 770 759 812 eum
776 748 983 834 lucrifecisse,
1002 749 1113 833 utique

106 840 144 924 si,
175 842 347 922 antequam
374 838 615 903 matrimonium
643 859 713 902 esse
742 837 913 923 inciperet,
940 838 1115 923 usueepit].

104 928 182 993 etin
199 929 304 992 eodem
322 927 464 1009 opinione
482 945 566 1011 suen,
587 927 616 992 st
634 928 711 1008 qnid
727 945 764 990 en
782 947 819 991 eo
829 927 965 1010 perunte
977 928 1113 1011 paravit,
1188 963 1189 967 =

104 1021 267 1099 onteqnorn
294 1036 331 1079 eo
357 1017 410 1081 dos
435 1016 534 1101 steret,
559 1017 620 1100 ito,
646 1019 682 1079 ut
707 1036 760 1080 nee
781 1015 939 1097 possideat
965 1036 1034 1080 eoru
1060 1036 1113 1081 neo

104 1106 168 1171 dolo
189 1104 303 1186 feeerit,
324 1125 384 1187 qno
405 1105 511 1170 minus
531 1124 599 1168 eom
615 1104 793 1186 possideret.

190 1214 314 1275 Peruiee
338 1207 382 1274 11²
397 1217 460 1278 392
484 1219 546 1276 nl
572 1219 603 1275 et
625 1217 689 1276 398
700 1233 762 1292 sqq.

192 1304 258 1364 Gai.
275 1309 303 1381 1,
318 1306 358 1365 85
378 1305 476 1382 Iegem
495 1305 652 1380 quandam,
672 1305 757 1364 ouius
775 1323 883 1364 nomen
900 1304 999 1380 periit,
1018 1304 1113 1380 etiert,

104 1413 162 1473 qua
185 1393 222 1453 de
245 1412 280 1453 eo
298 1395 429 1472 cavetur,
453 1393 505 1469 qui
523 1387 603 1454 ‘eum
622 1393 719 1452 aliena
736 1393 845 1453 ancilla
863 1412 954 1471 quam
974 1391 1114 1452 credebat

103 1483 228 1542 liberam
250 1500 316 1542 esse
339 1482 463 1542 ooierIt.

386 1617 437 1684 De
458 1619 618 1684 uerborum
641 1619 830 1710 oblipotione.

191 1727 244 1791 28.
275 1724 312 1790 Ι).
326 1726 379 1805 46,
393 1726 423 1807 3,
438 1725 490 1791 84.
535 1725 690 1800 Prooulus
712 1725 796 1790 libro
821 1728 959 1810 sepIImo
983 1725 1114 1810 Epistu-

105 1815 217 1879 larum.
237 1850 276 1860 -
298 1813 406 1898 Egisti
425 1814 463 1879 de
482 1814 608 1898 peculio
627 1813 712 1879 servi
729 1813 860 1878 nomine
879 1835 951 1880 eum
970 1813 1112 1879 domino:

104 1925 169 1968 non
196 1924 266 1967 esse
293 1903 448 1968 liberatos
477 1901 681 1968 fideiussores
709 1903 776 1967 eius
804 1902 978 1986 respondit.
1026 1906 1060 1967 at
1086 1903 1113 1967 si

104 1987 190 2057 idem
219 2013 329 2057 servus
359 2012 397 2056 ex
421 1992 548 2075 peculio
572 2012 629 2056 suo
653 1990 810 2074 permissa
834 1991 1114 2057 administratione

103 2081 222 2166 peculii
253 2102 402 2145 nummos
432 2080 594 2162 solvisset,
624 2080 781 2145 liberatos
810 2101 879 2145 esse
908 2080 1113 2145 fideiussores

105 2169 174 2236 eius
196 2172 283 2234 reete
306 2169 425 2254 legisti.

504 2297 612 2358 Liber
634 2297 716 2357 VIII.

518 2414 568 2482 De
590 2417 705 2500 tepetis.

193 2523 246 2590 29.
275 2523 314 2588 Ι).
333 2524 390 2606 31,
409 2523 462 2589 48.
507 2523 597 2588 Idem
621 2522 678 2606 (se.
697 2519 868 2610 Proculus)
891 2523 974 2588 libro
999 2526 1114 2588 octavo

103 2611 338 2698 Epistularum.
355 2647 393 2658 —
409 2611 573 2676 Licinnius
586 2611 728 2677 Lucusta
741 2611 878 2676 Proculo
894 2633 952 2676 suo
968 2612 1115 2676 salutem.

104 2699 188 2768 Cum
211 2699 328 2785 <quis>
350 2700 450 2765 faeiat
472 2700 694 2765 condicionem
717 2701 751 2764 in
774 2700 947 2784 releganda
966 2699 1048 2783 dote,
1070 2703 1116 2784 ut,

104 2791 132 2858 si
154 2789 271 2854 mallet
292 2811 373 2854 uxor
395 2788 557 2874 mancipia
580 2810 661 2872 quae
685 2789 718 2853 in
742 2788 850 2852 dotem
874 2787 997 2852 dederit
1018 2810 1115 2873 quam

102 2878 274 2964 pecuniam
298 2881 513 2962 numeratam,
541 2878 708 2962 reciperet:
738 2877 764 2941 si
790 2898 828 2940 ea
851 2877 1013 2962 maneipia
1036 2899 1115 2942 uxor

104 2967 211 3050 malit,
234 2966 388 3051 numquid
412 2967 509 3031 etiam
528 2988 567 3030 ea
585 2966 753 3050 mancipia,
773 2988 855 3050 quae
873 2970 988 3050 postea
1007 2987 1044 3030 ex
1062 2967 1114 3032 his

103 3055 276 3141 mancipiis
300 3059 377 3121 nata
399 3059 488 3138 sunt,
510 3055 602 3120 uxori
626 3055 816 3141 debeantur,
840 3077 969 3139 quaero.

192 3144 345 3212 Proentus
375 3143 527 3210 Monetae
558 3164 614 3209 suo
645 3144 783 3210 salutern.
834 3143 871 3210 st
901 3165 981 3210 unor
1012 3145 1117 3210 multet

101 3234 262 3316 mancipio
280 3237 374 3316 quarn
391 3235 488 3298 dotem
506 3233 646 3316 accipere,
664 3234 734 3316 ipso
750 3234 918 3317 monento,
936 3254 1013 3316 qnae
1026 3235 1115 3298 ueste

101 3327 191 3387 moto
212 3323 246 3387 tn
271 3324 369 3388 dotem
391 3323 484 3405 dedit,
509 3342 571 3387 non
593 3323 687 3388 etium
705 3327 819 3404 portus
840 3324 1067 3404 mancipiorum
1088 3324 1116 3386 et

100 3411 295 3477 debebantur.

194 3500 246 3566 30.
277 3499 359 3566 Ibid.
382 3499 402 3580 ξ
427 3500 455 3563 1.
489 3535 531 3546 -
563 3497 727 3563 Bonorum
753 3498 940 3580 possessione
970 3497 1115 3561 dementis

100 3590 241 3654 enrntori
268 3589 344 3654 doto
372 3589 471 3673 Iepato
498 3609 519 3652 o
544 3591 695 3664 curatore,
722 3587 776 3668 qni
795 3586 951 3667 furiosum
974 3583 1114 3662 defendit,
1205 3580 1241 3585 “
