2590 3902
158 207 224 270 276
261 205 294 260 V.
312 201 462 256 NERVAE
481 199 529 255 ET
548 198 938 254 tantumtantum
957 195 1136 253 CONSULTI

244 371 378 432 Iulianus
392 370 482 431 verbo
497 363 637 429 ‘constat'
652 367 822 443 saepissime
836 385 908 428 nsua
925 369 979 426 est.
1002 367 1038 425 of.
1049 366 1080 426 P.
1092 368 1132 425 27
1138 368 1166 426 5.

158 465 229 522 282.
246 462 319 522 355.
335 462 407 520 397.
422 461 496 519 465.
512 460 585 518 478.
601 460 674 518 492.
690 459 762 516 551.

521 637 567 695 De
589 636 681 710 frendo
704 636 803 710 leuato.

247 757 290 823 32
318 754 534 838 D.35,1‚30.
580 753 669 819 Idem
697 750 928 841 (sedulianus)
953 752 1038 818 libro
1061 751 1168 835 primo

159 868 198 911 ex
216 844 350 910 Minicio
369 841 419 931 (P.
430 841 519 928 848).
538 879 582 891 -
600 840 634 907 Si
653 843 827 926 separatim
846 841 926 906 mihi
944 843 1032 905 totus
1051 841 1169 907 fundus

158 957 248 1020 pure,
271 934 333 999 tibi
357 933 416 999 sub
441 931 627 997 condicione
650 929 729 1014 <per
752 929 1021 1014 vindicationem>
1040 930 1169 1014 legatus

158 1023 259 1089 fuerit
291 1026 324 1086 et
354 1026 392 1086 tu
421 1020 606 1103 decesseris,
639 1023 814 1103 antequam
842 1018 986 1084 condicio
1015 1018 1171 1102 extiterit,

158 1137 219 1178 non
238 1117 354 1176 habebo
372 1115 582 1176 necessitatem
600 1113 726 1190 implere
745 1112 953 1190 condicionem,
971 1115 1077 1188 utpote
1092 1131 1171 1190 enm,

159 1207 278 1266 etiamsi
305 1204 438 1265 condicio
464 1202 619 1278 defecerit,
651 1221 721 1278 pars
746 1221 835 1279 quam
865 1201 1071 1263 vindicaturus
1094 1220 1169 1278 eras,

158 1295 233 1356 mihi
256 1295 417 1354 adcrescat.

527 1397 574 1457 De
595 1415 677 1458 servo
700 1399 798 1472 leuato.

250 1519 294 1586 42
323 1517 361 1584 D.
377 1519 428 1598 33,
442 1517 473 1600 5,
489 1517 539 1582 12.
583 1516 671 1582 Idem
695 1516 749 1601 (sc.
772 1513 931 1603 lulianus)
959 1516 1042 1581 libro
1065 1517 1171 1601 primo

161 1632 199 1676 ex
217 1607 349 1673 Minicio
368 1603 417 1693 (P.
433 1603 524 1693 847).
541 1641 583 1652 -
603 1602 701 1670 Servo
725 1605 917 1691 generaliter
940 1606 1047 1690 legato
1070 1611 1171 1672 verius

161 1705 208 1764 est
231 1719 333 1762 omnes
356 1699 493 1778 heredes,
522 1700 547 1760 si
571 1699 613 1759 eis
637 1699 743 1762 electio
767 1698 839 1758 data
860 1703 919 1772 est,
947 1698 1074 1758 eundem
1099 1699 1172 1760 dare

161 1790 279 1868 deber05
315 1789 340 1848 ri
371 1808 431 1848 non
461 1788 650 1848 consentiant
680 1788 817 1864 heredes,
849 1807 885 1847 ex
911 1790 1091 1848 testamento
1120 1807 1172 1849 eos

160 1878 265 1938 teneri.

504 1982 551 2042 D'e
573 1984 700 2044 tabernis
722 1984 830 2058 tepetis.

250 2101 280 2166 5.
308 2099 347 2165 D.
366 2101 418 2185 33,
432 2101 461 2182 3,
478 2103 506 2166 1.
556 2099 701 2167 Iulianus
729 2102 812 2169 libro
841 2103 944 2188 primo
973 2124 1011 2167 ex
1039 2101 1172 2170 Minioio

162 2190 210 2276 (P.
230 2187 319 2276 845).
347 2225 391 2236 —
420 2189 482 2266 Qui
514 2190 593 2255 duas
626 2189 778 2257 tabernas
806 2192 993 2272 coniunctas
1021 2191 1173 2272 habebat,

162 2301 215 2344 eas
245 2277 389 2364 singulas
418 2278 542 2344 duobus
570 2279 700 2366 legavit.
747 2280 929 2366 quaesitum
957 2286 1021 2365 eet,
1044 2281 1072 2346 si
1095 2280 1174 2365 quid

162 2389 201 2432 ex
224 2368 388 2454 superiore
406 2368 542 2433 taberna
559 2369 593 2432 in
612 2368 797 2434 inferiorem
816 2367 1056 2435 inaedificatum
1076 2375 1174 2456 esset,

160 2479 239 2522 num
257 2456 391 2522 inferior
413 2458 502 2521 oneri
520 2456 656 2523 ferundo
674 2458 709 2522 in
736 2457 909 2543 superioris
929 2459 1081 2523 tabernae
1100 2460 1171 2526 loeo

164 2546 390 2611 contineretur.
427 2546 592 2631 respondit
611 2548 799 2612 servitutem
816 2546 1003 2630 impositam
1019 2546 1129 2613 videri.

248 2640 347 2701 Loous
375 2642 533 2716 corruptus
560 2641 688 2701 fortasse
717 2641 759 2702 sio
786 2640 939 2700 emendari
970 2658 1057 2717 posse
1084 2645 1173 2718 puto:

163 2749 236 2789 num
258 2729 381 2790 inferior
404 2730 487 2789 oneri
510 2730 635 2792 ferundo
661 2727 719 2808 [iu]
743 2729 904 2806 superioris
927 2728 1068 2789 tabernae
1087 2723 1172 2810 [luco

162 2811 243 2896 con]
265 2821 423 2878 teneretur.

252 2904 425 2982 Sequuntur
445 2906 530 2966 haee:
555 2901 700 2967 ‘Iulianus
722 2910 820 2967 notet:
843 2906 998 2967 videamus
1021 2901 1084 2966 ...'

529 3082 576 3140 De
599 3084 688 3157 leyato
711 3085 805 3144 debiti.

252 3198 294 3264 62
318 3199 423 3278 D.30,
440 3199 512 3265 105.
545 3200 633 3265 Idem
654 3198 711 3287 (sc.
727 3199 887 3290 Iulianus)
906 3202 989 3267 libro
1008 3201 1112 3286 primo
1133 3225 1174 3268 ex

163 3285 295 3351 Minicio
325 3284 373 3373 (P.
389 3284 477 3374 846).
504 3324 541 3338 -
566 3287 727 3375 Legatum
753 3291 801 3356 ite
827 3296 909 3356 erat:
937 3291 1030 3376 ‘quae
1052 3290 1173 3358 Lucius

164 3375 270 3441 Titius
285 3376 366 3440 mihi
381 3377 483 3460 debet,
501 3399 539 3442 ea
553 3378 645 3444 heres
660 3400 748 3444 meus
764 3377 930 3445 Cornelius
946 3380 1022 3445 dare
1036 3380 1173 3446 damnas

163 3462 253 3530 esto'.
294 3464 376 3531 nihil
396 3466 533 3550 amplius
553 3490 592 3534 ex
610 3467 671 3533 hoo
690 3468 798 3554 legato
818 3491 914 3554 quam
933 3469 1075 3535 actiones
1095 3491 1172 3536 suas

163 3552 256 3618 heres
278 3558 443 3638 praestare
466 3555 569 3622 debet.
