2590 3902
398 199 423 247 4.
447 193 478 247 L.
497 191 681 248 uramus
698 191 846 248 Perseus
1060 191 1122 256 341

477 379 524 438 De
545 381 636 439 sacia
657 380 766 454 legatia

206 481 259 546 11.
290 479 329 545 D.
348 481 401 558 33,
419 480 451 565 5,
469 481 519 546 18.
570 478 726 546 Scaevola
756 480 841 546 libro
871 481 969 546 tertio
1000 481 1124 547 decimo

116 568 350 646 Quaestionum
370 568 420 656 (P.
435 567 524 656 171).
550 606 589 616 -
614 569 756 634 Homine
773 570 885 654 legato
903 567 1056 634 Neratius
1077 569 1124 634 ait

13 675 14 678 ’
115 658 197 723 nihil
225 658 279 743 agi
304 657 473 742 repudiato
495 657 665 742 Pamphilo
689 657 799 744 itaque
822 680 895 722 eum
917 659 1026 743 ipsum
1048 657 1125 743 eligi

139 768 222 813 osse.

115 771 138 834 P
207 835 263 902 12.
280 833 321 901 D.
334 834 386 916 35,
403 838 431 919 1,
445 836 498 901 37.
533 835 652 902 Paulus
676 836 759 901 libro
779 835 938 922 singulari
957 835 996 900 ad
1015 837 1123 920 legem

115 923 243 990 Fufiam
263 923 433 990 Caniniam
452 921 501 1011 (P.
516 922 604 1012 925).
630 960 669 972 -
695 923 820 1009 Siquis
839 946 921 1008 eum,
940 945 1034 1010 quem
1053 925 1123 1007 ipsc

116 1014 344 1078 manumittere
365 1036 431 1078 non
453 1018 593 1098 poterat,
619 1015 777 1099 legaverit
798 1013 858 1092 ite,
881 1016 919 1078 ut
942 1035 1014 1077 eum
1037 1013 1124 1097 lega-

115 1104 219 1167 tarius
251 1103 508 1186 manumitteret,
541 1103 618 1183 [etri
645 1125 665 1166 a
692 1103 802 1187 legato
830 1124 896 1167 non
923 1101 1122 1186 repellatur,]

117 1213 183 1258 non
202 1196 253 1256 est
272 1191 510 1275 compellendus
536 1194 573 1256 ut
596 1194 813 1273 manumittat,
832 1191 984 1277 quoniam
1003 1190 1123 1255 totiens

118 1279 292 1345 secundum
329 1281 530 1346 voluntatem
567 1281 734 1346 testatoris
771 1280 877 1345 facere
913 1279 1126 1364 compellitur,

13 1419 14 1456 (
117 1370 266 1454 quotiens
294 1373 406 1434 contra
432 1369 538 1454 legem
565 1369 648 1434 nihil
676 1369 720 1434 sit
742 1369 896 1435 futurum.
941 1369 1039 1452 idque
1062 1365 1127 1431 Ne·

13 1463 14 1502 ³
83 1462 85 1466 ’
117 1458 220 1522 ratius
248 1458 392 1540 scripsit,
420 1462 588 1524 ettamen
614 1480 634 1522 a
660 1458 768 1543 legato
795 1480 860 1523 non
886 1479 956 1522 esse
979 1479 1052 1521 eum
1074 1477 1125 1520 rs-

117 1546 317 1630 pellendum,
350 1547 503 1630 quoniam
535 1547 640 1630 magis
670 1546 863 1632 legatarium
891 1545 1011 1631 aliquid
1040 1565 1125 1612 com-

118 1635 249 1701 modum
276 1639 415 1702 testator
441 1636 477 1699 in
502 1635 565 1700 hoc
594 1656 686 1700 servo
716 1657 812 1720 quam
834 1636 984 1700 heredem
1007 1633 1125 1698 habere

13 1773 14 1776 ,
119 1725 282 1789 voluisset.

205 1817 326 1877 inclusa
347 1819 440 1878 verba
463 1836 481 1876 a
504 1817 684 1878 Tribonicno
707 1818 823 1878 inserta
845 1837 910 1878 esse
932 1817 1057 1878 Pernice
1080 1817 1127 1876 III

118 1927 147 1982 p.
162 1909 203 1967 36
227 1911 290 1966 nl
314 1906 435 1967 indicat.

210 2009 261 2074 13.
289 2007 328 2072 D.
347 2008 398 2088 30,
416 2007 460 2073 45
468 2029 514 2092 pr.
560 2005 758 2093 Pomponius
781 2008 866 2074 libro
891 2012 980 2074 sexto
1005 2008 1046 2072 ad
1070 2006 1126 2073 Sa·
1213 2021 1215 2025 “

120 2097 232 2163 binum
264 2095 314 2184 (P.
332 2096 422 2184 498).
452 2133 493 2144 -
522 2093 557 2161 Si
589 2121 608 2162 a
641 2097 817 2162 substituto
845 2096 962 2182 pupilli
992 2097 1125 2162 ancillas

119 2187 178 2250 tibi
199 2185 358 2271 legasscm
379 2207 496 2271 easque
514 2189 550 2250 tu
570 2208 589 2250 a
606 2187 729 2270 pupillo
749 2186 881 2251 emisses
901 2192 933 2251 et
952 2191 1127 2271 antequam

121 2274 219 2340 scires
242 2275 303 2339 tibi
327 2275 452 2359 legatas
476 2296 546 2340 esse
570 2274 772 2359 alienaveris,
794 2275 875 2339 utile
893 2275 1038 2358 legatum
1057 2295 1127 2339 esse

120 2361 274 2428 Neratius
297 2367 330 2428 et
354 2362 466 2429 Aristo
489 2368 523 2427 et
546 2361 661 2428 Ofilius
684 2364 834 2448 probant.

433 2547 480 2605 Dc
501 2548 647 2606 Muciano
670 2547 809 2607 cautroue.

210 2648 261 2713 14.
285 2645 323 2713 D.
334 2647 386 2731 35,
402 2647 431 2731 1,
443 2648 517 2732 lpr.
548 2644 709 2731 Ulpianus
724 2647 807 2712 libro
822 2651 936 2720 octavo
952 2642 1125 2731 decimo(l)

123 2737 162 2801 ad
181 2733 337 2801 Sabinum
359 2734 410 2822 (P.
424 2734 536 2820 2595).
559 2771 602 2782 -
624 2734 794 2800 Mucianae
818 2736 976 2800 cautionis
1000 2733 1127 2798 utilitas

13 2869 14 2906 3
122 2825 271 2890 consistit
292 2826 326 2891 in
350 2824 605 2906 condicionibus,
634 2845 714 2909 quae
737 2825 772 2888 in
794 2846 859 2890 non
882 2822 1028 2888 faciendo
1053 2828 1128 2887 sunt

13 2939 14 2946 ¹
123 2917 306 2998 conceptae,
329 2917 367 2979 ut
393 2918 474 2998 puta
501 2911 541 2978 ‘si
565 2914 599 2977 in
619 2911 815 2998 Capitolium
837 2935 903 2977 non
927 2911 1128 2996 ascenderit',

123 3001 161 3066 ‘si
185 3000 331 3069 Stichum
358 3025 424 3068 non
453 3001 687 3067 manumiserit'
711 3003 799 3066 etin
823 3001 998 3086 similibus3
1028 3001 1129 3065 etita

123 3092 268 3158 Aristoni
291 3097 324 3157 et
346 3091 479 3158 Neratio
504 3093 536 3154 et
558 3091 686 3157 Iuliano
710 3090 816 3156 visum
839 3095 898 3157 est.

449 3274 500 3334 Ad
522 3276 609 3349 leuem
632 3275 805 3336 Falcidiam.
912 3275 915 3282 '

213 3375 262 3442 15.
292 3376 330 3441 D.
350 3374 402 3460 35,
421 3376 450 3457 2,
470 3375 521 3441 82.
567 3374 726 3460 Ulpianus
754 3375 839 3440 libro
868 3379 983 3440 octavo
1013 3372 1129 3457 Dispu-

123 3465 283 3530 taticnum
308 3463 356 3552 (P.
373 3462 461 3548 144).
485 3500 527 3510 -
552 3463 779 3547 Quaerebam,
803 3486 875 3529 cum
899 3465 926 3527 is
950 3462 1003 3546 qui
1025 3461 1129 3525 solum

123 3553 155 3618 in
179 3555 310 3619 nomine
329 3553 566 3640 quadringenta
584 3554 617 3616 in
637 3553 731 3617 bonis
750 3551 891 3616 habebat
909 3553 972 3635 ipsi
992 3547 1129 3613 debitori
