2580 3900
520 223 545 271 2.
565 217 726 274 PEGASUS

420 433 470 500 De
491 435 671 499 aocrcitorio
693 437 819 501 actione.

203 557 256 621 22.
275 555 315 620 Ι).
332 558 383 640 14,
399 559 426 642 1,
438 560 466 637 1,
477 559 507 624 8.
542 556 703 641 Ulpianus
718 559 802 623 libro
820 559 994 625 vicensimo
1009 566 1123 626 octavo

16 663 17 666 ’
116 645 153 710 ad
187 645 328 710 edictum
357 642 406 732 (P.
425 643 514 732 816).
542 683 583 693 -
613 646 696 723 Quid
728 647 756 711 si
784 653 928 712 mutuam
955 651 1123 733 pecuniam

16 757 17 800 ;
117 735 291 818 sumpserit
321 731 379 821 (sc.
408 737 564 822 magister
595 732 716 822 navis),
749 758 790 800 an
822 737 890 801 eius
917 740 965 802 rei
993 739 1124 803 nomine

116 823 260 886 videatur
287 823 436 907 gestum?
482 829 515 889 et
537 823 680 909 Pegasus
707 825 885 909 existimat,
913 827 941 890 si
966 826 1006 891 ad
1030 849 1125 892 usum

16 915 17 956 ἒ
115 912 182 975 eius
215 911 276 994 rei,
309 913 341 976 in
372 934 468 996 quam
496 913 700 997 praepositus
729 918 791 997 est,
823 912 922 979 fuerit
948 919 1124 1000 mutuatus,

115 1000 253 1064 dandam
277 1001 448 1067 actionem.

203 1110 269 1172 Gai.
288 1112 318 1188 4,
338 1115 388 1173 71.
434 1106 453 1171 ἵ
468 1157 475 1172 .
491 1114 688 1173 ,exercitoria
709 1104 764 1194 (so.
787 1104 881 1195 actio)
903 1114 1002 1173 locum
1024 1114 1125 1189 habet,

116 1220 182 1260 oum
214 1204 304 1277 pater
334 1201 509 1262 dominusvo
540 1201 636 1261 filium
664 1221 820 1262 servamve
847 1203 1028 1279 magistrum
1055 1207 1125 1264 navi

115 1290 334 1366 praeposuerit,
363 1294 395 1348 et
421 1291 492 1367 quid
520 1309 588 1349 cum
615 1309 650 1350 eo
679 1292 743 1350 eius
770 1291 814 1350 rei
841 1292 941 1369 gratia
967 1293 1016 1351 cui
1038 1310 1125 1368 prae·

114 1379 231 1454 positus
254 1377 358 1455 fuerit,
381 1384 501 1455 gestum
523 1371 602 1438 erit'

439 1569 493 1633 Aa
514 1569 607 1652 repam
627 1568 800 1651 aquarum.

201 1691 255 1757 23.
287 1691 327 1756 D.
341 1692 371 1770 9,
386 1693 416 1775 2,
430 1693 459 1772 5,
474 1694 503 1757 2.
553 1689 715 1776 Ulpianus
743 1692 826 1756 libro
855 1695 970 1758 octavo
999 1694 1122 1760 decimo

113 1780 153 1845 ad
185 1781 326 1845 edictum
359 1778 408 1867 (P.
432 1778 533 1868 613⁰).
565 1817 607 1827 —
640 1781 887 1866 ..quaerimus
919 1782 947 1846 si
979 1783 1122 1848 furiosus

113 1869 268 1934 damnum
290 1869 422 1951 dederit,
445 1892 486 1934 an
509 1871 591 1955 legis
615 1869 766 1955 Aquiliae
789 1871 875 1935 actio
899 1871 964 1938 siet
1009 1877 1042 1937 et
1064 1871 1122 1937 Pe·

113 1973 210 2042 gasus
238 1960 385 2043 negavit3
412 1980 493 2043 quae
521 1959 608 2023 enim
631 1959 665 2022 in
688 1980 725 2023 eo
749 1957 844 2043 culpa
867 1959 922 2042 sit,
950 1983 1022 2026 curn
1046 1984 1123 2027 suae

113 2045 231 2111 mentis
255 2069 320 2112 non
346 2047 411 2111 sit?

201 2171 255 2236 24.
283 2169 321 2234 D.
340 2171 370 2250 9,
384 2173 415 2252 2,
429 2171 458 2251 7,
472 2172 502 2236 2.
551 2168 714 2255 Ulpianus
742 2172 827 2237 libro
856 2176 970 2237 octavo
998 2173 1122 2241 decimo

113 2261 151 2324 ad
179 2259 321 2324 edictum
343 2256 393 2345 (P.
412 2256 516 2346 614⁸).
542 2295 579 2306 -
605 2261 681 2326 ..si
709 2260 819 2343 lapsus
848 2261 964 2345 aliquis
992 2283 1122 2327 servum

113 2350 254 2413 alienum
277 2369 374 2413 onere
392 2350 556 2432 presserit,
578 2347 721 2433 Pegasus
741 2350 788 2412 ait
805 2349 877 2434 lege
897 2351 1030 2434 Aquilia
1048 2373 1123 2415 eum

111 2439 215 2502 teneri
237 2437 284 2500 ita
307 2437 449 2520 demum,
475 2437 503 2501 si
525 2437 576 2502 vel
599 2439 671 2522 plus
695 2438 781 2502 iusto
806 2459 839 2501 se
862 2439 1047 2503 oneraverit
1069 2441 1121 2504 vel

113 2526 336 2613 neglegentius
359 2547 417 2610 per
439 2526 599 2591 lubricum
622 2527 799 2590 transierit.

466 2738 516 2804 De
536 2738 769 2804 iurisdictione?

200 2860 254 2926 25.
276 2860 317 2925 D.
330 2862 360 2942 2,
378 2863 405 2944 1,
422 2865 471 2945 11,
486 2864 515 2928 2.
557 2860 657 2928 Gaius
679 2863 763 2926 libro
788 2861 892 2946 primo
916 2861 957 2927 ad
980 2862 1121 2929 edictum

112 2949 310 3034 provinciale
342 2947 391 3036 (P.
414 2951 481 3037 56).
511 2987 550 2999 -
586 2951 621 3017 si
652 2974 717 3016 una
748 2950 833 3017 actio
866 2953 1044 3018 communis
1078 2955 1121 3019 sit

111 3039 254 3123 plurium
274 3061 495 3124 personarum,
517 3040 618 3106 veluti
636 3040 779 3105 familiae
797 3040 1012 3126 erciscundae,
1034 3064 1121 3108 com·

112 3126 203 3193 muni
231 3126 417 3212 dividundo,
445 3130 556 3194 finium
580 3130 810 3214 regundorum,
837 3134 947 3195 utrum
971 3131 1121 3217 singulae

111 3218 221 3298 partes
253 3217 446 3300 spectandae
474 3223 549 3284 sunt
576 3218 659 3283 circa
687 3218 940 3284 iurisdictionem
969 3221 1037 3285 eius
1065 3221 1120 3305 qui

62 3387 64 3392 Ι
112 3305 291 3388 cognoscit,
319 3306 404 3390 quod
433 3306 529 3372 Ofilio
556 3311 588 3371 et
611 3307 747 3372 Proculo
773 3308 893 3391 placet,
921 3309 996 3392 quia
1022 3331 1120 3373 unus-

112 3393 246 3477 quisque
269 3393 307 3458 de
331 3399 422 3480 parte
445 3417 504 3460 sua
527 3396 650 3480 litigat,
674 3418 717 3460 an
738 3397 847 3479 potius
870 3399 942 3460 tota
959 3417 1020 3477 res,
1043 3397 1120 3480 quia

112 3486 146 3544 et
175 3484 247 3546 tota
278 3504 329 3548 res
361 3484 393 3548 in
425 3483 575 3549 iudicium
604 3485 694 3548 venit
720 3489 752 3546 et
779 3483 831 3549 vel
857 3483 914 3548 uni
942 3482 1120 3547 adiudicari

114 3573 233 3652 potest,
257 3573 341 3654 quod
365 3571 477 3638 Cassio
501 3576 534 3637 et
558 3571 681 3654 Pegaso
707 3571 821 3654 placet

165 3681 262 3747 Iurlspr.
275 3685 395 3726 antehadr.
409 3685 458 3727 roll.
473 3685 507 3726 ed.
521 3683 620 3724 Bremer.
642 3683 703 3734 11,a.
926 3673 959 3720 14
