2590 3902
411 217 435 264 4.
458 211 490 265 L.
509 209 692 266 NERATIUS
710 209 859 266 PRISCUS
1072 209 1137 273 347

126 373 273 438 monium
300 371 446 437 futurum
472 394 538 438 non
565 373 618 438 sit
662 372 760 458 idque
788 377 821 437 et
843 371 992 438 Aristoni
1018 378 1052 439 et
1074 372 1137 439 Ne

125 462 211 526 ratio
235 465 269 526 et
291 459 472 546 Pomponio
494 463 609 546 placet.

216 551 270 614 40.
287 549 327 614 D.
339 551 390 634 11,
401 552 430 635 7,
439 551 483 615 20
491 573 539 635 pr.
569 551 658 615 Idem
673 548 916 637 (chlpianus)
930 551 1016 616 libro
1031 552 1137 617 vicen·

126 641 208 704 simo
233 639 346 723 quinto
366 639 407 704 ad
425 639 566 706 edietum
585 638 635 726 (P.
647 635 748 725 753⁰).
767 675 809 685 -
828 639 981 705 Neratius
1000 641 1136 724 quaerit,

125 730 152 794 si
175 729 218 812 is,
242 729 299 812 qui
321 727 429 793 dotem
452 729 584 794 dederat
606 750 665 813 pro
689 728 833 812 muliere,
856 728 1032 812 stipulatus
1057 731 1134 811 [est]

125 817 204 882 duas
218 819 328 900 partes
342 815 426 882 dctis
440 817 540 901 reddi,
552 819 684 882 tertiam
698 816 784 902 apud
799 817 951 882 maritum
960 839 1135 898 remanere,

15 959 16 994 ,
123 910 240 990 pactus
272 905 329 990 sit,
361 927 401 969 ne
433 907 509 990 quid
538 907 675 972 maritus
703 907 738 970 in
764 905 860 970 funus
889 906 1061 991 conferret,
1093 929 1136 972 an

15 1015 16 1080 ι
123 995 290 1060 funeraria
321 995 455 1059 maritus
487 999 644 1061 teneatur.
695 999 727 1060 et
760 995 820 1079 ait,
851 994 879 1058 si
909 994 1039 1078 quidem
1067 995 1136 1079 ipse

124 1084 298 1168 stipulator
321 1083 488 1148 mulierem
511 1083 687 1168 feneravit,
703 1085 810 1148 locum
833 1104 903 1147 esse
921 1089 1016 1168 pacto
1036 1086 1069 1147 et
1087 1085 1136 1148 in·

122 1174 236 1238 utilem
272 1173 302 1235 ei
333 1172 528 1237 funerariam
561 1173 645 1258 fore3
681 1173 710 1236 si
742 1193 820 1237 vero
852 1172 934 1248 alius
966 1172 1136 1256 feneravit,

122 1283 221 1345 posse
240 1282 314 1325 eum
328 1261 481 1326 maritum
496 1261 675 1344 convenire,
694 1261 769 1345 quia
783 1264 880 1346 pacto
894 1260 957 1326 hoc
970 1260 1135 1344 publicum

121 1351 173 1415 ius
196 1349 332 1433 infringi
351 1371 417 1414 nen
435 1350 548 1434 possit.
585 1351 662 1436 quid
680 1353 790 1416 tamen
810 1351 838 1414 si
856 1349 927 1433 quis
946 1349 1055 1414 dotem
1073 1349 1135 1415 hac

122 1440 194 1525 lege
223 1437 346 1502 dederit
373 1460 432 1523 pro
459 1440 608 1524 muliere,
635 1443 673 1505 ut
697 1439 737 1503 ad
760 1440 867 1523 ipsum
889 1438 1022 1523 rediret,
1049 1437 1078 1503 si
1099 1439 1134 1502 in

122 1527 331 1592 matrimonio
363 1531 493 1592 mortua
524 1534 624 1610 esset,
656 1532 712 1594 aut
743 1549 872 1612 quoque
904 1526 999 1592 modo
1027 1528 1133 1593 soluto

122 1614 353 1681 matrimonio?
398 1615 553 1700 numquid
587 1617 639 1682 hic
672 1618 707 1682 in
737 1616 835 1682 funus
867 1638 933 1681 non
964 1615 1133 1681 conferat?

123 1705 180 1768 sed
203 1726 275 1769 cum
296 1703 353 1768 dos
373 1707 477 1770 morte
496 1706 640 1770 mulieris
660 1705 701 1770 ed
720 1727 793 1770 eum
811 1705 1004 1791 pervenerit,
1024 1709 1134 1789 potest

122 1793 186 1858 dici
210 1791 354 1858 conferre
378 1815 460 1858 eum.

210 1883 262 1946 41.
291 1880 328 1945 D.
343 1883 396 1965 24,
410 1883 440 1959 3,
457 1883 507 1964 17,
521 1883 550 1948 2.
596 1882 716 1948 Paulus
738 1883 822 1948 libro
847 1882 985 1966 septimo
1010 1883 1050 1948 ad
1074 1881 1132 1948 Sa·

122 1971 235 2037 binum
258 1969 306 2056 (P.
323 1967 449 2056 176612).
473 2008 511 2018 -
537 1969 573 2036 Si
599 1970 634 2035 in
658 1969 777 2036 iudicio
800 1973 847 2038 rei
867 1969 1016 2038 acone
1038 1971 1133 2037 iudex

121 2060 306 2146 ignorantia
326 2059 405 2124 iuris
424 2059 534 2143 lapsus
554 2061 815 2126 condemnaverit
833 2061 987 2126 maritum
1006 2061 1039 2126 in
1059 2062 1133 2127 soli·

123 2149 207 2233 dum,
226 2147 380 2213 Neratius
396 2146 535 2213 Sabinus
550 2148 617 2215 doli
632 2150 818 2235 exceptione
833 2171 906 2215 eum
920 2149 969 2214 uti
984 2153 1133 2234 oportere

122 2239 214 2304 aiunt
237 2259 336 2322 eaque
359 2242 466 2302 tutum
488 2237 566 2304 fore.

285 2420 332 2480 De
354 2421 556 2480 ιιοιιαιιιιιιιιιε
578 2423 653 2480 inter
675 2424 771 2481 virum
794 2425 820 2480 et
841 2439 967 2480 uxorem.

210 2541 263 2604 42.
282 2538 321 2604 D.
329 2539 381 2620 24,
394 2539 459 2623 1,5,
467 2539 496 2604 5.
525 2537 683 2623 Ulpianus
693 2541 777 2605 libro
788 2540 978 2625 trigensimc
993 2540 1131 2604 secundo

122 2628 161 2693 ad
191 2625 348 2693 Sabinum
374 2625 424 2714 (P.
442 2625 569 2711 276412).
589 2663 630 2674 -
655 2626 810 2693 Neratius
912 2627 1131 2693 venditionem

122 2716 308 2784 donationis
326 2738 424 2782 causa
441 2717 527 2781 inter
546 2717 651 2781 virum
670 2722 703 2781 et
721 2739 852 2782 uxorem
872 2717 991 2781 factam
1009 2716 1131 2780 nullius

122 2827 191 2871 esse
219 2806 388 2884 momenti,
421 2807 449 2869 si
476 2805 584 2884 modo,
618 2826 690 2869 cum
719 2805 861 2870 animum
893 2806 1026 2870 maritus
1055 2827 1131 2869 ven·

122 2894 217 2959 dendi
235 2916 300 2959 non
317 2894 460 2979 haberet,
483 2894 600 2959 idcirco
620 2893 838 2958 venditionem
857 2898 1058 2959 commentus
1078 2894 1130 2979 sit,

122 2987 158 3048 ut
180 2983 328 3066 donaret3
357 2983 520 3048 enimvero
548 2983 590 3066 si,
617 3005 689 3047 cum
718 2983 860 3047 animum
887 2982 1046 3048 vendendi
1074 2983 1129 3048 ha·

121 3071 226 3157 beret,
249 3093 287 3137 ex
305 3072 410 3156 pretio
430 3073 459 3136 ei
477 3073 608 3154 remisit,
628 3071 845 3136 venditionem
864 3071 993 3155 quidem
1012 3071 1128 3157 velere,

120 3162 343 3226 remissionem
381 3164 488 3225 autem
525 3161 681 3226 hactenus
716 3181 781 3225 non
812 3161 934 3240 valere,
971 3164 1129 3246 quatenus

119 3249 207 3315 faeta
229 3256 280 3314 est
302 3249 504 3334 locupletior.

209 3340 261 3405 43.
288 3337 328 3402 D.
343 3339 395 3421 24,
411 3338 505 3422 1,26,
521 3338 550 3403 1.
596 3337 715 3402 Paulus
738 3338 821 3403 libro
846 3338 984 3424 septimo
1008 3337 1048 3402 ad
1072 3335 1129 3403 Sa·

120 3426 232 3492 binum
257 3424 431 3514 (P.1751).
454 3463 495 3473 -
519 3425 570 3490 Ex
593 3427 710 3510 quibus
733 3429 837 3492 causis
860 3426 945 3491 inter
967 3427 1072 3491 virum
1096 3429 1130 3490 et

193 3590 207 3638 1
229 3583 304 3640 Trio.
324 3583 404 3640 dotis.
