2568 3912
170 155 236 218 552
538 151 815 209 ADDITAMENTA.

171 316 239 380 dati
267 315 350 380 actio
380 337 438 381 nec
466 316 671 402 negotiorum
694 320 859 402 gestorum
884 320 946 400 est3
970 317 1027 382 sed
1050 317 1185 402 quidam

173 403 286 469 utilem
308 409 425 489 putant
447 405 517 469 dari
541 410 697 489 oportere.

259 523 407 602 Ulpianus
441 525 537 585 addit:
574 519 695 602 ‘quibus
731 545 791 586 non
823 527 990 602 consentio,
1019 526 1187 586 secundum

170 612 250 690 quod
273 617 305 673 ot
326 614 490 690 Pomponio
515 608 652 674 videtur’.
693 610 788 674 nihilo
811 614 910 674 minus
932 615 1054 674 Pernioe
1079 616 1188 674 verba:

171 695 235 760 ‘sed
335 696 482 778 oportere'
506 704 608 779 spuria
631 721 694 762 esse
719 706 815 777 putat.

563 883 614 949 De
636 885 792 950 solutione

263 1007 336 1073 110.
360 1007 430 1073 Gai.
445 1010 475 1090 3,
492 1010 563 1075 160.
584 1045 625 1055 —
643 1005 820 1094 (Utilitatis
835 1030 932 1072 causa
945 1011 1111 1092 receptum
1124 1013 1189 1093 est,

171 1099 211 1161 ut
239 1098 267 1162 si
295 1106 422 1162 mortuo
446 1121 484 1163 eo
507 1101 562 1182 qui
585 1099 666 1162 mihi
689 1098 906 1181 mandaverit,
928 1097 1086 1182 ignorans
1111 1119 1185 1161 eum

173 1185 348 1251 decessisse
376 1193 527 1251 executus
550 1188 640 1252 fuero
664 1187 864 1271 mandatum,
892 1207 988 1270 posse
1011 1207 1063 1250 mo
1088 1208 1188 1272 agere

172 1276 317 1340 mandati
345 1272 495 1362 actione.)
542 1281 575 1340 et
602 1275 676 1340 huie
703 1275 809 1338 simile
838 1281 888 1339 est
913 1275 998 1359 quod
1020 1275 1187 1360 plerisque

171 1363 308 1446 placuit,
336 1365 363 1428 si
392 1365 518 1429 debitor
541 1386 629 1428 meus
653 1364 850 1428 manumisso
874 1363 1088 1446 dispensatori
1112 1384 1187 1428 meo

169 1469 229 1536 per
251 1454 467 1536 ignorantiam
491 1453 633 1535 solverit,
656 1453 785 1516 liberari
810 1474 881 1516 eum

262 1560 335 1625 111.
359 1557 397 1623 D.
418 1558 579 1642 12,1,21.
620 1558 710 1622 Idem
735 1557 791 1642 (sc.
814 1555 972 1642 Iulianus)
997 1558 1082 1624 libro
1107 1581 1188 1643 qua·
1261 1565 1263 1600 ⁴

171 1647 376 1731 dragensimo
405 1654 519 1712 octavo
549 1646 767 1732 Digestorum.
786 1684 828 1694 -
853 1647 992 1723 Quidam
1021 1648 1185 1712 existima·
1263 1657 1264 1674 ¹

173 1740 289 1800 verunt
306 1757 410 1821 neque
429 1758 511 1820 eum,
534 1736 589 1821 qui
608 1735 716 1802 decem
734 1740 868 1820 peteret,
891 1735 1071 1819 cogendum
1092 1737 1184 1820 quin·

173 1844 234 1907 que
266 1825 409 1908 accipere
443 1829 475 1889 et
509 1827 634 1910 reliqua
665 1829 828 1908 persequi,
865 1846 969 1908 neque
1002 1846 1092 1909 eum,
1129 1825 1185 1910 qui

171 1912 323 2013 fundum·
355 1935 447 1977 suurn
496 1913 629 1996 diceret,
679 1917 803 1998 partem
854 1915 1023 1978 dumtaxat
1064 1913 1187 1979 iudicio

174 2022 334 2085 persequi

557 2108 607 2174 De
625 2109 803 2174 actionibus.

263 2231 336 2299 112.
361 2229 429 2298 Gai.
445 2233 476 2316 4,
489 2233 543 2298 29.
566 2270 608 2280 -
699 2233 795 2297 certis
819 2232 925 2297 verbis
943 2233 1063 2318 pignus
1082 2234 1187 2317 capio

172 2321 269 2386 batur
299 2327 331 2385 11
363 2322 404 2387 ob
437 2321 469 2386 id
504 2323 663 2406 plerisque
695 2322 844 2405 placebat
875 2321 960 2385 hanc
984 2343 1112 2406 quoque
1135 2344 1186 2386 ac·

173 2411 295 2476 tionem
313 2411 394 2496 legis
414 2412 573 2477 actionem
593 2433 672 2493 osse,
690 2411 881 2495 quibusdam
902 2414 1008 2474 autem
1028 2409 1188 2494 <contra>

171 2501 330 2584 placebat,
348 2501 489 2584 primum
508 2500 594 2585 quod
612 2499 756 2584 pignoris
775 2498 869 2582 capio
883 2503 975 2562 extra
987 2499 1038 2562 ius
1052 2519 1184 2583 perage·

178 2590 286 2672 batur,
313 2589 345 2653 id
374 2594 425 2654 est
451 2612 518 2654 non
547 2588 631 2674 apud
654 2592 850 2671 praetorem,
872 2588 1062 2671 plerumque
1085 2587 1185 2652 etiam

175 2678 307 2742 ahsente
331 2679 515 2744 adversario

265 2786 336 2850 113.
366 2783 405 2850 1.
425 2786 481 2869 50,
501 2785 702 2870 1o,aas‚2.
743 2743 833 2848 idem
862 2779 919 2868 (se.
950 2778 1066 2870 caius)
1099 2782 1187 2847 uum

177 2876 267 2938 sexto
296 2874 336 2938 ad
364 2874 469 2959 legem
498 2875 663 2941 duodecim
688 2873 881 2937 tabularum.
912 2907 950 2918 -
1055 2871 1184 2955 quidam

174 2964 306 3045 putant,
329 2961 445 3046 pignus
469 2965 597 3047 proprie
621 2961 666 3028 rei
692 2961 821 3027 mobilis
845 2959 1007 3025 constitui.

266 3068 337 3134 114.
363 3067 430 3133 Gai.
444 3069 475 3150 4,
489 3066 531 3134 58
543 3091 588 3152 sq.
620 3107 664 3116 -
687 3067 722 3134 Si
749 3068 783 3132 in
812 3065 1085 3131 demonstratione
1109 3065 1183 3149 plus

176 3159 233 3219 aut
256 3156 361 3219 minus
384 3157 524 3240 positum
549 3157 601 3237 sit,
624 3157 705 3221 nihil
728 3158 763 3221 in
786 3156 940 3220 iudicium
964 3153 1137 3219 deducitur.
1152 3203 1186 3220 ..

175 3243 231 3310 sed
255 3250 330 3308 suut
352 3245 407 3328 qui
430 3248 547 3328 putant
569 3244 675 3309 minus
699 3250 783 3310 recte
807 3243 1042 3328 comprehendi,
1069 3247 1104 3308 ut
1128 3243 1187 3328 qui

176 3333 260 3397 forte
289 3329 435 3397 Stichum
463 3336 496 3394 et
524 3332 658 3397 Erotem
691 3333 816 3413 emerit,
848 3336 934 3396 recte
965 3332 1110 3397 videatur
1137 3336 1187 3395 ita

177 3421 398 3484 demonstrare
426 3419 523 3503 ‘quod
551 3441 613 3506 ego
640 3420 678 3484 de
701 3425 733 3484 te
757 3420 920 3485 hominem
943 3419 1076 3486 Erotem
1100 3419 1187 3502 emi',

177 3513 210 3572 et
233 3507 261 3572 si
284 3507 374 3590 velit,
398 3513 436 3571 de
459 3503 570 3573 Sticho
594 3508 658 3572 alia
680 3508 819 3573 formula
842 3512 919 3592 agat
