2590 3902
414 209 440 258 4.
463 203 493 258 L.
512 201 695 260 NERATIUS
714 202 863 260 PRISCUS
1076 203 1141 268 321

125 365 342 450 discedamus,
360 387 456 450 quum
475 369 512 430 ut
529 387 630 431 novae
650 366 807 451 quaedam
826 367 1042 452 obligationes
1057 368 1143 433 inter

123 476 187 520 nos
211 455 461 521 constituantur.

491 579 541 645 De
563 580 779 646 conmunione.

215 685 268 752 25.
297 683 335 751 D.
354 685 404 770 10,
418 687 449 768 2,
463 686 514 752 54.
560 685 715 751 Neratius
743 685 828 751 libro
855 688 954 752 tertio
980 688 1140 756 Membra·

122 796 251 839 nerum.
280 809 322 822 -
350 773 405 860 En¹
432 774 610 840 hereditate
637 773 730 840 Lucii
757 773 850 856 Titii,
882 798 964 861 quae
997 778 1077 843 mihi
1106 781 1140 843 et

122 864 190 928 tibi
204 863 385 929 communis
399 866 480 949 erat,
493 863 586 928 fundi
599 868 725 946 partem
740 884 846 928 meam
860 864 1007 950 alienavi,
1022 867 1139 932 deinde

122 952 269 1018 familiae
293 953 497 1018 erciscundae
520 952 674 1017 iudicium
696 953 782 1018 inter
804 972 863 1016 nos
886 957 1054 1036 acceptum
1079 962 1139 1022 est.

122 1062 231 1126 neque
261 1063 300 1105 ea
325 1062 401 1126 pers
429 1063 511 1126 quae
539 1062 611 1106 mea
633 1042 697 1106 fuit
718 1041 754 1106 in
775 1041 893 1107 iudicio
918 1043 1039 1127 reniet,
1068 1066 1140 1109 cum

124 1130 268 1213 alienate
291 1129 329 1193 de
352 1129 528 1195 hereditate
553 1130 674 1212 exierit,
695 1151 799 1214 neque
821 1134 887 1209 tua,
909 1130 985 1214 quia
1008 1133 1137 1197 etiamsi

122 1220 273 1283 remanet
304 1218 338 1281 in
369 1219 506 1302 pristino
537 1219 607 1284 iure
638 1217 895 1303 hereditarieque
928 1224 991 1302 cst,
1028 1226 1136 1286 tamen

123 1306 321 1373 alienatione
350 1328 438 1372 meae
464 1307 567 1391 partis
595 1308 662 1372 exit
688 1307 727 1372 de
750 1307 983 1374 communione.
1029 1312 1138 1374 utrum

122 1400 235 1460 autem
266 1417 349 1460 unus
381 1397 475 1461 heres
507 1401 634 1481 partem
667 1418 759 1461 suam
786 1417 852 1461 non
879 1396 1070 1462 alienaverit
1098 1420 1140 1462 nn

121 1485 249 1571 plures,
275 1484 358 1549 nihil
385 1485 534 1568 interest,
563 1485 709 1550 simodo
733 1485 841 1570 aliqua
862 1483 970 1570 portio
994 1486 1135 1553 alienata

7 1593 8 1660 ξ
120 1574 167 1638 ab
191 1573 302 1658 aliquo
326 1595 365 1637 ex
387 1574 559 1639 heredibus
581 1573 777 1638 hereditaria
800 1596 870 1639 esse
893 1574 1001 1640 desiit.

532 1752 582 1818 De
603 1753 731 1837 urqtiis.

212 1859 266 1924 26.
284 1856 454 1942 D.50,1‚9.
490 1857 642 1924 Neratius
657 1859 740 1924 libro
754 1859 853 1924 tertio
868 1858 1138 1927 Membranarum.

7 1941 8 1960 ¹
122 1983 168 1994 -
185 1947 278 2029 Eius,
302 1947 356 2030 qui
379 1947 501 2013 iustum
524 1951 650 2032 patrem
671 1946 863 2034 nonhabet,
885 1949 990 2033 prima
1008 1951 1099 2037 origo
1119 1973 1139 2016 a

123 2040 228 2102 matre
248 2057 350 2121 eoque
370 2036 430 2120 die,
454 2058 517 2121 quo
537 2059 575 2102 ex
595 2058 633 2101 ea
651 2036 755 2102 editus
774 2039 833 2122 ast,
851 2039 1016 2104 numerari
1034 2040 1139 2106 debet.

211 2129 257 2190 De
290 2132 425 2190 materna
457 2130 572 2210 origine
605 2131 641 2190 cf.
661 2131 697 2192 D.
717 2133 768 2210 50,
790 2134 817 2205 1,
838 2134 867 2206 1,
886 2134 920 2210 2,
953 2133 988 2193 de
1020 2153 1056 2194 eo
1084 2135 1137 2213 qui

121 2219 230 2280 matris
254 2217 457 2279 condicionem
480 2219 629 2299 sequitur,
652 2219 718 2280 Gai.
734 2223 762 2298 1,
778 2222 817 2281 67
830 2239 894 2298 sqq.

296 2390 346 2456 Dc
368 2393 530 2457 donatione
550 2393 632 2458 once
653 2392 756 2456 virum
777 2396 807 2456 et
826 2413 962 2476 oaorem.

212 2499 265 2564 27.
293 2497 332 2562 D.
346 2499 399 2576 23,
414 2499 444 2582 3,
458 2498 510 2564 53.
554 2498 708 2565 Neratius
737 2497 822 2563 libro
850 2498 946 2564 tertio
974 2496 1136 2563 Membra·

8 2609 9 2664 ἶ
122 2609 248 2654 narum.
269 2623 309 2634 -·-
330 2584 412 2653 oum
435 2586 484 2653 vir
506 2588 598 2654 uxori
623 2587 742 2653 donare
765 2586 871 2670 vellet,
895 2586 1021 2652 debitor
1043 2588 1137 2652 muli-

9 2707 10 2752 ]
121 2677 185 2742 eris
213 2675 269 2760 qui
292 2676 446 2742 solvendo
469 2698 537 2742 non
559 2680 629 2742 erat
651 2676 760 2741 dotem
782 2674 811 2740 ei
834 2675 990 2760 promisit
1037 2674 1135 2740 adid

121 2764 301 2848 dumtaxat,
327 2765 366 2828 ad
390 2765 474 2850 quod
498 2765 651 2831 soluendo
675 2764 747 2847 fuit,
770 2762 832 2828 viri
854 2763 997 2848 periculo
1021 2785 1059 2830 ea
1081 2786 1135 2830 res

9 2921 10 2934 2
121 2857 185 2937 est,
217 2857 251 2918 et
278 2853 306 2918 si
333 2854 409 2938 quid
436 2853 576 2920 debitori
603 2853 644 2920 ad
671 2853 860 2920 solvendum
887 2851 1054 2918 facultatis
1084 2875 1135 2919 ec-

9 2973 10 3028 ,
120 2943 269 3022 cesserit,
295 2943 474 3027 periculum
502 2942 641 3010 adeam
669 2963 828 3008 summum
857 2963 939 3027 quae
965 2944 1136 3008 accesserit

120 3036 245 3098 crescet
262 3031 529 3116 permanehitque
548 3032 655 3112 etiam,
675 3031 703 3098 si
716 3053 828 3098 rursus
842 3030 1014 3116 pauperior
1027 3032 1134 3098 fectus

9 3195 11 3218 ,
123 3121 198 3204 erit,
224 3118 300 3204 quia
322 3141 425 3204 neque
448 3124 528 3206 tum,
550 3142 622 3188 cum
646 3121 703 3188 dos
726 3120 984 3206 promitteretur,¹
1002 3121 1134 3188 donatio

9 3219 10 3298 ᾗ
121 3207 210 3276 facta
238 3212 290 3274 est
315 3209 378 3274 nisi
405 3209 474 3276 eius
501 3210 654 3295 pecuniae
682 3232 764 3296 quoe
791 3233 811 3274 a
838 3209 984 3276 debitore
1013 3211 1135 3276 servari

9 3301 10 3330 ³
121 3318 189 3364 nou
216 3300 359 3382 poterat,
386 3319 489 3384 neque
512 3319 585 3366 cum
609 3298 762 3364 solvendo
785 3299 813 3364 is
838 3320 908 3364 esse
931 3301 1050 3384 coepit,
1077 3299 1134 3366 do·

10 3403 11 3412 ¹
121 3387 264 3454 nationis
293 3407 390 3454 causa
416 3390 616 3473 permoneat,
644 3409 716 3454 cum
743 3409 781 3453 eo
808 3388 879 3453 loco
909 3409 960 3454 res
985 3387 1043 3472 sit,
1066 3409 1130 3473 quo

121 3481 217 3561 esset,
241 3475 270 3540 si
291 3479 362 3542 turn
384 3498 520 3563 qnoque,
542 3498 615 3542 cum
637 3477 881 3561 promitteretur
899 3475 967 3561 dos,
989 3476 1134 3560 locuples

122 3562 245 3630 fuisset.

173 3678 271 3728 Iurirpr.
284 3677 402 3720 antehadr.
415 3677 466 3720 rell.
479 3677 514 3719 od
528 3677 627 3718 Bromer.
650 3678 682 3730 11,
691 3680 710 3719 2.
887 3671 920 3718 21
