2596 3902
512 236 535 284 7.
554 228 742 286 PROCULUS
1070 231 1132 294 149

128 415 196 458 mea
228 393 380 476 interest,
413 396 534 476 quanto
567 393 608 457 ob
641 392 674 458 id
707 393 846 459 deterior
879 397 941 478 est,
974 396 1007 459 et
1039 417 1135 479 quam

127 483 285 547 actionem
316 481 414 547 semel
447 503 485 545 ex
513 482 668 566 stipulatu
694 483 813 548 habere
842 483 945 567 coepi,
978 505 1049 547 eam
1076 504 1136 547 nse

127 571 285 636 evictione
306 592 364 635 nee
387 576 491 635 morte
513 592 572 636 nec
595 573 849 637 manumissione
871 594 930 637 nec
953 572 1031 658 fuga
1050 572 1135 640 servi

125 682 181 725 nec
200 660 269 725 ulla
288 659 388 726 simili
406 681 504 724 causa
523 659 643 743 amitti3
663 665 697 724 at
716 661 743 724 si
762 662 797 724 in
817 660 912 726 bonis
930 661 1010 726 meis
1029 660 1133 725 faetus

125 771 187 814 non
217 749 273 829 sit,
301 748 382 813 nihil
410 749 451 814 ob
480 770 517 812 ea
544 747 735 832 pauperiorl
762 749 838 835 sim,
864 753 978 834 utpote
1006 771 1077 816 cum
1101 751 1136 813 in

125 838 217 903 bonis
241 837 322 902 meis
341 858 407 902 non
426 837 479 902 sit.
516 837 601 922 quod
620 837 648 902 si
668 859 783 902 sanum
802 859 880 920 esse,
904 860 1050 904 erronem
1069 860 1136 903 non

125 949 193 992 esse
218 925 391 1009 stipulatus
414 948 528 1010 essem,
551 930 679 991 tantum
701 949 773 992 mea
791 927 956 1010 interesse,
979 931 1136 1012 quantum

125 1016 163 1080 ad
195 1020 399 1100 praesentem
431 1037 526 1079 usum
555 1016 743 1100 pertineret,
776 1015 906 1080 tametsi
933 1016 968 1080 in
997 1017 1134 1081 obscuro

126 1113 224 1186 esset,
249 1107 363 1187 utpote
386 1103 612 1188 ignorantibus
634 1104 744 1185 nobis,
772 1103 925 1188 quamdiu
949 1126 1021 1169 eum
1043 1102 1135 1167 habi-

124 1196 215 1258 turus
245 1213 348 1257 essem
377 1198 410 1258 et
437 1214 480 1256 an
507 1193 650 1257 futurum
678 1197 780 1278 esset,
803 1196 840 1258 ut
868 1214 941 1257 eum
967 1193 1137 1276 quisquam

125 1285 180 1346 aut
209 1304 229 1347 a
256 1303 307 1346 me
335 1285 392 1346 aut
419 1282 461 1345 ab
491 1303 528 1346 eo
556 1283 608 1347 eui
634 1282 853 1348 vendidissem'
873 1283 963 1348 cuive
988 1280 1137 1345 similiter

124 1371 344 1454 promisissem
363 1371 532 1436 evinceret.
573 1393 733 1435 summam
753 1377 860 1435 autem
879 1370 1039 1454 opinionis
1059 1391 1136 1434 suae

124 1460 207 1524 hanc
240 1481 324 1544 esse,
356 1464 393 1523 ut
420 1463 547 1524 tantum
576 1483 615 1525 ex
643 1482 681 1524 ea
709 1460 920 1545 stipulatione
949 1480 1136 1542 consequar,

84 1559 86 1564 '
126 1548 238 1633 quanti
263 1570 335 1613 mea
357 1547 486 1613 intersit
509 1552 565 1613 aut
587 1554 663 1632 post
686 1549 931 1633 stipulationem
954 1547 1135 1612 interfuerit

127 1659 197 1702 eum
222 1659 350 1703 servum
373 1636 546 1722 fugitivum
569 1659 635 1701 non
659 1635 759 1702 esse.2

212 1727 267 1791 4l.
294 1726 333 1791 D.
351 1726 404 1808 42,
425 1727 454 1809 8,
468 1726 521 1805 25,
540 1725 569 1790 5.
614 1724 790 1791 Venuleius
812 1726 896 1791 libro
920 1729 1011 1791 sexto
1034 1723 1138 1789 Inter·

126 1815 285 1880 dictorum
319 1812 367 1900 (P.
386 1811 469 1900 27¹³).
501 1851 543 1860 -
576 1814 731 1880 Proculus
763 1816 822 1900 ait,
856 1816 883 1880 si
915 1815 1031 1879 mulier
1063 1817 1138 1899 post

125 1904 360 1969 alienationem
388 1904 571 1987 conceperit
600 1907 632 1968 et
661 1907 832 1988 antequam
856 1908 1019 1989 ageretur,
1041 1925 1138 1987 pepe·

127 1993 219 2072 rerit,
252 1992 376 2056 nullam
400 2013 471 2057 esse
495 1991 742 2077 dubitationem,
773 1994 850 2078 quin
872 1997 985 2078 partus
1008 1992 1138 2056 restitui

124 2103 189 2146 non
214 2081 341 2164 debeat3
367 2080 504 2164 sivero,
527 2103 599 2146 cum
623 2082 828 2167 alienaretur,
851 2104 1011 2169 praegnas
1031 2081 1137 2164 fuerit,

125 2192 220 2258 posse
244 2170 306 2235 dici
328 2173 460 2254 partum
483 2191 608 2256 quoque
632 2170 760 2237 restitui
783 2175 941 2257 oportere.

487 2381 531 2436 De
548 2381 642 2436 iacula
659 2382 778 2437 erudita.

212 2491 265 2555 42.
289 2488 327 2556 Ι).
342 2490 395 2572 20,
409 2491 441 2574 4,
457 2491 506 2555 13.
543 2490 664 2556 Paulus
679 2491 764 2556 libro
780 2491 894 2576 quinto
909 2489 949 2555 ad
964 2487 1137 2553 Plautium.

126 2616 164 2627 -
186 2578 331 2644 Insulam
352 2578 414 2643 tibi
433 2579 562 2645 vendidi
581 2589 613 2644 et
631 2579 697 2644 dixi
715 2580 833 2663 prioris
853 2579 929 2644 anni
948 2577 1135 2662 pensionem

123 2667 214 2752 mihi,
238 2669 439 2753 sequentium
462 2669 523 2732 tibi
548 2689 748 2733 accessuram
771 2669 1008 2752 pignorumque
1027 2665 1068 2729 ab
1087 2664 1136 2728 in-

125 2757 248 2842 quilino
272 2757 421 2822 datorum
441 2756 491 2822 ius
510 2761 683 2841 utrumque
703 2761 894 2821 secuturum.
932 2753 1040 2818 Nerva
1060 2753 1136 2818 Pro·¹

124 2847 226 2931 culus,
248 2845 313 2910 nisi
333 2846 373 2911 ad
392 2848 562 2930 utramque
581 2845 768 2930 pensionem
787 2844 923 2930 pignora
943 2842 1137 2927 sufficerent,

124 2935 173 3000 ius
198 2935 341 3000 omnium
364 2935 538 3019 pignorum
561 2935 702 3019 primum
725 2934 765 2998 ad
788 2955 839 2998 me
862 2934 1035 3018 pertinere,
1060 2933 1136 3018 quia

124 3024 206 3088 nihil
230 3028 341 3107 aperte
365 3023 485 3088 dictum
511 3028 605 3106 esset,
629 3046 671 3089 an
695 3022 906 3089 communiter
929 3045 968 3088 ex
986 3023 1137 3087 omnibus

124 3113 317 3198 pignoribus
346 3134 472 3178 summa
500 3135 559 3197 pro
586 3117 657 3178 rata
685 3118 843 3198 servetur,
874 3114 900 3178 si
929 3111 1004 3197 quid
1028 3122 1148 3196 super-⁴

125 3206 224 3288 esset,
250 3200 291 3265 ad
313 3206 356 3268 te.

197 3400 211 3447 l
232 3393 281 3450 Fi.
301 3395 337 3448 ob
356 3410 389 3449 ea
409 3393 484 3464 quod
503 3394 638 3464 fugitivus
658 3395 695 3450 sit
713 3393 868 3464 pauperior.
1118 3458 1123 3470 ¹

195 3471 211 3519 2
231 3465 319 3520 Lenel
332 3467 361 3520 P.
377 3471 429 3520 399
444 3466 537 3520 notat:
559 3466 633 3520 ‘eum
653 3483 709 3520 non
728 3465 798 3519 esse'
815 3465 919 3533 gloss?
939 3481 975 3518 an
988 3478 1038 3531 pro
1055 3461 1137 3528 ‘fugi-

123 3536 212 3592 tivum
233 3553 289 3592 non
308 3536 379 3592 esse’
400 3537 442 3591 ita
459 3537 517 3592 fere
537 3553 601 3590 scr:
627 3535 788 3606 ‘fugitivum
807 3552 862 3589 non
882 3550 942 3588 esse
960 3549 1059 3586 sanum
1079 3544 1138 3584 esse

125 3624 251 3664 erronem
270 3624 326 3663 non
346 3608 438 3662 eese’?
