2596 3902
395 200 419 246 4.
440 193 468 248 C.
484 192 628 248 cassius
646 191 830 248 LONGINUS
1077 193 1119 256 65

215 390 265 456 Dc
287 391 476 472 adquirendo
498 412 602 456 reram
623 413 677 456 aec
699 393 837 473 mancipi
859 393 1004 456 domicio.

459 512 506 570 Dc
528 514 775 584 ferruminatioac.

200 630 272 696 113.
296 628 335 695 D.
351 631 380 714 6,
396 628 424 710 1,
437 631 489 709 23,
504 630 533 694 5.
574 629 694 693 Paulus
718 630 801 694 libro
821 631 994 697 vicensimo
1013 633 1119 714 primo

109 719 146 783 ad
175 719 317 784 edietum
345 716 394 803 (P.
414 716 517 806 328²).
544 755 589 766 —
616 767 645 782 ..
666 740 882 802 quaecumque
911 719 983 784 aliis
1011 720 1122 784 iuncta

110 808 176 872 sive
217 807 345 872 adiecta
382 809 574 873 accessionis
611 808 683 872 loco
721 807 852 887 cedunt,
893 831 930 873 ea
967 809 1120 894 quamdiu

108 898 283 961 cohaerent
309 896 458 961 dominus
486 896 650 961 vindicare
677 918 743 961 non
770 900 891 980 potest,
920 897 975 961 sed
1004 897 1044 962 ad
1070 921 1121 962 ex-

108 985 284 1050 hibendum
313 1005 407 1069 agere
434 989 556 1068 potest,
586 988 623 1049 ut
650 990 839 1068 separentur
866 990 898 1049 ct
919 986 1122 1067 tunc—vindi·

109 1079 235 1158 centur,
269 1074 393 1138 scilicet
425 1077 557 1157 excepto
591 1095 642 1152 eo,
674 1074 759 1158 quod
787 1071 916 1138 Cassius
949 1075 987 1137 de
1020 1074 1123 1138 ferru-

110 1165 287 1227 minatione
315 1162 436 1227 scribit.
481 1163 559 1226 dicit
587 1163 687 1246 enim,
716 1163 743 1226 si
771 1166 896 1226 statuae
921 1184 996 1226 suae
1021 1163 1121 1226 ferru-

111 1252 287 1316 minatione
323 1251 468 1316 iunctum
505 1251 691 1316 bracchium
729 1251 786 1334 sit,
825 1251 951 1316 unitate
990 1250 1120 1316 maioris

111 1340 213 1424 partis
265 1341 411 1404 consumi
457 1344 489 1404 et
534 1340 619 1424 quod
666 1340 764 1404 semel
812 1340 952 1404 alienum
998 1339 1119 1404 factum

111 1430 165 1513 sit,
203 1429 332 1493 etiamsi
366 1428 438 1492 inde
472 1430 646 1511 abruptum
678 1428 734 1512 sit,
771 1428 874 1493 redire
907 1429 947 1492 ad
982 1429 1122 1511 priorem

112 1517 277 1582 dominum
304 1539 370 1581 non
397 1539 501 1602 posse.
546 1539 610 1581 non
639 1517 724 1581 idem
749 1517 784 1581 in
807 1538 845 1581 eo
870 1517 953 1600 quod
978 1517 1124 1599 adplum-

112 1607 223 1671 batum
257 1605 311 1689 sit,
345 1607 421 1690 quia
452 1605 675 1670 ferruminatio
703 1627 760 1691 per
789 1605 921 1670 eandem
950 1605 1123 1670 materiam

113 1695 190 1760 facit
209 1694 440 1774 confusionem,
463 1695 670 1778 plumbatura
687 1715 753 1758 non
772 1694 857 1758 idem
877 1694 987 1759 efficit.
1026 1693 1124 1775 [ideo-

114 1805 172 1867 que
200 1784 234 1846 in
264 1783 413 1848 omnihus
437 1784 488 1849 his
513 1783 656 1868 casibus,
683 1784 718 1846 in
742 1783 858 1867 quihus
882 1804 985 1867 neque
1009 1784 1049 1848 ad
1073 1805 1124 1847 ex·

113 1871 287 1936 hibendum
310 1894 412 1957 neque
436 1874 470 1936 in
493 1894 560 1936 rem
584 1872 690 1937 locum
714 1872 822 1954 habet,
845 1872 1020 1938 infactum
1041 1873 1124 1938 actio

114 1960 293 2026 necessaria
313 1961 385 2044 est]
428 1964 463 2025 at
480 1962 513 2025 in
532 1961 583 2025 his
602 1961 798 2044 corporibus,
821 1983 903 2046 quae
925 1983 964 2025 ex
978 1962 1124 2026 distanti-

115 2049 173 2114 bus
195 2049 385 2132 corporibus
405 2053 523 2134 essent,
546 2053 674 2114 constat
693 2049 838 2132 singulas
857 2053 966 2133 partes
985 2051 1124 2115 retinere

116 2160 204 2202 suam
228 2139 393 2222 propriam
418 2138 567 2222 speciem,
593 2143 631 2202 ut
654 2138 774 2222 singuli
797 2138 954 2222 homines,
979 2139 1124 2224 singulae

116 2248 203 2309 oves,
236 2226 373 2311 ideoque
405 2248 498 2310 posse
533 2248 583 2290 me
613 2247 743 2315 gregem
772 2227 946 2311 vindicare,
979 2229 1124 2312 quamvis

117 2315 196 2380 aries
229 2318 304 2380 tuus
332 2315 375 2379 sit
402 2317 581 2400 immixtus,
611 2315 666 2379 sed
690 2321 723 2380 et
746 2319 777 2380 te
802 2317 936 2380 arietem
960 2317 1122 2381 vindicare

103 2426 217 2486 'possa
270 2403 355 2488 quod
387 2426 454 2469 non
485 2404 569 2468 idem
599 2405 632 2469 in
661 2405 905 2469 cohaerentibus
934 2404 1124 2488 corporibus

118 2493 270 2575 eveniret,
294 2515 370 2557 nam
394 2493 422 2557 si
445 2498 570 2558 statuae
595 2515 685 2557 meae
709 2493 895 2558 bracchium
918 2493 1041 2558 alienae
1061 2497 1124 2557 sta·

115 2586 188 2645 tuae
218 2581 390 2666 addideris,
418 2604 483 2646 non
510 2604 604 2666 posse
633 2581 696 2645 dici
719 2581 907 2646 bracchium
929 2585 1033 2645 tuum'
1056 2603 1125 2645 esse

118 2670 191 2753 quia
214 2674 287 2735 tota
311 2675 419 2734 statua
443 2693 507 2734 uno
532 2672 648 2756 spiritu
671 2671 860 2734 continetur.

204 2776 278 2840 114.
301 2775 341 2840 Ι).
356 2778 410 2861 41,
426 2780 452 2858 1,
467 2778 519 2856 27,
534 2779 564 2842 2.
604 2775 803 2858 Pomponius
827 2775 910 2839 libro
934 2773 1125 2858 trigensimo

118 2864 155 2928 ad
184 2862 340 2929 Sabinum
367 2865 413 2950 (P.
435 2861 523 2952 750).
549 2903 587 2912 -
614 2862 695 2929 (ium
723 2867 833 2949 partes
862 2864 996 2928 duorum
1026 2863 1125 2927 domi-

118 2974 230 3018 norum
268 2954 441 3018 ferrumine
476 2955 683 3037 cohaereant,
719 2954 780 3018 hae
813 2975 883 3018 cum
918 2955 1127 3037 quaereretur

118 3043 180 3106 utri
205 3041 330 3125 cedant,
354 3040 484 3107 Cassius
508 3044 554 3108 ait
576 3065 634 3128 pro
654 3043 802 3128 portione
821 3044 868 3106 rei
889 3041 1125 3107 aestimandum

118 3131 167 3194 vel
190 3153 249 3214 pro
273 3133 379 3214 pretio
404 3133 556 3216 cuiusque
579 3133 691 3216 partis.

275 3340 323 3398 Dc
345 3358 421 3400 accc
443 3343 534 3414 specte
557 3359 590 3400 cc
613 3343 710 3400 alicua
732 3344 856 3402 materia
878 3343 965 3414 facta.

206 3457 279 3523 115.
308 3458 346 3522 D.
366 3460 419 3542 41,
440 3461 467 3542 1,
489 3461 516 3540 7,
535 3460 563 3525 7.
614 3457 712 3524 Gaius
735 3459 819 3522 libro
845 3458 983 3522 secundo
1006 3457 1127 3520 Rerum

119 3543 374 3612 Cottidianarum
399 3549 465 3612 sive
485 3551 663 3611 Aureorum
688 3543 738 3632 (P.
756 3542 862 3630 491⁶).
887 3580 928 3592 —
953 3543 1031 3608 Oum
1056 3541 1127 3622 quis
1242 3622 1247 3623 ἶ

169 3659 264 3709 Iurispr.
279 3660 396 3701 antehadr.
410 3658 460 3700 rell.
474 3660 508 3700 ad.
523 3660 622 3698 Bremcr.
644 3659 676 3708 11,
687 3660 705 3698 2.
899 3649 915 3695 5
