2614 3912
179 203 246 266 402
282 203 314 258 V.
333 201 483 258 NERVAE
502 202 550 257 ΕΤ
569 201 721 257 TRAIANI
740 200 848 259 TEMP.
865 201 961 258 IURIS
980 203 1159 258 CONSULTI

183 372 321 448 16,116.
346 373 398 446 28,
413 372 440 444 5,
457 364 524 449 21).
548 369 627 448 quod
650 371 687 428 ad
710 389 758 429 res
781 371 943 446 dequibus
962 373 1116 432 consultus
1135 374 1189 448 est,

180 457 299 534 attinet,
321 478 382 518 666
404 477 476 518 oasu
497 459 613 518 fautum
632 459 760 535 videtur,
784 464 818 520 ut
836 460 872 518 de
890 463 1071 522 testamento
1095 459 1190 520 arohi-

180 548 309 626 guberni
337 567 372 607 ex
400 549 495 608 616666
519 547 692 608 Β611666166
715 541 765 627 (D.
786 549 841 621 36,
862 552 895 625 1,
914 539 971 630 48)
994 549 1191 626 responderit,

180 637 232 712 qui
258 637 321 712 ipse
349 636 521 696 Britanniae
548 636 692 696 iuridious
720 636 825 711 166611,
853 642 885 696 61
909 637 1043 698 notabile
1070 644 1116 698 661
1144 655 1191 698 re·

180 744 323 802 sponsum
345 725 421 786 illud
445 725 482 785 de
505 724 646 785 beneficio
668 725 857 802 imperaturis
881 717 932 806 (D.
949 729 977 799 1,
992 721 1021 800 4,
1036 721 1079 807 3).

270 812 412 874 Ceterum
434 833 482 874 666
505 814 541 874 de
564 812 847 889 quibuslavolenus
867 816 1094 892 consultasset,
1116 833 1192 875 non-

179 923 333 980 nunquam
355 902 538 980 provinciam
560 902 704 980 redolent,
728 902 812 962 ouius
835 903 954 980 generis
972 903 1003 962 id
1022 922 1086 963 esse
1105 907 1192 980 pute-

180 992 287 1070 verim,
314 993 392 1068 quod
420 992 456 1051 de
483 991 602 1051 homine
629 990 724 1051 libero
747 991 847 1051 vineto
871 992 995 1052 affertur
1017 988 1067 1072 (D.
1086 994 1142 1071 41,
1162 995 1191 1066 2,

181 1083 232 1158 23,
243 1075 287 1161 2),
306 1084 342 1140 61
359 1080 411 1158 qui
424 1079 598 1142 Iauolenum
613 1081 836 1159 consuluerunt,
854 1085 885 1140 et
899 1081 979 1156 ipsos
994 1081 1193 1156 16666616616

180 1171 272 1230 fuisse
296 1169 474 1229 eredendum
498 1169 550 1242 sit,
575 1169 714 1228 similiter
736 1173 826 1247 atque
849 1169 1036 1228 Modestinus
1060 1169 1097 1229 de
1118 1169 1192 1230 Dal·

181 1259 277 1320 matia
298 1258 461 1335 Ulpianum
485 1259 635 1317 consuluit
657 1249 708 1339 (D.
727 1260 779 1334 47,
799 1260 828 1335 2,
852 1259 903 1336 52,
924 1248 990 1339 20).

271 1347 433 1423 Praecipua
446 1346 581 1407 16661661
593 1365 736 1422 response
749 1347 780 1405 in
794 1347 971 1425 fragmentis
986 1347 1193 1423 Epistularum

179 1437 327 1496 librorum
355 1435 562 1512 inveniuntur,
599 1439 779 1515 ceterorum,
808 1453 884 1511 quae
912 1454 981 1495 rara
1009 1440 1091 1513 sunt,
1120 1453 1192 1513 6666

181 1527 288 1586 saltem
311 1525 417 1584 iisdem
439 1524 526 1584 libris
550 1523 669 1584 videtur
692 1523 891 1584 attribuenda.

529 1731 579 1797 De
600 1733 841 1814 fideicommissa

271 1865 300 1929 1.
327 1863 365 1930 D.
380 1866 432 1947 33,
453 1866 481 1947 l,
502 1865 553 1931 15.
599 1864 720 1930 Valens
744 1865 828 1930 libro
853 1865 989 1949 septimo
1014 1863 1192 1930 Fideioum-

180 1954 354 2017 missorum
379 1951 428 2038 (P.
443 1950 510 2041 22).
529 1952 762 2019 -Iavolenus
787 1975 869 2037 eum,
891 1956 946 2038 qui
964 1957 1098 2038 rugatus
1116 1959 1192 2038 6661

182 2042 290 2107 decem
310 2064 412 2107 annos
431 2043 600 2107 restituere
619 2043 789 2125 pecuniam
804 2046 879 2107 6616
894 2042 977 2107 diem
993 2043 1192 2129 restitueret,

181 2129 361 2214 respoudit,
393 2133 421 2195 si
449 2135 581 2215 propter
608 2130 765 2215 capientis
792 2152 980 2218 personam,
1009 2132 1095 2216 quod
1122 2153 1192 2196 rem

180 2218 371 2284 familiarem
394 2220 478 2284 tueri
500 2241 566 2284 666
589 2221 714 2304 666661,
741 2219 776 2283 16
799 2219 884 2285 diem
905 2219 1192 2286 fideicommissum

180 2308 329 2373 relietum
358 2309 514 2393 probetur
542 2312 575 2371 et
596 2307 760 2391 perdituro
785 2308 815 2372 ei
836 2309 871 2373 id
893 2307 985 2374 heres
1009 2312 1083 2374 ante
1107 2309 1192 2374 diem

180 2397 387 2480 restituisset,
409 2397 499 2462 nullo
522 2394 617 2461 modo
641 2396 813 2463 liberatum
838 2418 921 2483 esse3
950 2397 1036 2482 quod
1059 2399 1087 2462 61
1109 2401 1192 2462 tem-

180 2509 240 2571 pus
273 2486 400 2551 heredis
427 2506 525 2551 eausa
550 2488 764 2571 prorogatum
792 2489 892 2571 66661,
921 2490 959 2551 61
986 2486 1192 2552 commodum

180 2576 278 2641 medii
300 2575 457 2658 temporie
480 2576 550 2658 ipse
574 2576 720 2656 sentiret,
745 2575 919 2640 liberatum
943 2595 1016 2639 eum
1037 2575 1192 2661 intelligi3

180 2687 256 2730 nam
280 2671 313 2728 61
335 2663 408 2749 6166
432 2685 505 2728 eum
528 2664 729 2747 praestitisse
753 2686 848 2748 quam
872 2662 1043 2729 debuisset.

458 2877 508 2943 De
529 2879 636 2943 mortis
658 2897 752 2943 66666
773 2878 906 2960 ruptone.

268 3011 298 3074 2.
323 3009 360 3075 D.
371 3011 423 3094 39,
433 3011 525 3094 6,21.
548 3010 637 3075 Idem
652 3010 710 3094 (so.
724 3008 885 3096 Iulianus)
900 3010 984 3075 libro
999 3011 1139 3077 seeundo
1150 3011 1193 3076 ad

180 3096 332 3164 Urseium
355 3097 516 3163 Ferocem.
539 3099 691 3163 -Eum
714 3098 769 3181 qui
792 3103 829 3163 ut
851 3099 956 3164 adiret
978 3090 1192 3165 hereditatem

182 3187 351 3271 pecuniam
374 3188 561 3270 accepisset,
583 3187 738 3272 plerique,
760 3187 795 3251 in
818 3187 935 3272 quibus
958 3185 1088 3253 Priscus
1112 3210 1191 3273 quo-

181 3296 255 3360 que,
278 3275 512 3359 responderunt
535 3276 648 3339 mortis
673 3297 769 3340 eausa
792 3297 864 3340 eum
887 3298 1008 3361 666666.

270 3387 305 3448 61.
329 3387 365 3448 D.
392 3388 448 3464 39,
475 3390 508 3462 6,
528 3388 625 3463 31,2
657 3386 760 3448 Gaius.
795 3387 863 3448 Sine
895 3388 1054 3448 donatione
1089 3391 1191 3457 autem

180 3469 446 3556 <666611666666>
476 3477 593 3554 6661166
620 3476 715 3536 661611
741 3477 881 3555 6666616,
912 3496 1002 3554 quam
1030 3478 1192 3538 statuliber

181 3569 235 3625 aut
258 3565 422 3644 legatarius
442 3567 532 3626 alieni
550 3566 729 3628 condicionis
747 3565 915 3643 implendae
934 3566 1033 3644 gretia
1051 3569 1192 3628 numerat
