2614 3912
150 210 216 276 350
252 211 284 267 V.
303 209 452 265 NERVAE
472 209 519 264 ET
538 208 691 264 TRAIANI
708 205 817 263 ΤΕΜΡ.
835 207 932 264 IURIS
950 208 1130 266 CONSULTI

551 390 602 457 De
623 391 761 456 iniuriis.

239 500 291 565 51.
309 499 348 563 D.
358 500 411 583 47,
423 498 473 582 10,
485 500 514 578 7,
524 497 553 563 5.
590 498 750 582 Ulpianus
769 496 853 562 libro
873 499 1164 585 quinquagensimo

150 587 287 672 septimo
316 589 356 653 ad
385 589 523 652 edictum
548 585 598 672 (P.
614 585 724 672 1339).
748 623 792 634 -
816 585 851 651 Si
878 587 958 652 mihi
980 589 1089 671 plures
1113 590 1164 654 in-

148 677 247 741 iurias
275 675 402 757 feceris,
431 681 509 759 puta
535 677 632 741 turbe
661 681 693 740 et
720 681 813 740 coetu
840 675 927 741 facto
950 675 1080 742 domum
1105 679 1163 742 ali-

149 767 238 831 cuius
262 767 403 831 introeas
428 769 460 830 et
482 766 544 830 hoc
565 766 653 830 facto
677 763 846 848 efficiatur,
866 770 904 831 at
924 765 1019 830 simul
1039 771 1071 830 et
1089 788 1162 832 con-

149 855 266 920 vicium
289 855 398 938 patiar
416 860 449 919 et
469 853 633 938 verberer,
657 875 699 917 an
716 851 840 938 possim
860 854 1034 938 separatim
1053 860 1163 921 tecum

149 943 286 1028 experiri
315 944 354 1007 de
382 943 518 1027 singulis
543 943 684 1026 iniuriis,
711 942 886 1026 quaeritur.
932 947 964 1007 et
986 942 1162 1009 Marcellus

149 1031 325 1098 secundum
352 1031 480 1098 Neratii
512 1032 706 1097 sententiam
737 1031 801 1096 hoc
831 1032 950 1115 probat
981 1032 1161 1117 cogendum

147 1121 296 1200 iniurias,
318 1143 399 1205 quas
423 1121 518 1185 simul
541 1143 657 1203 passus
681 1124 743 1205 est,
766 1122 971 1206 coniungere.

236 1227 288 1294 52.
307 1227 346 1292 D.
357 1229 409 1308 47,
421 1227 471 1310 10,
483 1229 511 1308 1,
522 1227 550 1292 8.
588 1226 748 1310 Ulpianus
767 1227 851 1293 libro
870 1227 1161 1311 quinquagensimo

148 1323 239 1383 sexto
263 1316 304 1381 ed
327 1316 467 1382 edictum
490 1311 540 1402 (P.
558 1313 667 1402 1335).
687 1351 730 1362 -
750 1313 823 1381 Sive
847 1322 955 1381 autem
981 1318 1064 1382 sciat
1087 1316 1161 1401 quis

146 1406 250 1470 filium
274 1427 380 1470 meum
404 1425 474 1470 esse
497 1406 547 1468 vel
570 1426 702 1469 uxorem
724 1426 839 1489 meam,
862 1405 930 1469 sive
948 1405 1159 1492 ignoraverit,

145 1495 266 1559 habere
289 1516 340 1558 me
363 1514 435 1559 meo
458 1495 588 1558 nomine
612 1493 772 1558 actionem
797 1492 951 1558 Neratius
975 1495 1115 1577 scripsit.

235 1601 287 1667 53.
319 1598 359 1665 D.
378 1601 454 1664 ibid.
473 1603 492 1681 ξ
512 1600 541 1666 9.
572 1637 609 1646 -
639 1599 730 1664 Idem
762 1601 808 1664 ait
838 1599 990 1669 Neratius
1023 1623 1061 1665 ex
1093 1623 1161 1666 una

145 1691 263 1754 iniuria
281 1688 443 1754 interdum
462 1691 564 1754 tribus
584 1689 662 1754 oriri
676 1689 865 1754 iniuriarum
880 1688 1039 1755 actionem
1054 1711 1159 1774 neque

145 1777 242 1842 ullius
275 1779 433 1843 actionem
464 1799 522 1861 per
553 1777 655 1842 alium
687 1779 848 1862 consumi,
882 1782 918 1842 ut
951 1783 1031 1863 puta
1065 1780 1160 1844 uxori

146 1887 235 1930 meac
258 1865 345 1930 filiae
368 1866 509 1931 familias
533 1867 651 1931 iniuria
674 1865 761 1932 facte
780 1871 841 1930 est:
865 1867 997 1932 etmihi
1017 1868 1156 1952 etpatri

146 1955 213 2020 eius
237 1959 270 2018 et
293 1955 358 2037 ipsi
381 1955 568 2019 iniuriarum
591 1955 675 2020 actio
698 1955 833 2039 incipiet
856 1962 1045 2040 competere.

234 2047 269 2107 ci.
281 2046 345 2107 Gai.
357 2051 385 2124 3,
396 2051 458 2107 221
484 2042 598 2124 ‘itaque
620 2049 646 2108 ai
663 2048 743 2108 filiae
762 2067 847 2108 meae
867 2069 943 2125 quae
963 2049 1043 2110 Titio
1061 2055 1159 2127 nupta

146 2141 204 2211 est,
232 2136 372 2195 iniuriam
394 2136 513 2214 feceris,
536 2155 596 2196 non
619 2137 716 2196 solum
738 2136 817 2197 filiae
840 2139 1083 2199 nominatarum
1107 2141 1158 2217 agi

143 2225 323 2284 iniuriarum
336 2229 445 2301 potest,
458 2244 563 2285 verum
577 2226 669 2284 etiam
682 2244 749 2285 meo
764 2243 881 2304 quoque
896 2231 927 2286 et
941 2227 1014 2286 Titii
1027 2229 1158 2292 nomine.

520 2396 571 2463 De
591 2399 783 2464 condictione.

233 2503 286 2570 54.
309 2503 347 2572 D.
360 2505 412 2588 12,
421 2505 450 2588 6,
461 2504 512 2571 63.
554 2503 655 2569 Gaius
678 2505 761 2570 libro
786 2506 945 2591 singulari
968 2505 1156 2573 deensibus

145 2591 193 2681 (P.
211 2591 254 2681 1).
272 2630 317 2642 -
334 2594 487 2660 Neratius
511 2616 620 2660 casum
643 2592 750 2678 refert,
772 2598 809 2659 ut
832 2594 904 2679 quis
927 2594 960 2659 id
983 2596 1068 2681 quod
1092 2598 1157 2661 sol-

145 2684 227 2748 verit
250 2688 394 2769 repetere
417 2705 482 2750 non
505 2684 622 2767 possit,
650 2684 742 2766 quasi
766 2683 908 2748 debitum
933 2682 1069 2767 dederit,
1095 2707 1156 2751 nec

144 2778 254 2837 tamen
276 2773 444 2839 liberetur:
466 2773 556 2838 velut
579 2771 607 2836 ei
628 2773 665 2855 is,
689 2773 744 2857 qui
762 2769 833 2838 cui¹
851 2776 973 2837 certum
991 2773 1156 2838 hominem

144 2862 288 2944 deberet,
324 2862 548 2927 statuliberum
586 2862 721 2940 dederit3
759 2882 835 2926 nam
871 2860 944 2925 ideo
981 2883 1053 2927 eum
1089 2884 1155 2927 non

143 2950 288 3032 liberari,
321 2951 407 3035 quod
437 2971 504 3014 non
535 2949 569 3014 in
600 2951 732 3033 plenum
762 2950 962 3035 stipulatoris
989 2951 1155 3016 hominem

143 3039 268 3121 fecerit,
291 3060 349 3105 nec
371 3043 481 3104 temen
504 3042 647 3122 repetere
670 3059 744 3103 eum
765 3060 876 3124 posse,
899 3038 984 3123 quod
1007 3039 1152 3104 debitum

143 3126 273 3193 dederit.

231 3233 281 3299 55.
305 3232 344 3298 D.
359 3234 410 3312 24,
427 3235 456 3318 1,
472 3233 522 3317 13,
535 3233 564 3297 2.
602 3231 760 3315 Ulpianus
783 3233 866 3299 libro
890 3234 1084 3320 trigensimo
1104 3258 1153 3301 se-

142 3322 246 3388 cundo
270 3322 310 3387 ad
334 3321 490 3388 Sabinum
514 3320 562 3408 (P.
577 3319 689 3406 2769).
713 3358 753 3369 -
779 3321 860 3388 (lum
886 3325 958 3410 quis
982 3325 1153 3410 acceperit,

142 3416 178 3476 ut
209 3413 243 3477 in
276 3434 334 3477 suo
367 3409 524 3489 aedificet,
556 3410 679 3477 condici
711 3411 740 3475 ei
768 3412 799 3476 id
829 3433 895 3478 non
921 3416 1044 3499 potest,
1076 3414 1152 3498 quia

214 3593 227 3641 1
248 3586 295 3643 ΡΙ.
315 3606 386 3644 cum.
