2570 3904
171 230 192 294 8
220 229 266 300 ῌΙ.
282 228 357 284 can
371 227 519 282 CLAUDII
532 227 668 284 NERON.
684 228 827 284 GALBAE
842 227 950 281 ΤΕΜΡ.
964 226 1060 282 IURIS
1074 225 1176 282 CONS.

171 392 297 456 fructus
324 392 450 475 legatus
479 391 534 474 sit,
560 387 669 455 Nerva
695 389 780 455 filius
806 393 839 453 et
862 390 983 455 lumina
1005 389 1181 453 immittere

172 502 245 545 eum
261 476 317 566 (sc.
329 475 615 563 usufructuarium)
629 499 722 562 posse
738 479 785 543 ait
799 529 805 543 .
817 529 823 543 .
834 476 854 543 ,¹
882 479 959 542 item
974 477 1083 543 Nerva
1097 499 1182 561 eum,

172 569 223 633 cui
247 569 375 633 aedium
397 589 474 632 usus
497 567 621 632 fructus
644 568 770 652 legatus
792 566 844 649 sit,
866 567 963 632 altius
982 566 1096 631 tollere
1114 588 1180 631 non

171 678 280 741 posse,
308 655 454 741 quamvis
478 656 600 720 lumina
621 677 687 720 non
710 656 934 737 obscurentur,
959 656 1034 741 quia
1056 658 1179 720 tectum

172 745 276 831 magis
309 746 468 812 turbatur.
518 745 604 830 quod
630 743 737 810 Labeo
775 745 872 809 etiam
904 745 938 808 in
970 743 1180 828 proprietatis

172 834 301 898 domino
327 833 446 898 scribit.
486 833 571 897 idem
590 830 700 897 Nerva
719 855 778 898 nec
797 834 964 898 obstruere
984 855 1056 897 eum
1075 854 1183 914 posse.

260 923 289 988 2.
320 921 359 986 D.
374 923 426 1004 46,
440 923 470 1006 4,
484 923 537 987 21.
582 919 758 986 Venuleius
778 922 862 986 libro
886 921 1051 987 undecimo
1072 919 1180 1004 Stipu·

171 1011 328 1076 lationum
352 1007 400 1098 (P.
416 1010 483 1096 67).
508 1047 546 1058 -
573 1007 607 1074 si
635 1010 694 1074 sub
722 1009 908 1076 condicione
933 1010 1075 1095 legatum
1099 1010 1180 1074 mihi

171 1100 280 1164 datum
299 1099 440 1167 novandi
460 1121 555 1163 causa
574 1097 747 1180 stipulatus
767 1121 838 1163 sum
855 1104 887 1162 et
901 1101 975 1164 ante
989 1099 1180 1163 existentem

171 1188 395 1254 condicionem
418 1192 584 1271 acceptum
608 1186 721 1269 fecero,
743 1185 852 1252 Nerva
870 1188 955 1252 filius
974 1187 1029 1271 ait,
1052 1187 1181 1250 etiamsi

171 1277 317 1343 condicio
346 1276 503 1358 extiterit,
529 1296 631 1359 neque
655 1296 693 1338 ex
715 1278 909 1340 testamento
934 1275 1180 1359 competituram

171 1366 345 1449 actionem,
373 1365 449 1449 quia
475 1364 607 1429 novatio
632 1362 719 1428 facta
743 1364 798 1449 sit,
825 1386 927 1448 neque
951 1386 989 1428 ex
1013 1363 1183 1448 stipulatu,

170 1477 252 1539 quae
276 1453 520 1537 acceptilatione
543 1452 651 1517 soluta
674 1453 725 1517 sit.

515 1628 565 1693 De
586 1630 834 1694 manumissione.

258 1745 287 1809 3.
324 1743 363 1808 D.
384 1745 437 1829 40,
456 1745 485 1828 2,
504 1743 556 1809 25.
611 1743 710 1809 Gaius
742 1744 825 1809 libro
858 1743 962 1828 primo
994 1743 1032 1808 de
1065 1766 1183 1808 manu·
1276 1815 1277 1824 ,

169 1832 378 1897 missionibus
403 1831 451 1918 (P.
466 1832 553 1918 477).
581 1869 617 1880 -
643 1832 678 1920 Si
700 1834 817 1898 tutoris
839 1832 979 1897 habendi
1002 1854 1099 1897 causa
1121 1855 1181 1916 pu·
1276 1825 1277 1862 ff

171 1920 270 2005 pillus
302 1921 526 2006 manumittat,
557 1921 743 2006 probationi
775 1943 844 1986 esse
877 1943 1005 1986 causam
1032 1919 1184 1986 Fufidius

169 2011 224 2074 ait.
268 2007 377 2074 Nerva
399 2009 484 2074 filius
509 2014 623 2075 contra
645 2011 750 2075 sentit.

258 2121 293 2180 cf.
314 2119 377 2180 (iai.
398 2124 430 2198 1,
451 2123 501 2182 36.
522 2124 571 2181 19.

573 2275 623 2340 De
644 2277 770 2357 nuptiis.

256 2399 287 2464 4.
312 2399 349 2463 D.
364 2399 394 2483 3,
408 2399 438 2483 2,
452 2400 482 2480 2,
497 2397 517 2463 5
540 2421 569 2463 r.
592 2421 690 2483 supra
713 2421 742 2482 p.
757 2397 786 2462 5.

476 2574 526 2640 De
547 2577 626 2641 servi
648 2577 869 2658 compromisso.

259 2699 289 2765 5.
322 2699 360 2766 D.
377 2699 427 2780 15,
443 2703 471 2783 1,
485 2703 515 2785 3,
530 2702 559 2767 8.
605 2699 761 2785 Ulpianus
787 2701 871 2766 libro
895 2701 1067 2766 vicensimo
1091 2723 1180 2770 nono

169 2787 208 2851 ad
233 2788 371 2854 edictum
394 2786 443 2875 (P.
454 2787 556 2875 851⁸).
575 2827 617 2837 -
640 2789 674 2854 Si
696 2812 816 2874 servus,
840 2811 913 2854 cum
935 2811 969 2854 se
992 2811 1050 2873 pro
1075 2789 1180 2858 libero

168 2880 303 2958 gereret,
326 2878 592 2960 compromiserit,
616 2880 790 2961 quaeritur,
814 2900 854 2941 an
878 2878 916 2941 de
939 2878 1065 2960 peculio
1090 2878 1178 2945 actio

169 2984 208 3027 ex
235 2985 340 3046 poena
368 2966 590 3047 compromissi
618 2968 709 3048 quasi
738 2987 776 3029 ex
798 2967 929 3050 negotio
953 2969 1046 3051 gesto
1070 2967 1178 3034 danda

168 3050 226 3134 sit,
260 3051 354 3116 sicuti
386 3053 581 3117 traiecticiae
613 3054 765 3136 pecuniae
797 3054 900 3118 datur.
955 3055 1009 3119 sed
1042 3054 1104 3121 hoc
1136 3103 1144 3119 .
1170 3107 1177 3121 .

167 3136 294 3203 Nervae
322 3140 390 3204 filio
497 3139 622 3204 videtur
647 3142 751 3205 verius
775 3163 813 3205 ex
837 3144 1066 3226 compromisso
1091 3145 1177 3209 servi

167 3249 233 3292 non
257 3227 394 3292 dandam
417 3228 455 3292 de
478 3229 602 3312 peculio
626 3230 801 3314 actionem,
824 3231 900 3315 quia
922 3252 981 3295 nec
1005 3233 1033 3295 si
1056 3231 1176 3298 iudicio

168 3315 397 3381 condemnetur
420 3338 543 3401 servus,
567 3316 660 3381 datur
682 3319 717 3382 in
740 3339 811 3383 enm
835 3318 928 3384 actio.

256 3428 292 3486 cf.
307 3425 475 3487 Octauenus
497 3427 534 3486 D.
549 3430 578 3505 4,
593 3430 622 3504 8,
638 3431 687 3502 32,
703 3431 733 3489 8.

239 3593 253 3640 1
274 3587 350 3652 Quae
369 3590 521 3656 sequuntur
539 3586 651 3657 Ulpiani
670 3590 742 3643 eunt
