<?xml version="1.0" encoding="UTF-8"?>
<!DOCTYPE html PUBLIC "-//W3C//DTD XHTML 1.0 Transitional//EN"
    "http://www.w3.org/TR/xhtml1/DTD/xhtml1-transitional.dtd">
<html xmlns="http://www.w3.org/1999/xhtml" xml:lang="en" lang="en">
 <head>
  <title>
</title>
<meta http-equiv="Content-Type" content="text/html;charset=utf-8" />
  <meta name='ocr-system' content='tesseract 3.04.00' />
  <meta name='ocr-capabilities' content='ocr_page ocr_carea ocr_par ocr_line ocrx_word'/>
</head>
<body>
  <div class='ocr_page' id='page_1' title='image "./iurisprudentiae03bremgoog_0509.png"; bbox 0 0 2602 3906; ppageno 0'>
   <div class='ocr_carea' id='block_1_1' title="bbox 399 171 1112 236">
    <p class='ocr_par' dir='ltr' id='par_1_1' title="bbox 399 171 1112 236">
     <span class='ocr_line' id='line_1_1' title="bbox 399 171 1112 236; baseline 0.01 -7"><span class='ocrx_word' id='word_1_1' title='bbox 399 181 423 230; x_wconf 88' lang='grc'><em>6.</em></span> <span class='ocrx_word' id='word_1_2' title='bbox 446 172 654 228; x_wconf 84' lang='lat' dir='ltr'><strong>IAVOLENUS</strong></span> <span class='ocrx_word' id='word_1_3' title='bbox 673 171 819 228; x_wconf 71' lang='lat' dir='ltr'><em>Pulscus</em></span> <span class='ocrx_word' id='word_1_4' title='bbox 1046 171 1112 236; x_wconf 71' lang='lat'><em>479</em></span> 
     </span>
    </p>
   </div>
   <div class='ocr_carea' id='block_1_2' title="bbox 477 376 743 554">
    <p class='ocr_par' dir='ltr' id='par_1_2' title="bbox 477 376 743 554">
     <span class='ocr_line' id='line_1_2' title="bbox 502 376 715 437; baseline -0.009 0"><span class='ocrx_word' id='word_1_5' title='bbox 502 377 608 437; x_wconf 85' lang='lat' dir='ltr'><em>Liber</em></span> <span class='ocrx_word' id='word_1_6' title='bbox 630 376 715 436; x_wconf 91' lang='lat' dir='ltr'><strong>VIII.</strong></span> 
     </span>
     <span class='ocr_line' id='line_1_3' title="bbox 477 488 743 554; baseline -0.011 0"><span class='ocrx_word' id='word_1_7' title='bbox 477 488 527 554; x_wconf 91' lang='lat' dir='ltr'><em>De</em></span> <span class='ocrx_word' id='word_1_8' title='bbox 549 489 743 554; x_wconf 76' lang='lat' dir='ltr'><em>testamentis.</em></span> 
     </span>
    </p>
   </div>
   <div class='ocr_carea' id='block_1_3' title="bbox 100 597 1116 2020">
    <p class='ocr_par' dir='ltr' id='par_1_3' title="bbox 102 597 1114 953">
     <span class='ocr_line' id='line_1_4' title="bbox 195 597 1113 688; baseline -0.001 -20"><span class='ocrx_word' id='word_1_9' title='bbox 195 603 246 668; x_wconf 84' lang='lat'><em>45.</em></span> <span class='ocrx_word' id='word_1_10' title='bbox 275 602 314 669; x_wconf 92' lang='lat' dir='ltr'><em>D.</em></span> <span class='ocrx_word' id='word_1_11' title='bbox 330 605 382 688; x_wconf 83' lang='lat'><em>38,</em></span> <span class='ocrx_word' id='word_1_12' title='bbox 399 605 430 688; x_wconf 77' lang='lat'><em>2,</em></span> <span class='ocrx_word' id='word_1_13' title='bbox 452 604 504 669; x_wconf 89' lang='lat'><em>36.</em></span> <span class='ocrx_word' id='word_1_14' title='bbox 547 601 637 666; x_wconf 87' lang='lat' dir='ltr'><strong>Idem</strong></span> <span class='ocrx_word' id='word_1_15' title='bbox 662 599 718 687; x_wconf 86' lang='lat' dir='ltr'><em>(so.</em></span> <span class='ocrx_word' id='word_1_16' title='bbox 741 597 929 687; x_wconf 83' lang='lat' dir='ltr'><em>Iavolenus)</em></span> <span class='ocrx_word' id='word_1_17' title='bbox 953 602 1036 666; x_wconf 90' lang='lat' dir='ltr'><em>libro</em></span> <span class='ocrx_word' id='word_1_18' title='bbox 1061 624 1113 667; x_wconf 87' lang='lat' dir='ltr'><em>oo·</em></span> 
     </span>
     <span class='ocr_line' id='line_1_5' title="bbox 111 691 1113 776; baseline 0 -20"><span class='ocrx_word' id='word_1_19' title='bbox 111 695 185 758; x_wconf 79' lang='lat' dir='ltr'><em>taso</em></span> <span class='ocrx_word' id='word_1_20' title='bbox 212 691 443 776; x_wconf 80' lang='lat' dir='ltr'><strong>Epistularum.</strong></span> <span class='ocrx_word' id='word_1_21' title='bbox 468 729 506 738; x_wconf 94' lang='lat'><strong>—</strong></span> <span class='ocrx_word' id='word_1_22' title='bbox 531 692 673 756; x_wconf 74' lang='lat' dir='ltr'><em>libertus</em></span> <span class='ocrx_word' id='word_1_23' title='bbox 702 693 756 774; x_wconf 77' lang='lat' dir='ltr'><em>qni</em></span> <span class='ocrx_word' id='word_1_24' title='bbox 782 692 921 756; x_wconf 76' lang='lat' dir='ltr'><em>soluendo</em></span> <span class='ocrx_word' id='word_1_25' title='bbox 948 712 1012 756; x_wconf 93' lang='lat' dir='ltr'><em>non</em></span> <span class='ocrx_word' id='word_1_26' title='bbox 1038 696 1113 776; x_wconf 89' lang='lat' dir='ltr'><em>erat,</em></span> 
     </span>
     <span class='ocr_line' id='line_1_6' title="bbox 103 780 1113 864; baseline 0 -20"><span class='ocrx_word' id='word_1_27' title='bbox 103 783 267 864; x_wconf 88' lang='lat' dir='ltr'><em>praeterito</em></span> <span class='ocrx_word' id='word_1_28' title='bbox 280 787 414 864; x_wconf 85' lang='lat' dir='ltr'><em>patrono</em></span> <span class='ocrx_word' id='word_1_29' title='bbox 433 782 584 847; x_wconf 80' lang='lat' dir='ltr'><em>extrarios</em></span> <span class='ocrx_word' id='word_1_30' title='bbox 601 781 748 862; x_wconf 79' lang='lat' dir='ltr'><em>relinquit</em></span> <span class='ocrx_word' id='word_1_31' title='bbox 764 780 891 845; x_wconf 78' lang='lat' dir='ltr'><em>heredes.</em></span> <span class='ocrx_word' id='word_1_32' title='bbox 930 800 1052 862; x_wconf 78' lang='lat' dir='ltr'><em>quaero,</em></span> <span class='ocrx_word' id='word_1_33' title='bbox 1069 801 1113 844; x_wconf 94' lang='lat' dir='ltr'><em>an</em></span> 
     </span>
     <span class='ocr_line' id='line_1_7' title="bbox 102 869 1114 953; baseline -0.001 -18"><span class='ocrx_word' id='word_1_34' title='bbox 102 871 202 953; x_wconf 87' lang='lat' dir='ltr'><em>possit</em></span> <span class='ocrx_word' id='word_1_35' title='bbox 215 874 365 951; x_wconf 88' lang='lat' dir='ltr'><em>patronus</em></span> <span class='ocrx_word' id='word_1_36' title='bbox 372 876 473 952; x_wconf 84' lang='lat' dir='ltr'><em>petere</em></span> <span class='ocrx_word' id='word_1_37' title='bbox 485 875 592 935; x_wconf 85' lang='lat' dir='ltr'><em>eontra</em></span> <span class='ocrx_word' id='word_1_38' title='bbox 601 869 723 934; x_wconf 83' lang='lat' dir='ltr'><em>tabutas</em></span> <span class='ocrx_word' id='word_1_39' title='bbox 732 870 1114 950; x_wconf 86' lang='lat' dir='ltr'><em>bonorumpossessionem.</em></span> 
     </span>
    </p>

    <p class='ocr_par' dir='ltr' id='par_1_4' title="bbox 100 958 1116 2020">
     <span class='ocr_line' id='line_1_8' title="bbox 194 958 1114 1040; baseline 0 -17"><span class='ocrx_word' id='word_1_40' title='bbox 194 959 377 1040; x_wconf 73' lang='lat' dir='ltr'><em>Respondit:</em></span> <span class='ocrx_word' id='word_1_41' title='bbox 402 981 470 1025; x_wconf 84' lang='lat' dir='ltr'><em>eum</em></span> <span class='ocrx_word' id='word_1_42' title='bbox 493 980 513 1023; x_wconf 93' lang='lat' dir='ltr'><em>a</em></span> <span class='ocrx_word' id='word_1_43' title='bbox 535 959 658 1040; x_wconf 82' lang='lat' dir='ltr'><em>seriptis</em></span> <span class='ocrx_word' id='word_1_44' title='bbox 680 958 837 1023; x_wconf 72' lang='lat' dir='ltr'><em>hereditas</em></span> <span class='ocrx_word' id='word_1_45' title='bbox 859 959 946 1023; x_wconf 90' lang='lat' dir='ltr'><em>adita</em></span> <span class='ocrx_word' id='word_1_46' title='bbox 968 964 1012 1023; x_wconf 91' lang='lat' dir='ltr'><em>est</em></span> <span class='ocrx_word' id='word_1_47' title='bbox 1033 958 1114 1023; x_wconf 73' lang='lat' dir='ltr'><em>itere</em></span> 
     </span>
     <span class='ocr_line' id='line_1_9' title="bbox 107 1047 1113 1130; baseline -0.003 -17"><span class='ocrx_word' id='word_1_48' title='bbox 107 1049 200 1130; x_wconf 89' lang='lat' dir='ltr'><em>ditas,</em></span> <span class='ocrx_word' id='word_1_49' title='bbox 234 1053 385 1129; x_wconf 87' lang='lat' dir='ltr'><em>patronus</em></span> <span class='ocrx_word' id='word_1_50' title='bbox 420 1052 526 1113; x_wconf 85' lang='lat' dir='ltr'><em>eontra</em></span> <span class='ocrx_word' id='word_1_51' title='bbox 562 1047 682 1113; x_wconf 71' lang='lat' dir='ltr'><em>tabuiis</em></span> <span class='ocrx_word' id='word_1_52' title='bbox 718 1048 865 1112; x_wconf 81' lang='lat' dir='ltr'><em>bonorum</em></span> <span class='ocrx_word' id='word_1_53' title='bbox 893 1049 1113 1128; x_wconf 86' lang='lat' dir='ltr'><em>possessionem</em></span> 
     </span>
     <span class='ocr_line' id='line_1_10' title="bbox 103 1136 1116 1220; baseline -0.001 -19"><span class='ocrx_word' id='word_1_54' title='bbox 103 1141 203 1220; x_wconf 91' lang='lat' dir='ltr'><em>petere</em></span> <span class='ocrx_word' id='word_1_55' title='bbox 223 1141 335 1220; x_wconf 86' lang='lat' dir='ltr'><em>potest,</em></span> <span class='ocrx_word' id='word_1_56' title='bbox 361 1138 437 1219; x_wconf 81' lang='lat' dir='ltr'><em>quia</em></span> <span class='ocrx_word' id='word_1_57' title='bbox 462 1137 602 1201; x_wconf 77' lang='lat' dir='ltr'><em>soluendo</em></span> <span class='ocrx_word' id='word_1_58' title='bbox 624 1136 773 1201; x_wconf 82' lang='lat' dir='ltr'><em>hereditas</em></span> <span class='ocrx_word' id='word_1_59' title='bbox 795 1141 851 1216; x_wconf 86' lang='lat' dir='ltr'><em>est,</em></span> <span class='ocrx_word' id='word_1_60' title='bbox 877 1157 955 1217; x_wconf 79' lang='lat' dir='ltr'><em>quae</em></span> <span class='ocrx_word' id='word_1_61' title='bbox 976 1138 1116 1201; x_wconf 86' lang='lat' dir='ltr'><em>inueniat</em></span> 
     </span>
     <span class='ocr_line' id='line_1_11' title="bbox 108 1224 1114 1308; baseline 0.001 -20"><span class='ocrx_word' id='word_1_62' title='bbox 108 1224 250 1289; x_wconf 72' lang='lat' dir='ltr'><em>heredem.</em></span> <span class='ocrx_word' id='word_1_63' title='bbox 295 1231 322 1290; x_wconf 88' lang='lat' dir='ltr'><em>ot</em></span> <span class='ocrx_word' id='word_1_64' title='bbox 347 1245 422 1290; x_wconf 87' lang='lat' dir='ltr'><em>sane</em></span> <span class='ocrx_word' id='word_1_65' title='bbox 448 1226 616 1290; x_wconf 80' lang='lat' dir='ltr'><em>absurdum</em></span> <span class='ocrx_word' id='word_1_66' title='bbox 642 1231 686 1290; x_wconf 88' lang='lat' dir='ltr'><em>est</em></span> <span class='ocrx_word' id='word_1_67' title='bbox 711 1227 761 1290; x_wconf 83' lang='lat' dir='ltr'><em>ius</em></span> <span class='ocrx_word' id='word_1_68' title='bbox 777 1227 908 1308; x_wconf 88' lang='lat' dir='ltr'><em>patroni</em></span> <span class='ocrx_word' id='word_1_69' title='bbox 928 1226 964 1290; x_wconf 92' lang='lat' dir='ltr'><em>in</em></span> <span class='ocrx_word' id='word_1_70' title='bbox 980 1226 1114 1307; x_wconf 87' lang='lat' dir='ltr'><em>petenda</em></span> 
     </span>
     <span class='ocr_line' id='line_1_12' title="bbox 107 1314 1114 1398; baseline -0.001 -20"><span class='ocrx_word' id='word_1_71' title='bbox 107 1314 253 1379; x_wconf 82' lang='lat' dir='ltr'><em>donorum</em></span> <span class='ocrx_word' id='word_1_72' title='bbox 265 1316 454 1396; x_wconf 74' lang='lat' dir='ltr'><em>possessione</em></span> <span class='ocrx_word' id='word_1_73' title='bbox 471 1319 577 1379; x_wconf 87' lang='lat' dir='ltr'><em>eontra</em></span> <span class='ocrx_word' id='word_1_74' title='bbox 595 1315 716 1378; x_wconf 81' lang='lat' dir='ltr'><em>tabutas</em></span> <span class='ocrx_word' id='word_1_75' title='bbox 733 1315 867 1378; x_wconf 87' lang='lat' dir='ltr'><em>otiorum</em></span> <span class='ocrx_word' id='word_1_76' title='bbox 883 1315 1114 1398; x_wconf 80' lang='lat' dir='ltr'><em>computatione,</em></span> 
     </span>
     <span class='ocr_line' id='line_1_13' title="bbox 107 1401 1115 1487; baseline -0.002 -19"><span class='ocrx_word' id='word_1_77' title='bbox 107 1423 170 1468; x_wconf 93' lang='lat' dir='ltr'><em>non</em></span> <span class='ocrx_word' id='word_1_78' title='bbox 196 1404 310 1468; x_wconf 81' lang='lat' dir='ltr'><em>iudicio</em></span> <span class='ocrx_word' id='word_1_79' title='bbox 331 1401 438 1486; x_wconf 87' lang='lat' dir='ltr'><em>ipsius&#39;</em></span> <span class='ocrx_word' id='word_1_80' title='bbox 448 1405 575 1485; x_wconf 88' lang='lat' dir='ltr'><em>patroni</em></span> <span class='ocrx_word' id='word_1_81' title='bbox 598 1405 756 1468; x_wconf 90' lang='lat' dir='ltr'><em>aestimari</em></span> <span class='ocrx_word' id='word_1_82' title='bbox 777 1403 954 1484; x_wconf 70' lang='lat' dir='ltr'><em>auferrique</em></span> <span class='ocrx_word' id='word_1_83' title='bbox 972 1408 1115 1487; x_wconf 89' lang='lat' dir='ltr'><em>patrono,</em></span> 
     </span>
     <span class='ocr_line' id='line_1_14' title="bbox 106 1493 1113 1575; baseline -0.001 -19"><span class='ocrx_word' id='word_1_84' title='bbox 106 1493 188 1575; x_wconf 75' lang='lat' dir='ltr'><em>qnod</em></span> <span class='ocrx_word' id='word_1_85' title='bbox 209 1493 360 1556; x_wconf 83' lang='lat' dir='ltr'><em>modicum</em></span> <span class='ocrx_word' id='word_1_86' title='bbox 381 1495 594 1557; x_wconf 84' lang='lat' dir='ltr'><em>uindicaturus</em></span> <span class='ocrx_word' id='word_1_87' title='bbox 616 1498 666 1558; x_wconf 89' lang='lat' dir='ltr'><em>est.</em></span> <span class='ocrx_word' id='word_1_88' title='bbox 706 1493 796 1556; x_wconf 86' lang='lat' dir='ltr'><em>multi</em></span> <span class='ocrx_word' id='word_1_89' title='bbox 812 1494 894 1556; x_wconf 91' lang='lat' dir='ltr'><em>enim</em></span> <span class='ocrx_word' id='word_1_90' title='bbox 911 1513 1001 1556; x_wconf 88' lang='lat' dir='ltr'><em>oasns</em></span> <span class='ocrx_word' id='word_1_91' title='bbox 1018 1493 1113 1556; x_wconf 87' lang='lat' dir='ltr'><em>inter-</em></span> 
     </span>
     <span class='ocr_line' id='line_1_15' title="bbox 107 1581 1113 1664; baseline 0 -20"><span class='ocrx_word' id='word_1_92' title='bbox 107 1582 209 1645; x_wconf 88' lang='lat' dir='ltr'><em>uenire</em></span> <span class='ocrx_word' id='word_1_93' title='bbox 229 1587 371 1664; x_wconf 88' lang='lat' dir='ltr'><em>possunt,</em></span> <span class='ocrx_word' id='word_1_94' title='bbox 398 1582 506 1662; x_wconf 80' lang='lat' dir='ltr'><em>quibus</em></span> <span class='ocrx_word' id='word_1_95' title='bbox 534 1583 673 1663; x_wconf 79' lang='lat' dir='ltr'><em>expediat</em></span> <span class='ocrx_word' id='word_1_96' title='bbox 692 1585 826 1663; x_wconf 89' lang='lat' dir='ltr'><em>patrono</em></span> <span class='ocrx_word' id='word_1_97' title='bbox 842 1586 944 1662; x_wconf 88' lang='lat' dir='ltr'><em>petere</em></span> <span class='ocrx_word' id='word_1_98' title='bbox 965 1581 1113 1645; x_wconf 85' lang='lat' dir='ltr'><em>bannum</em></span> 
     </span>
     <span class='ocr_line' id='line_1_16' title="bbox 100 1671 1114 1753; baseline -0.001 -20"><span class='ocrx_word' id='word_1_99' title='bbox 100 1672 335 1752; x_wconf 80' lang='lat' dir='ltr'><em>possessionem,</em></span> <span class='ocrx_word' id='word_1_100' title='bbox 372 1671 511 1752; x_wconf 80' lang='lat' dir='ltr'><em>quamuis</em></span> <span class='ocrx_word' id='word_1_101' title='bbox 547 1673 629 1734; x_wconf 90' lang='lat' dir='ltr'><em>aeris</em></span> <span class='ocrx_word' id='word_1_102' title='bbox 662 1671 759 1736; x_wconf 80' lang='lat' dir='ltr'><em>aliem</em></span> <span class='ocrx_word' id='word_1_103' title='bbox 790 1671 983 1753; x_wconf 74' lang='lat' dir='ltr'><em>mapnitudo,</em></span> <span class='ocrx_word' id='word_1_104' title='bbox 1018 1689 1114 1750; x_wconf 79' lang='lat' dir='ltr'><em>quam</em></span> 
     </span>
     <span class='ocr_line' id='line_1_17' title="bbox 107 1757 1113 1841; baseline -0.002 -18"><span class='ocrx_word' id='word_1_105' title='bbox 107 1757 233 1823; x_wconf 85' lang='lat' dir='ltr'><em>tibertus</em></span> <span class='ocrx_word' id='word_1_106' title='bbox 268 1760 435 1841; x_wconf 79' lang='lat' dir='ltr'><em>reliquerit,</em></span> <span class='ocrx_word' id='word_1_107' title='bbox 473 1759 637 1840; x_wconf 73' lang='lat' dir='ltr'><em>fatuitates</em></span> <span class='ocrx_word' id='word_1_108' title='bbox 665 1759 852 1841; x_wconf 74' lang='lat' dir='ltr'><em>patrimonii</em></span> <span class='ocrx_word' id='word_1_109' title='bbox 887 1759 952 1824; x_wconf 85' lang='lat' dir='ltr'><em>eius</em></span> <span class='ocrx_word' id='word_1_110' title='bbox 983 1759 1113 1836; x_wconf 86' lang='lat' dir='ltr'><em>enoedat,</em></span> 
     </span>
     <span class='ocr_line' id='line_1_18' title="bbox 108 1846 1114 1932; baseline 0.001 -22"><span class='ocrx_word' id='word_1_111' title='bbox 108 1846 203 1911; x_wconf 81' lang='lat' dir='ltr'><em>ueluti</em></span> <span class='ocrx_word' id='word_1_112' title='bbox 223 1848 401 1929; x_wconf 86' lang='lat' dir='ltr'><em>sipraedia</em></span> <span class='ocrx_word' id='word_1_113' title='bbox 422 1853 496 1913; x_wconf 84' lang='lat' dir='ltr'><em>sunt</em></span> <span class='ocrx_word' id='word_1_114' title='bbox 516 1849 624 1930; x_wconf 79' lang='lat' dir='ltr'><em>aliqua</em></span> <span class='ocrx_word' id='word_1_115' title='bbox 646 1868 684 1912; x_wconf 83' lang='lat' dir='ltr'><em>ea</em></span> <span class='ocrx_word' id='word_1_116' title='bbox 706 1848 793 1913; x_wconf 82' lang='lat' dir='ltr'><em>bonis</em></span> <span class='ocrx_word' id='word_1_117' title='bbox 815 1847 923 1932; x_wconf 77' lang='lat' dir='ltr'><em>liberti,</em></span> <span class='ocrx_word' id='word_1_118' title='bbox 945 1849 981 1912; x_wconf 91' lang='lat' dir='ltr'><em>in</em></span> <span class='ocrx_word' id='word_1_119' title='bbox 1003 1847 1114 1930; x_wconf 81' lang='lat' dir='ltr'><em>quibus</em></span> 
     </span>
     <span class='ocr_line' id='line_1_19' title="bbox 106 1935 1114 2020; baseline 0 -20"><span class='ocrx_word' id='word_1_120' title='bbox 106 1935 262 2000; x_wconf 79' lang='lat' dir='ltr'><em>moinum</em></span> <span class='ocrx_word' id='word_1_121' title='bbox 284 1938 412 2018; x_wconf 89' lang='lat' dir='ltr'><em>patroni</em></span> <span class='ocrx_word' id='word_1_122' title='bbox 438 1937 597 2020; x_wconf 75' lang='lat' dir='ltr'><em>sepulchro</em></span> <span class='ocrx_word' id='word_1_123' title='bbox 622 1938 688 2002; x_wconf 86' lang='lat' dir='ltr'><em>sint</em></span> <span class='ocrx_word' id='word_1_124' title='bbox 712 1942 741 2001; x_wconf 89' lang='lat' dir='ltr'><em>et</em></span> <span class='ocrx_word' id='word_1_125' title='bbox 767 1937 873 2019; x_wconf 72' lang='lat' dir='ltr'><em>mapni</em></span> <span class='ocrx_word' id='word_1_126' title='bbox 895 1938 1038 2002; x_wconf 91' lang='lat' dir='ltr'><em>aestimat</em></span> <span class='ocrx_word' id='word_1_127' title='bbox 1056 1957 1114 2018; x_wconf 89' lang='lat' dir='ltr'><em>pa-</em></span> 
     </span>
    </p>
   </div>
   <div class='ocr_carea' id='block_1_4' title="bbox 106 2022 1229 2110">
    <p class='ocr_par' dir='ltr' id='par_1_5' title="bbox 106 2022 1229 2110">
     <span class='ocr_line' id='line_1_20' title="bbox 106 2022 1229 2110; baseline 0.004 -22"><span class='ocrx_word' id='word_1_128' title='bbox 106 2029 215 2090; x_wconf 86' lang='lat' dir='ltr'><em>tronus</em></span> <span class='ocrx_word' id='word_1_129' title='bbox 247 2024 394 2090; x_wconf 85' lang='lat' dir='ltr'><em>bonoram</em></span> <span class='ocrx_word' id='word_1_130' title='bbox 422 2028 639 2107; x_wconf 86' lang='lat' dir='ltr'><em>possessiouem</em></span> <span class='ocrx_word' id='word_1_131' title='bbox 672 2031 807 2110; x_wconf 78' lang='lat' dir='ltr'><em>propter</em></span> <span class='ocrx_word' id='word_1_132' title='bbox 833 2047 869 2090; x_wconf 87' lang='lat' dir='ltr'><em>ea</em></span> <span class='ocrx_word' id='word_1_133' title='bbox 895 2022 987 2089; x_wconf 84' lang='lat' dir='ltr'><em>iura¹</em></span> <span class='ocrx_word' id='word_1_134' title='bbox 1016 2026 1059 2089; x_wconf 93' lang='lat' dir='ltr'><em>ad</em></span> <span class='ocrx_word' id='word_1_135' title='bbox 1084 2044 1115 2089; x_wconf 91' lang='lat' dir='ltr'><em>se</em></span> <span class='ocrx_word' id='word_1_136' title='bbox 1227 2089 1229 2092; x_wconf 84' lang='lat'>.</span> 
     </span>
    </p>
   </div>
   <div class='ocr_carea' id='block_1_5' title="bbox 99 2114 1117 2641">
    <p class='ocr_par' dir='ltr' id='par_1_6' title="bbox 99 2114 1117 2641">
     <span class='ocr_line' id='line_1_21' title="bbox 99 2114 1116 2199; baseline 0 -21"><span class='ocrx_word' id='word_1_137' title='bbox 99 2114 268 2196; x_wconf 86' lang='lat' dir='ltr'><em>pertinere,</em></span> <span class='ocrx_word' id='word_1_138' title='bbox 290 2115 337 2179; x_wconf 83' lang='lat' dir='ltr'><em>oet</em></span> <span class='ocrx_word' id='word_1_139' title='bbox 363 2115 482 2196; x_wconf 74' lang='lat' dir='ltr'><em>aliquid</em></span> <span class='ocrx_word' id='word_1_140' title='bbox 508 2116 710 2199; x_wconf 80' lang='lat' dir='ltr'><em>mancipium,</em></span> <span class='ocrx_word' id='word_1_141' title='bbox 736 2116 899 2196; x_wconf 76' lang='lat' dir='ltr'><em>quodum</em></span> <span class='ocrx_word' id='word_1_142' title='bbox 921 2116 1035 2198; x_wconf 88' lang='lat' dir='ltr'><em>pretio,</em></span> <span class='ocrx_word' id='word_1_143' title='bbox 1062 2114 1116 2178; x_wconf 88' lang='lat' dir='ltr'><em>sed</em></span> 
     </span>
     <span class='ocr_line' id='line_1_22' title="bbox 106 2201 1116 2286; baseline -0.001 -19"><span class='ocrx_word' id='word_1_144' title='bbox 106 2201 218 2282; x_wconf 85' lang='lat' dir='ltr'><em>affeetu</em></span> <span class='ocrx_word' id='word_1_145' title='bbox 247 2204 290 2267; x_wconf 89' lang='lat' dir='ltr'><em>sit</em></span> <span class='ocrx_word' id='word_1_146' title='bbox 318 2204 554 2270; x_wconf 88' lang='lat' dir='ltr'><em>aestimandum.</em></span> <span class='ocrx_word' id='word_1_147' title='bbox 597 2225 659 2269; x_wconf 91' lang='lat' dir='ltr'><em>nou</em></span> <span class='ocrx_word' id='word_1_148' title='bbox 691 2225 759 2286; x_wconf 76' lang='lat' dir='ltr'><em>erpo</em></span> <span class='ocrx_word' id='word_1_149' title='bbox 786 2205 851 2268; x_wconf 87' lang='lat' dir='ltr'><em>ideo</em></span> <span class='ocrx_word' id='word_1_150' title='bbox 878 2206 981 2267; x_wconf 90' lang='lat' dir='ltr'><em>minus</em></span> <span class='ocrx_word' id='word_1_151' title='bbox 1008 2203 1116 2267; x_wconf 81' lang='lat' dir='ltr'><em>tabem</em></span> 
     </span>
     <span class='ocr_line' id='line_1_23' title="bbox 106 2291 1115 2376; baseline 0 -20"><span class='ocrx_word' id='word_1_152' title='bbox 106 2291 190 2356; x_wconf 83' lang='lat' dir='ltr'><em>debet</em></span> <span class='ocrx_word' id='word_1_153' title='bbox 205 2293 256 2357; x_wconf 91' lang='lat' dir='ltr'><em>ius</em></span> <span class='ocrx_word' id='word_1_154' title='bbox 269 2294 414 2373; x_wconf 84' lang='lat' dir='ltr'><em>petendae</em></span> <span class='ocrx_word' id='word_1_155' title='bbox 431 2293 578 2358; x_wconf 82' lang='lat' dir='ltr'><em>bonorum</em></span> <span class='ocrx_word' id='word_1_156' title='bbox 590 2293 792 2376; x_wconf 87' lang='lat' dir='ltr'><em>possessionis</em></span> <span class='ocrx_word' id='word_1_157' title='bbox 811 2291 875 2374; x_wconf 76' lang='lat' dir='ltr'><em>‘qui</em></span> <span class='ocrx_word' id='word_1_158' title='bbox 893 2294 998 2356; x_wconf 91' lang='lat' dir='ltr'><em>animo</em></span> <span class='ocrx_word' id='word_1_159' title='bbox 1009 2293 1115 2373; x_wconf 88' lang='lat' dir='ltr'><em>potius</em></span> 
     </span>
     <span class='ocr_line' id='line_1_24' title="bbox 104 2381 1114 2464; baseline -0.002 -18"><span class='ocrx_word' id='word_1_160' title='bbox 104 2401 202 2463; x_wconf 81' lang='lat' dir='ltr'><em>qnam</em></span> <span class='ocrx_word' id='word_1_161' title='bbox 229 2382 364 2446; x_wconf 87' lang='lat' dir='ltr'><em>otiorum</em></span> <span class='ocrx_word' id='word_1_162' title='bbox 386 2382 618 2464; x_wconf 85' lang='lat' dir='ltr'><em>eomputationo&#39;</em></span> <span class='ocrx_word' id='word_1_163' title='bbox 641 2383 720 2446; x_wconf 85' lang='lat' dir='ltr'><em>bona</em></span> <span class='ocrx_word' id='word_1_164' title='bbox 742 2381 842 2446; x_wconf 80' lang='lat' dir='ltr'><em>liberti</em></span> <span class='ocrx_word' id='word_1_165' title='bbox 863 2381 1017 2463; x_wconf 88' lang='lat' dir='ltr'><em>aestimat,</em></span> <span class='ocrx_word' id='word_1_166' title='bbox 1045 2400 1114 2444; x_wconf 91' lang='lat' dir='ltr'><em>oum</em></span> 
     </span>
     <span class='ocr_line' id='line_1_25' title="bbox 104 2470 1117 2553; baseline -0.003 -19"><span class='ocrx_word' id='word_1_167' title='bbox 104 2489 140 2534; x_wconf 88' lang='lat' dir='ltr'><em>eo</em></span> <span class='ocrx_word' id='word_1_168' title='bbox 178 2471 243 2549; x_wconf 82' lang='lat' dir='ltr'><em>ipso</em></span> <span class='ocrx_word' id='word_1_169' title='bbox 276 2472 415 2553; x_wconf 76' lang='lat' dir='ltr'><em>sufficere</em></span> <span class='ocrx_word' id='word_1_170' title='bbox 445 2472 671 2553; x_wconf 89' lang='lat' dir='ltr'><em>patrimonium</em></span> <span class='ocrx_word' id='word_1_171' title='bbox 706 2471 804 2535; x_wconf 86' lang='lat' dir='ltr'><em>uideri</em></span> <span class='ocrx_word' id='word_1_172' title='bbox 828 2471 942 2551; x_wconf 87' lang='lat' dir='ltr'><em>possit,</em></span> <span class='ocrx_word' id='word_1_173' title='bbox 979 2470 1060 2550; x_wconf 77' lang='lat' dir='ltr'><em>quod</em></span> <span class='ocrx_word' id='word_1_174' title='bbox 1087 2473 1117 2531; x_wconf 88' lang='lat' dir='ltr'><em>et</em></span> 
     </span>
     <span class='ocr_line' id='line_1_26' title="bbox 102 2557 818 2641; baseline -0.001 -19"><span class='ocrx_word' id='word_1_175' title='bbox 102 2558 244 2624; x_wconf 77' lang='lat' dir='ltr'><em>ineam</em></span> <span class='ocrx_word' id='word_1_176' title='bbox 265 2557 375 2624; x_wconf 82' lang='lat' dir='ltr'><em>habeat</em></span> <span class='ocrx_word' id='word_1_177' title='bbox 395 2565 424 2624; x_wconf 88' lang='lat' dir='ltr'><em>et</em></span> <span class='ocrx_word' id='word_1_178' title='bbox 445 2561 592 2625; x_wconf 84' lang='lat' dir='ltr'><em>bonorum</em></span> <span class='ocrx_word' id='word_1_179' title='bbox 609 2579 818 2641; x_wconf 89' lang='lat' dir='ltr'><em>possessorem.</em></span> 
     </span>
    </p>
   </div>
   <div class='ocr_carea' id='block_1_6' title="bbox 390 2735 832 2818">
    <p class='ocr_par' dir='ltr' id='par_1_7' title="bbox 390 2735 832 2818">
     <span class='ocr_line' id='line_1_27' title="bbox 390 2735 832 2818; baseline -0.007 -16"><span class='ocrx_word' id='word_1_180' title='bbox 390 2736 439 2802; x_wconf 91' lang='lat' dir='ltr'><em>De</em></span> <span class='ocrx_word' id='word_1_181' title='bbox 462 2737 620 2802; x_wconf 85' lang='lat' dir='ltr'><em>verboram</em></span> <span class='ocrx_word' id='word_1_182' title='bbox 642 2735 832 2818; x_wconf 76' lang='lat' dir='ltr'><em>oblipatione.</em></span> 
     </span>
    </p>
   </div>
   <div class='ocr_carea' id='block_1_7' title="bbox 94 2847 1118 3472">
    <p class='ocr_par' dir='ltr' id='par_1_8' title="bbox 94 2847 1118 3472">
     <span class='ocr_line' id='line_1_28' title="bbox 197 2847 1113 2937; baseline -0.003 -22"><span class='ocrx_word' id='word_1_183' title='bbox 197 2851 248 2916; x_wconf 89' lang='grc'><em>46.</em></span> <span class='ocrx_word' id='word_1_184' title='bbox 276 2849 315 2916; x_wconf 89' lang='lat' dir='ltr'><em>D.</em></span> <span class='ocrx_word' id='word_1_185' title='bbox 328 2851 381 2934; x_wconf 80' lang='lat'><em>45,</em></span> <span class='ocrx_word' id='word_1_186' title='bbox 397 2854 426 2936; x_wconf 89' lang='lat'><em>1,</em></span> <span class='ocrx_word' id='word_1_187' title='bbox 441 2853 513 2916; x_wconf 78' lang='lat'>107.</span> <span class='ocrx_word' id='word_1_188' title='bbox 553 2851 643 2915; x_wconf 84' lang='lat' dir='ltr'><em>Idem</em></span> <span class='ocrx_word' id='word_1_189' title='bbox 665 2847 724 2937; x_wconf 85' lang='lat' dir='ltr'><em>(so.</em></span> <span class='ocrx_word' id='word_1_190' title='bbox 745 2847 932 2929; x_wconf 72' lang='lat' dir='ltr'><em>Iavolenus)</em></span> <span class='ocrx_word' id='word_1_191' title='bbox 956 2849 1039 2913; x_wconf 89' lang='lat' dir='ltr'><em>libro</em></span> <span class='ocrx_word' id='word_1_192' title='bbox 1062 2870 1113 2913; x_wconf 85' lang='lat' dir='ltr'><em>oe·</em></span> 
     </span>
     <span class='ocr_line' id='line_1_29' title="bbox 101 2939 1116 3023; baseline -0.001 -20"><span class='ocrx_word' id='word_1_193' title='bbox 101 2943 183 3005; x_wconf 79' lang='lat' dir='ltr'><em>tavo</em></span> <span class='ocrx_word' id='word_1_194' title='bbox 201 2939 434 3023; x_wconf 81' lang='lat' dir='ltr'><em>Epistularum.</em></span> <span class='ocrx_word' id='word_1_195' title='bbox 456 2979 493 2987; x_wconf 93' lang='lat'><em>-</em></span> <span class='ocrx_word' id='word_1_196' title='bbox 520 2941 629 3008; x_wconf 91' lang='lat' dir='ltr'><em>Utrum</em></span> <span class='ocrx_word' id='word_1_197' title='bbox 643 2944 760 3022; x_wconf 87' lang='lat' dir='ltr'><em>turpem</em></span> <span class='ocrx_word' id='word_1_198' title='bbox 779 2941 870 3004; x_wconf 80' lang='lat' dir='ltr'><em>unu</em></span> <span class='ocrx_word' id='word_1_199' title='bbox 886 2939 1116 3020; x_wconf 78' lang='lat' dir='ltr'><em>stipulationem</em></span> 
     </span>
     <span class='ocr_line' id='line_1_30' title="bbox 94 3029 1115 3114; baseline -0.002 -21"><span class='ocrx_word' id='word_1_200' title='bbox 94 3033 194 3112; x_wconf 75' lang='lat' dir='ltr'><em>protes</em></span> <span class='ocrx_word' id='word_1_201' title='bbox 224 3050 267 3094; x_wconf 91' lang='lat' dir='ltr'><em>an</em></span> <span class='ocrx_word' id='word_1_202' title='bbox 297 3051 373 3114; x_wconf 85' lang='lat' dir='ltr'><em>non,</em></span> <span class='ocrx_word' id='word_1_203' title='bbox 403 3051 524 3114; x_wconf 80' lang='lat' dir='ltr'><em>quaero.</em></span> <span class='ocrx_word' id='word_1_204' title='bbox 571 3035 663 3112; x_wconf 85' lang='lat' dir='ltr'><em>pater</em></span> <span class='ocrx_word' id='word_1_205' title='bbox 694 3030 848 3094; x_wconf 77' lang='lat' dir='ltr'><em>naturalis</em></span> <span class='ocrx_word' id='word_1_206' title='bbox 878 3029 994 3112; x_wconf 75' lang='lat' dir='ltr'><em>filtrum,</em></span> <span class='ocrx_word' id='word_1_207' title='bbox 1026 3048 1115 3108; x_wconf 80' lang='lat' dir='ltr'><em>quem</em></span> 
     </span>
     <span class='ocr_line' id='line_1_31' title="bbox 104 3117 1116 3202; baseline -0.002 -20"><span class='ocrx_word' id='word_1_208' title='bbox 104 3119 213 3182; x_wconf 79' lang='lat' dir='ltr'><em>Titius</em></span> <span class='ocrx_word' id='word_1_209' title='bbox 229 3117 356 3183; x_wconf 75' lang='lat' dir='ltr'><em>trudeim</em></span> <span class='ocrx_word' id='word_1_210' title='bbox 372 3121 408 3183; x_wconf 91' lang='lat' dir='ltr'><em>in</em></span> <span class='ocrx_word' id='word_1_211' title='bbox 425 3121 625 3202; x_wconf 78' lang='lat' dir='ltr'><em>adoptiorrem</em></span> <span class='ocrx_word' id='word_1_212' title='bbox 647 3119 782 3184; x_wconf 80' lang='lat' dir='ltr'><em>heredem</em></span> <span class='ocrx_word' id='word_1_213' title='bbox 799 3119 942 3196; x_wconf 89' lang='lat' dir='ltr'><em>institnit,</em></span> <span class='ocrx_word' id='word_1_214' title='bbox 964 3119 994 3182; x_wconf 87' lang='lat' dir='ltr'><em>si</em></span> <span class='ocrx_word' id='word_1_215' title='bbox 1006 3118 1116 3199; x_wconf 88' lang='lat' dir='ltr'><em>patria</em></span> 
     </span>
     <span class='ocr_line' id='line_1_32' title="bbox 95 3206 1116 3290; baseline -0.003 -18"><span class='ocrx_word' id='word_1_216' title='bbox 95 3211 250 3290; x_wconf 85' lang='lat' dir='ltr'><em>potestate</em></span> <span class='ocrx_word' id='word_1_217' title='bbox 275 3207 421 3274; x_wconf 77' lang='lat' dir='ltr'><em>tanatos</em></span> <span class='ocrx_word' id='word_1_218' title='bbox 447 3214 527 3274; x_wconf 87' lang='lat' dir='ltr'><em>esset.</em></span> <span class='ocrx_word' id='word_1_219' title='bbox 560 3213 650 3290; x_wconf 87' lang='lat' dir='ltr'><em>poter</em></span> <span class='ocrx_word' id='word_1_220' title='bbox 676 3229 744 3272; x_wconf 89' lang='lat' dir='ltr'><em>eum</em></span> <span class='ocrx_word' id='word_1_221' title='bbox 767 3209 927 3290; x_wconf 82' lang='lat' dir='ltr'><em>adoptivus</em></span> <span class='ocrx_word' id='word_1_222' title='bbox 948 3227 1011 3271; x_wconf 91' lang='lat' dir='ltr'><em>nou</em></span> <span class='ocrx_word' id='word_1_223' title='bbox 1034 3206 1116 3270; x_wconf 84' lang='lat' dir='ltr'><em>aiios</em></span> 
     </span>
     <span class='ocr_line' id='line_1_33' title="bbox 101 3296 1117 3381; baseline -0.005 -19"><span class='ocrx_word' id='word_1_224' title='bbox 101 3296 303 3378; x_wconf 80' lang='lat' dir='ltr'><em>emancipare</em></span> <span class='ocrx_word' id='word_1_225' title='bbox 319 3297 422 3381; x_wconf 85' lang='lat' dir='ltr'><em>notuit,</em></span> <span class='ocrx_word' id='word_1_226' title='bbox 444 3318 538 3379; x_wconf 78' lang='lat' dir='ltr'><em>qnam</em></span> <span class='ocrx_word' id='word_1_227' title='bbox 555 3298 625 3363; x_wconf 88' lang='lat' dir='ltr'><em>siei</em></span> <span class='ocrx_word' id='word_1_228' title='bbox 642 3297 777 3380; x_wconf 84' lang='lat' dir='ltr'><em>dedisset,</em></span> <span class='ocrx_word' id='word_1_229' title='bbox 800 3319 821 3360; x_wconf 91' lang='lat' dir='ltr'><em>a</em></span> <span class='ocrx_word' id='word_1_230' title='bbox 838 3317 897 3379; x_wconf 78' lang='lat' dir='ltr'><em>quo</em></span> <span class='ocrx_word' id='word_1_231' title='bbox 914 3296 1117 3378; x_wconf 84' lang='lat' dir='ltr'><em>stipularetur</em></span> 
     </span>
     <span class='ocr_line' id='line_1_34' title="bbox 101 3383 1118 3472; baseline -0.005 -21"><span class='ocrx_word' id='word_1_232' title='bbox 101 3391 222 3451; x_wconf 80' lang='lat' dir='ltr'><em>certam</em></span> <span class='ocrx_word' id='word_1_233' title='bbox 252 3405 419 3472; x_wconf 89' lang='lat' dir='ltr'><em>snmmam,</em></span> <span class='ocrx_word' id='word_1_234' title='bbox 450 3388 478 3451; x_wconf 89' lang='lat' dir='ltr'><em>si</em></span> <span class='ocrx_word' id='word_1_235' title='bbox 509 3407 577 3450; x_wconf 88' lang='lat' dir='ltr'><em>eum</em></span> <span class='ocrx_word' id='word_1_236' title='bbox 608 3387 843 3451; x_wconf 80' lang='lat' dir='ltr'><em>manumisisset.</em></span> <span class='ocrx_word' id='word_1_237' title='bbox 884 3389 957 3466; x_wconf 89' lang='lat' dir='ltr'><em>post</em></span> <span class='ocrx_word' id='word_1_238' title='bbox 985 3383 1118 3447; x_wconf 82' lang='lat' dir='ltr'><em>emanci-</em></span> 
     </span>
    </p>
   </div>
   <div class='ocr_carea' id='block_1_8' title="bbox 181 3550 921 3622">
    <p class='ocr_par' dir='ltr' id='par_1_9' title="bbox 181 3550 921 3622">
     <span class='ocr_line' id='line_1_35' title="bbox 181 3550 921 3622; baseline -0.004 -15"><span class='ocrx_word' id='word_1_239' title='bbox 181 3559 194 3607; x_wconf 90' lang='lat'>1</span> <span class='ocrx_word' id='word_1_240' title='bbox 215 3551 262 3607; x_wconf 75' lang='lat' dir='ltr'><em>m.</em></span> <span class='ocrx_word' id='word_1_241' title='bbox 281 3551 418 3606; x_wconf 84' lang='lat' dir='ltr'><em>bonorum</em></span> <span class='ocrx_word' id='word_1_242' title='bbox 435 3551 612 3622; x_wconf 76' lang='lat' dir='ltr'><em>possessione</em></span> <span class='ocrx_word' id='word_1_243' title='bbox 630 3550 691 3605; x_wconf 79' lang='lat' dir='ltr'><em>iura</em></span> <span class='ocrx_word' id='word_1_244' title='bbox 709 3568 760 3620; x_wconf 84' lang='lat' dir='ltr'><em>pro</em></span> <span class='ocrx_word' id='word_1_245' title='bbox 779 3552 860 3620; x_wconf 78' lang='lat' dir='ltr'><em>parte</em></span> <span class='ocrx_word' id='word_1_246' title='bbox 879 3565 921 3604; x_wconf 80' lang='lat' dir='ltr'><em>ea.</em></span> 
     </span>
    </p>
   </div>
   <div class='ocr_carea' id='block_1_9' title="bbox 0 0 1309 3906">
    <p class='ocr_par' dir='ltr' id='par_1_10' title="bbox 0 0 1309 3906">
     <span class='ocr_line' id='line_1_36' title="bbox 0 0 1309 3906; baseline 0 0"><span class='ocrx_word' id='word_1_247' title='bbox 0 0 1309 3906; x_wconf 95' lang='lat' dir='ltr'><em> </em></span> 
     </span>
    </p>
   </div>
  </div>
 </body>
</html>
