2580 3900
479 220 503 269 7.
522 210 709 268 Pnocunus
1038 213 1101 278 159

90 380 243 462 cepturus
262 397 322 461 pro
341 379 444 459 parte,
462 376 547 460 quod
565 374 786 459 impenderim,
804 375 922 440 iudicio
940 377 1104 442 societatis

90 471 146 532 aut
173 465 339 531 communi
367 464 541 529 dividundo
659 469 691 528 et
719 469 768 528 est
794 465 891 549 plane
919 469 1105 532 nostrorum

90 557 337 641 praeceptorum
368 554 448 618 haec
481 555 655 638 sententia,
689 557 726 618 ut
757 554 924 620 credamus
955 554 1105 620 inutilem

89 666 160 709 esse
193 643 304 708 damni
333 642 444 708 infecti
472 642 727 728 stipulationem,
759 664 821 728 quo
849 664 926 708 casu
954 644 1105 709 damnum

92 733 158 800 ulia
181 733 309 798 actione
332 731 444 796 sarciri
465 731 578 816 possit.

180 821 247 886 81?
275 819 396 885 Damni
419 821 531 886 infecti
554 819 798 906 stipulationem
822 841 859 886 eo
879 843 1006 906 quoque
1030 843 1106 887 casu

88 911 205 976 utilem
235 931 320 992 esse,
347 929 410 994 quo
439 909 503 974 alia
526 910 653 975 actione
682 908 834 973 damnum
858 910 969 974 sarciri
993 913 1106 995 possit,

88 999 245 1064 Proculus
269 999 396 1064 videtur
419 998 629 1064 existimasse.
670 997 710 1062 cf.
728 995 767 1063 D.
783 998 839 1082 39,
854 999 888 1080 2,
904 1001 947 1064 32
970 995 1014 1086 (v.
1030 999 1070 1084 ll,
1086 1000 1104 1065 1

87 1112 117 1174 p'
133 1083 223 1175 578)
467 1157 517 1223 De
539 1159 733 1224 condictione.

179 1265 232 1332 82.
269 1263 378 1348 1112,
400 1266 548 1344 1,11,1.
602 1263 693 1330 Idem
731 1262 789 1352 (sc.
812 1263 990 1349 Ulpianus)
1022 1265 1106 1329 libro

94 1354 270 1420 vicensimo
290 1358 380 1419 sexto
400 1354 440 1418 ad
459 1354 598 1418 edictum
617 1351 666 1442 (P.
679 1352 782 1441 uoob).
799 1391 841 1402 -
857 1351 892 1419 Si
910 1353 972 1419 tibi
991 1353 1107 1418 dedero

89 1444 199 1508 decem
229 1444 289 1526 sic,
321 1447 358 1508 ut
383 1464 500 1508 novem
528 1443 659 1528 debeas,
687 1443 843 1508 Proculus
872 1444 931 1526 ait,
1040 1464 1108 1506 non

92 1531 234 1616 amplius
265 1534 299 1596 16
331 1531 402 1616 ipso
435 1531 504 1596 iure
537 1531 653 1596 debere
685 1554 781 1615 quam
813 1554 938 1598 novem.
990 1531 1046 1596 sed
1079 1531 1107 1596 si

90 1620 225 1703 dedero,
257 1625 294 1686 ut
326 1620 472 1686 undecim
500 1620 631 1706 debeas,
663 1626 757 1704 putat
784 1620 939 1687 Proculus
969 1621 1107 1705 amplius

90 1732 187 1794 quam
213 1709 322 1774 decem
347 1710 473 1775 condici
496 1731 562 1774 non
585 1731 688 1794 posse.

181 1799 233 1866 83.
258 1796 297 1863 D.
313 1798 362 1878 12,
374 1799 403 1883 1,
413 1799 443 1879 9,
453 1798 482 1863 9.
528 1797 688 1880 Ulpianus
711 1799 794 1864 libro
819 1799 993 1864 vicensimo
1018 1803 1108 1864 sexto

89 1888 131 1952 ad
168 1887 309 1952 edictum
342 1885 391 1970 (Ρ.
416 1884 520 1972 7691).
552 1923 596 1934 -
627 1886 773 1972 Deposui
806 1888 890 1972 apud
923 1892 955 1952 16
989 1888 1109 1972 decem,

89 1980 206 2061 postea
232 1976 365 2059 permisi
392 1975 453 2041 tibi
481 1975 543 2040 uti:
571 1974 679 2042 Nerva
705 1976 861 2042 Proculus
891 1979 989 2042 etiarn
1019 1981 1109 2042 ante-

90 2087 189 2150 quam
226 2069 428 2144 moveantur,
465 2065 633 2130 condicere
668 2067 761 2150 quasi
793 2070 907 2132 mutua
939 2067 1000 2132 tibi
1032 2066 1109 2132 haec

89 2176 188 2238 posse
214 2153 310 2238 <me>
333 2154 432 2219 aiunt.

181 2243 234 2308 84.
259 2241 298 2308 D.
313 2243 362 2327 12,
372 2243 403 2324 4,
413 2242 443 2322 3,
454 2243 483 2308 3.
529 2240 688 2326 Ulpianus
709 2242 794 2308 libro
817 2243 993 2309 vicensimo
1018 2247 1109 2310 sexto

91 2331 131 2396 ad
147 2331 289 2396 edictum
305 2327 355 2418 (P.
367 2329 470 2418 77212).
480 2367 522 2378 -
537 2330 620 2408 Quid
636 2333 663 2396 si
677 2332 724 2396 ita
738 2332 818 2415 dedi,
834 2337 870 2398 ut
884 2333 972 2397 intra
987 2337 1110 2397 certum

90 2425 222 2506 tempus
245 2421 457 2485 manumittas
479 2416 539 2506 (sc.
553 2417 736 2506 Stichum?
774 2422 800 2484 si
819 2421 961 2487 nondum
981 2424 1109 2505 tempus

92 2509 272 2594 praeteriit,
291 2509 465 2574 inhibenda
484 2510 547 2575 erit
565 2509 726 2594 repetiti0,
744 2510 807 2573 nisi
827 2510 1004 2592 paeniteat3
1025 2509 1110 2592 quod

94 2599 121 2663 si
143 2598 325 2683 praeteriit,
348 2598 472 2663 condici
491 2599 619 2683 poterit.
657 2597 712 2663 sed
732 2598 759 2662 si
780 2595 909 2662 Stichus
929 2597 1112 2678 decesserit,

92 2709 133 2753 an
166 2687 273 2770 repeti
304 2686 388 2772 quod
416 2687 526 2752 datum
554 2690 604 2751 cst
630 2686 756 2770 possit?
807 2684 961 2749 Proculus
991 2686 1050 2770 ait,
1083 2684 1111 2749 si

91 2779 168 2861 post
190 2775 225 2840 id
249 2775 406 2859 temporis
430 2776 612 2860 decesserit,
635 2796 698 2858 quo
718 2774 904 2838 manumitti
922 2773 1040 2858 potuit,
1063 2795 1111 2838 re·

92 2865 288 2950 petitionem
312 2886 394 2948 esse,
417 2865 446 2930 si
469 2865 589 2950 minus,
613 2884 747 2929 cessure.

187 2953 240 3020 85.
268 2951 347 3018 Ibid.
364 2955 383 3034 ξ
398 2953 428 3018 4.
446 2991 483 3000 -
501 2951 586 3029 Quin
609 2954 707 3018 immo
732 2956 764 3016 ct
790 2951 817 3016 si
841 2951 924 3016 nihil
948 2951 1010 3017 tibi
1030 2952 1111 3035 dedi,

93 3046 130 3106 ut
149 3041 407 3124 manumitteres,
427 3041 593 3126 placuerat
611 3047 730 3124 tamen,
750 3045 786 3106 ut
805 3041 925 3127 darem,
943 3041 1031 3107 ultro
1050 3043 1112 3107 tibi

92 3135 277 3216 competere
306 3131 482 3214 actionem,
509 3153 589 3215 quae
618 3153 657 3196 ex
684 3132 746 3197 hoc
775 3133 943 3196 contractu
966 3132 1113 3196 nascitur

93 3218 141 3304 [id
165 3223 216 3286 est
239 3219 513 3300 condictioneml]
539 3220 688 3286 defuncto
713 3241 838 3304 quoque
862 3241 908 3285 co.

298 3447 299 3454 ,
379 3378 430 3445 De
451 3380 612 3446 roborum
635 3381 824 3464 obliyatioae.

181 3488 235 3554 86.
264 3485 304 3552 D.
317 3487 370 3568 45,
385 3487 414 3568 2,
431 3487 472 3551 12
482 3509 530 3571 pr.
576 3485 752 3550 Venuleius
778 3487 861 3550 libro
886 3483 1029 3548 secundo
1049 3481 1113 3545 Sti·

92 3577 297 3660 pulationum
321 3572 370 3662 (P.
384 3572 453 3662 57).
477 3611 519 3622 ——
544 3572 578 3640 Si
607 3596 645 3638 ex
673 3573 811 3654 duobus,
839 3573 894 3654 qui
919 3569 1114 3652 promissori
