2602 3906
411 204 435 252 7.
459 197 656 252 IUVENTIUS
676 198 810 254 ODLSUS
1052 202 1117 266 499

108 357 327 424 ‘Rebellianus
351 360 378 424 si
402 360 523 425 caverit
546 361 690 426 coloniae
709 361 977 449 Philippensium,
1001 364 1116 430 risina

107 449 218 513 liberis
247 449 416 532 morietur,
443 454 697 535 quantecumque
720 453 854 535 pecunia
878 474 915 518 ex
939 453 1116 520 hereditate

107 537 186 602 deve
205 537 300 602 bonis
314 538 394 602 meis
409 538 449 602 ad
463 559 536 602 eum
549 539 704 622 pervenit,
720 561 789 602 eam
804 543 972 623 pecuniam
988 564 1116 608 omnem

107 625 147 690 ad
180 626 341 691 coloniam
355 673 356 678 η
372 625 629 711 Philippensium
657 629 904 711 perventuram’.
950 632 1115 717 respondi:

106 735 144 780 ee
170 715 219 780 iis
241 715 345 796 uubis,
370 735 447 797 quoe
465 717 622 799 puopouis‚
645 715 699 799 [id
720 722 763 781 est
773 719 957 802 perruptum]
976 722 1115 786 epistimo

106 805 198 868 etiaui
219 804 349 888 fruetus,
371 824 445 887 quos
468 825 504 868 eu
526 803 689 869 hereditate
705 807 847 890 percepit,
870 811 1025 873 restituere
1047 831 1116 874 eum

105 893 219 975 debere,
237 893 368 974 perinde
390 893 481 976 quasi
502 894 673 975 specialiter
695 894 748 958 hoe
772 900 894 960 usura
916 900 1115 978 expressisset.

504 1069 554 1135 De
575 1072 720 1136 societate.

194 1184 224 1250 5.
261 1184 299 1248 D.
321 1187 376 1271 17,
394 1187 428 1270 2,
447 1186 489 1252 58
507 1209 553 1271 pr.
606 1186 696 1251 ldem
731 1185 788 1272 (so.
822 1187 996 1273 Ulpianus)
1031 1190 1114 1255 libro

104 1274 296 1359 trigensimo
320 1275 424 1357 primo
449 1275 489 1340 ad
513 1275 651 1340 edietum
674 1273 722 1360 (P.
738 1274 826 1362 926).
849 1312 892 1323 -
916 1276 950 1342 si
973 1278 1006 1342 id
1028 1279 1114 1363 quod

105 1364 177 1446 quis
206 1363 240 1428 in
269 1364 453 1428 sociotatem
484 1363 621 1429 eontulit
648 1366 823 1428 extinctum
849 1367 905 1448 sit,
932 1367 1114 1450 videndum,

104 1474 145 1516 an
178 1474 237 1536 pro
271 1453 357 1518 soaio
387 1473 481 1535 agere
509 1453 623 1535 possit.
673 1456 849 1518 traotatum
877 1455 924 1519 ita
952 1458 1001 1520 est
1029 1457 1113 1539 apud

104 1538 235 1606 Celsum
251 1541 335 1605 libro
351 1544 488 1625 septimo
503 1539 713 1625 Digestorum
728 1541 769 1606 ad
784 1542 955 1626 epistulam
971 1542 1113 1610 Cornelii

104 1628 235 1693 Felicis:
263 1652 335 1694 eum
361 1633 427 1694 tres
451 1651 550 1715 equos
574 1631 709 1695 haberes
733 1635 765 1694 et
788 1652 848 1716 ago
872 1654 986 1716 unum,
1015 1634 1112 1699 socie·

103 1721 206 1781 tatem
234 1720 368 1801 coimus,
396 1723 433 1783 ut
461 1721 591 1802 accepto
620 1740 702 1804 equo
729 1740 800 1784 meo
825 1721 1014 1807 quadrigam
1038 1744 1111 1787 ven-

104 1807 195 1870 deres
225 1811 256 1870 et
284 1829 323 1872 ex
344 1808 447 1891 pretio
472 1813 620 1892 quartam
644 1807 725 1872 mihi
747 1807 904 1874 redderes.
961 1811 1112 1896 eiigitur

104 1898 181 1960 ante
203 1895 420 1961 venditionem
445 1918 544 1982 equus
564 1918 654 1961 meus
673 1899 818 1962 mortuus
839 1899 890 1982 sit,
912 1921 977 1965 non
997 1904 1110 1983 putare

103 2005 138 2049 se
153 1981 265 2049 Celsus
285 1985 332 2048 ait
350 1985 537 2050 societatem
557 2006 685 2051 manere
704 2007 763 2050 nes
783 2008 822 2050 ex
834 1987 939 2071 pretio
955 2010 1110 2072 equorum

102 2077 230 2138 tuorum
256 2079 381 2156 partem
405 2073 525 2159 deberi,
548 2096 614 2139 non
637 2075 722 2139 enim
741 2075 907 2140 habendae
927 2078 1112 2162 quadrigae,

104 2162 160 2226 sed
185 2161 368 2227 vendendae
392 2163 510 2228 auitam
535 2165 731 2230 societatem.

518 2339 567 2405 De
590 2341 699 2406 tutelis

190 2455 219 2519 6.
243 2453 281 2518 D.
291 2456 343 2539 23,
353 2456 383 2539 3,
393 2455 445 2519 60.
480 2452 591 2520 Oelaus
607 2456 690 2520 libro
705 2455 874 2521 undecimo
889 2456 1106 2541 Digestorum.

104 2578 142 2590 -
160 2541 295 2626 Quaero,
314 2549 453 2628 quantae
472 2545 626 2628 pecuniae
642 2544 749 2609 dotem
765 2546 967 2628 promittenti
982 2546 1109 2610 adultae

101 2631 230 2696 mulieri
245 2637 326 2696 tutor
339 2630 568 2698 auctoritatem1
578 2633 818 2697 accommodare
829 2633 953 2697 debeat.
976 2655 1108 2718 respon·

99 2721 161 2785 dit:
180 2721 289 2786 modus
306 2741 343 2787 ee
358 2721 559 2802 serenitatibus
578 2726 607 2785 et
622 2722 770 2804 dipuitute
788 2722 927 2786 mulieris
944 2723 1110 2804 meritique

98 2811 278 2874 statuendus
300 2816 355 2893 est,
380 2830 533 2893 quousque
555 2811 637 2875 ratio
655 2811 786 2892 patitur.

189 2899 219 2963 7.
241 2897 280 2965 D.
294 2900 346 2980 27,
362 2900 391 2983 8,
407 2901 434 2966 7.
467 2897 579 2964 Celsus
598 2898 681 2964 libro
702 2899 869 2964 undecimo
888 2898 1108 2983 Digestorum.

99 3023 141 3033 —
157 2987 197 3051 In
211 2989 428 3072 magistratus,
447 2989 501 3073 qui
520 2991 661 3052 tutorem
676 2987 841 3072 dederunt,
854 3008 934 3072 rogo
949 2990 1107 3054 rescribas

97 3079 207 3140 utrum
236 3099 295 3161 pro
323 3076 411 3141 virili
439 3077 586 3161 portione
615 3076 699 3142 aetio
728 3076 833 3142 danda
862 3079 917 3156 sit,
948 3099 989 3142 an
1018 3078 1106 3163 optio

98 3165 142 3229 sit
170 3165 239 3229 eius
265 3166 319 3249 qui
342 3167 483 3250 pupillus
507 3165 582 3245 fuit,
609 3188 681 3231 oum
706 3188 767 3250 quo
791 3165 999 3249 potissimum
1023 3171 1107 3252 agat.

97 3253 277 3340 respondit:
300 3255 328 3319 si
349 3256 417 3320 doto
434 3254 571 3336 feceruut
586 3257 793 3338 mopistretus,
816 3262 852 3320 ut
868 3257 973 3321 uiuus
988 3257 1107 3338 pupilio

96 3348 265 3426 euauuuu
291 3345 327 3408 iu
354 3365 441 3425 pueu
467 3345 533 3409 uuit
559 3347 636 3410 aetio
659 3347 687 3409 ei
709 3346 815 3409 deuito
837 3346 872 3409 iu
894 3346 1025 3410 solidum
1048 3349 1107 3420 est;

96 3433 147 3497 siu
175 3432 267 3514 uuio
294 3433 458 3497 dumtouut
484 3453 587 3497 eorum
614 3454 709 3516 uepue
735 3434 802 3498 doto
829 3433 911 3498 muto
937 3434 971 3497 iet
990 3432 1107 3512 foetum

170 3577 184 3625 1
209 3571 283 3628 Teii.
303 3573 414 3626 curator
434 3587 604 3627 eonsensum.

840 3658 894 3710 32*
