2580 3900
154 242 221 306 232
244 241 290 297 IV.
305 241 521 296 VESPASIANI
536 239 609 296 ΤΙΤΙ
621 240 818 297 DOMITIANI
830 241 939 297 dune.
953 241 1050 298 IURIS
1064 242 1169 298 CONS.

157 405 272 471 emerit
295 408 329 469 et
350 405 377 470 is
396 405 538 490 quinque
557 403 610 487 sit,
633 406 773 490 quinque
791 405 930 489 petenda
948 402 1170 492 (retinenda?)

157 516 227 559 esse
256 493 341 577 apud
363 492 531 559 Plautium
557 494 693 579 placuit,
721 494 1004 578 quemadmodum,
1032 495 1060 558 si
1086 517 1170 560 mor-

156 587 232 647 tuus
257 587 320 667 est,
345 583 428 646 nihil
451 587 613 667 peteretur
635 581 895 669 (retineretur?);
924 581 1050 647 sivero
1075 584 1171 668 quin-

157 670 260 737 decim
288 671 406 753 dignus
435 675 491 756 sit,
519 693 586 737 non
612 672 685 756 plus
714 694 811 757 quam
839 672 948 736 decem
970 677 1079 755 potest
1101 674 1171 757 peti

158 757 352 848 (retineriP),
376 761 529 846 quoniam
553 764 685 826 eatenus
710 761 847 825 donator
870 762 1042 845 pauperior
1062 760 1170 826 factus

158 853 251 914 esset.

521 956 571 1022 De
592 977 669 1022 cura
688 955 812 1038 furiosi.

249 1065 301 1130 34.
320 1063 359 1130 D.
368 1064 422 1147 40,
432 1065 462 1148 1,
474 1065 523 1129 13.
559 1061 757 1146 Pomponius
771 1063 855 1129 libro
869 1065 974 1148 primo
989 1086 1028 1129 ex
1041 1063 1171 1129 Plautio

159 1150 210 1240 (P.
225 1149 315 1239 327).
342 1189 378 1200 -
405 1151 522 1218 Servus
541 1152 654 1217 furiosi
673 1152 714 1215 ab
734 1152 874 1238 adgnato
894 1157 1042 1218 curatore
1061 1175 1172 1218 manu·

159 1243 249 1308 mitti
276 1264 341 1307 non
353 1243 493 1395 potest,
521 1242 597 1327 quia
619 1241 653 1306 in
677 1241 959 1306 administratione
981 1241 1172 1325 patrimonii

160 1330 352 1397 manumissi
397 1353 462 1394 non
482 1333 541 1395 est.
582 1329 611 1393 si
630 1333 737 1394 autem
758 1353 796 1395 ex
813 1330 1055 1396 fideicommissi
1074 1352 1173 1396 causa

160 1420 290 1486 deberet
304 1420 490 1484 libertatem
504 1418 655 1502 furiosus,
669 1419 883 1485 dubitationis
897 1419 1060 1484 tollendae
1073 1440 1173 1484 causa

159 1509 200 1575 ab
221 1509 362 1592 adgnato
380 1505 645 1591 rnrrna'panduml
663 1529 801 1591 servum,
819 1513 856 1572 ut
878 1509 918 1573 ab
938 1529 976 1573 eo
992 1509 1043 1572 cui
1056 1509 1173 1574 moaci

154 1595 272 1684 patus²
296 1601 382 1662 esset
404 1596 665 1678 manumittatur,
688 1595 871 1662 Octauenus
895 1599 949 1661 ait.

249 1685 314 1752 35?
345 1684 386 1751 D.
408 1686 461 1768 46,
485 1687 516 1768 3,
540 1686 595 1751 65.
649 1684 848 1770 Pomponius
878 1685 962 1751 libro
994 1685 1100 1769 primo
1135 1708 1174 1750 ex

158 1773 288 1839 Plautio
313 1773 362 1861 (P.
382 1771 472 1861 328).
497 1809 536 1821 -
562 1772 598 1840 si
625 1774 693 1838 filia
720 1774 835 1839 furi0si
858 1797 878 1840 a
900 1775 970 1840 viro
994 1774 1173 1856 divorterit,

160 1864 282 1929 dictum
314 1867 364 1928 est
396 1864 446 1928 vel
479 1866 599 1948 agnato
632 1863 775 1928 curatori
806 1862 974 1929 voluntate
1004 1863 1092 1928 filiae
1120 1863 1174 1929 vel

160 1951 246 2016 filiae
270 1953 491 2017 consentiente
514 1955 636 2036 agnato
660 1952 744 2017 solvi
767 1951 885 2017 dotem.

568 2127 618 2194 De
641 2129 764 2194 delictis.

249 2235 301 2301 36.
337 2234 379 2300 D.
402 2235 455 2317 47,
478 2237 509 2317 2,
532 2237 584 2318 67,
610 2236 637 2303 l.
690 2234 811 2300 Paulus
843 2235 927 2302 libro
960 2238 1100 2322 septimo
1133 2239 1174 2303 ad

160 2323 325 2388 Plautium
348 2323 397 2410 (P.
412 2321 523 2411 1141).
542 2361 584 2371 —
609 2323 643 2390 Si
661 2325 689 2388 is
708 2325 829 2390 coires
849 2326 1004 2411 subrepta
1022 2325 1075 2410 sit,
1097 2326 1174 2391 dum

163 2413 249 2499 apud
263 2413 366 2478 furem
381 2414 433 2493 sit,
447 2414 615 2498 legaverat
627 2435 698 2478 eam
713 2413 794 2478 mihi
806 2413 886 2500 <per
895 2414 1174 2500 vindicationem),

163 2526 214 2588 an,
230 2503 257 2567 si
271 2510 385 2588 postea
399 2503 451 2568 fur
465 2525 536 2568 eam
551 2506 736 2587 contrectet,
751 2503 829 2568 furti
844 2503 1004 2569 actionem
1016 2503 1174 2569 habeam?

49 2600 53 2603 ’
163 2597 197 2659 et
225 2592 398 2658 secundum
422 2589 578 2658 Octaueni
606 2593 799 2658 sententiam
823 2591 902 2656 mihi
931 2591 991 2658 soli
1019 2594 1175 2677 competit

163 2682 244 2747 furti
267 2681 366 2765 actio,
393 2704 466 2748 cum
488 2681 582 2746 heres
607 2703 664 2746 suo
688 2682 817 2747 nomine
840 2702 907 2746 non
929 2681 1063 2765 habeat,
1086 2681 1175 2766 quia,

164 2792 364 2856 quacumque
394 2771 520 2836 ratione
552 2767 731 2835 dominium
761 2773 921 2835 mutatum
953 2771 1010 2855 sit,
1042 2771 1174 2836 domino

162 2863 344 2942 competere
366 2859 446 2924 furti
469 2859 631 2924 actionem
654 2861 792 2925 constat.

252 2949 305 3013 37.
328 2946 368 3013 D.
381 2947 459 3012 ibid.
472 2949 492 3027 ξ
507 2948 537 3010 2.
558 2981 597 2993 -
619 2947 705 3012 Eum
724 2948 779 3032 qui
798 2946 975 3013 mulionem
993 2946 1067 3013 dolo
1086 2950 1175 3013 malo

162 3035 198 3100 in
216 3035 266 3098 ius
286 3040 443 3118 vocasset,
466 3037 495 3099 si
513 3036 639 3099 interea
657 3037 764 3101 mulae
783 3036 951 3122 perissent,
975 3035 1052 3102 furti
1070 3038 1175 3103 teneri

162 3127 286 3188 veteres
310 3123 553 3208 responderunt.

253 3212 306 3277 38.
324 3210 365 3277 D.
378 3212 430 3294 48,
447 3211 497 3290 19,
506 3211 559 3278 20.
595 3211 716 3278 Paulus
730 3211 813 3278 libro
828 3217 942 3279 octavo
957 3213 998 3278 ad
1011 3211 1178 3282 Plautium

163 3297 212 3386 (P.
233 3297 343 3385 1246).
367 3335 409 3346 —
434 3298 468 3365 Si
490 3321 597 3385 poena
620 3301 715 3366 alicui
736 3300 910 3388 irrogatur,
936 3305 1102 3388 receptum
1126 3310 1178 3370 est

163 3389 390 3454 commenticio
413 3389 495 3469 iure,
518 3410 558 3454 ne
582 3389 622 3453 ad
645 3389 778 3457 heredes
802 3395 956 3456 transeat.

237 3550 250 3598 1
272 3543 348 3600 Trio.
367 3543 542 3600 tradendum.

235 3621 252 3669 2
273 3616 348 3672 Trio.
366 3615 499 3671 traditus.
