2568 3912
226 202 291 264 556
589 198 866 258 ADDITAMENTA.

227 363 301 426 dere
334 365 367 426 et
393 383 568 446 usucapere
602 358 709 449 (eost)
737 383 845 446 posse3
880 361 935 428 sed
963 363 1094 448 quidam
1127 370 1238 431 contra

227 453 352 535 putant,
376 451 528 534 quoniam
551 450 641 535 ipsos
665 471 773 515 servos
796 472 862 516 uon
884 453 1081 536 possideant.

382 695 384 700 Ι
542 595 545 600 ¹
585 619 634 684 De
656 619 877 686 donationibus.

319 736 391 801 134.
414 733 454 799 D.
465 737 516 819 27,
527 735 637 818 3,1‚2.
674 733 834 820 Ulpianus
852 735 938 800 libro
956 736 1128 822 trigesimo
1150 743 1239 804 sexto

229 822 270 888 ad
294 824 442 889 edictum.
461 861 503 870 —
599 824 715 888 sinon
738 824 852 888 mortis
876 847 973 889 causa
996 825 1169 892 donaverit
1192 832 1240 892 tu-

225 916 297 977 tore
320 917 450 977 auctore
474 911 530 998 (sc.
550 909 716 999 pupillus),
739 959 769 977 ..
799 911 944 978 Iulianus
968 914 1098 998 scripsit
1122 917 1241 1000 pleros·

227 1023 288 1085 que
314 1053 342 1066 ..
366 1005 482 1084 putare
505 1023 570 1067 non
594 1001 699 1065 valere
723 1000 937 1066 donationem.

596 1167 647 1235 De
667 1169 869 1235 emunctione.

320 1285 391 1350 135.
414 1283 454 1349 D.
470 1285 499 1362 8,
513 1285 543 1365 3,
560 1285 636 1368 lpr.
671 1283 761 1348 Idem
784 1281 843 1370 (sc.
866 1282 998 1369 Paulus)
1021 1286 1109 1352 libro
1134 1289 1239 1354 vicen-

228 1374 309 1440 simo
333 1373 437 1458 primo
467 1373 508 1438 ad
531 1373 678 1437 edietum.
701 1409 745 1420 -
769 1422 828 1438 ...
857 1373 1035 1438 iumentum
1059 1423 1094 1439 ..
1125 1377 1239 1442 ducere

227 1485 294 1528 nou
317 1465 439 1547 potest,
463 1463 516 1546 qui
540 1463 603 1526 iter
625 1464 753 1526 tantum
775 1461 883 1526 habet.
920 1465 974 1547 qni
999 1467 1109 1528 actum
1132 1464 1238 1548 habet,

228 1557 261 1616 et
292 1551 451 1635 plostrum
485 1550 599 1616 ducere
637 1555 669 1614 et
704 1551 848 1614 iumenta
881 1573 975 1635 agere
1007 1556 1128 1635 potest.
1189 1555 1238 1620 sed

227 1639 377 1704 trahendi
408 1639 547 1724 lapidem
577 1642 633 1703 aut
663 1638 789 1723 tignum
820 1640 926 1703 neutri
960 1662 1069 1706 eorum
1104 1644 1158 1708 ius
1187 1647 1238 1708 est.

228 1728 358 1813 quidam
382 1750 441 1792 neo
464 1728 594 1792 hastam
617 1732 738 1792 rectam
762 1729 790 1791 ei
814 1727 895 1792 ferre
914 1729 1017 1808 licere,
1041 1731 1119 1815 quia
1138 1754 1236 1818 neque

112 1867 114 1872 .
228 1816 325 1880 eundi
343 1838 445 1900 neque
465 1817 580 1901 agendi
600 1817 706 1902 gratia
725 1815 758 1879 id
777 1816 898 1881 faceret
917 1822 950 1881 et
968 1825 1104 1901 possent
1117 1820 1237 1886 frustm

228 1926 266 1968 eo
290 1905 393 1986 modo,
409 1905 503 1969 laedi.
546 1906 601 1988 qui
619 1905 706 1970 viam
729 1904 851 1970 habent
871 1905 965 1970 eundi
990 1907 1175 1993 agendique
1193 1911 1237 1975 ius

228 1993 363 2077 habent3
385 1993 529 2077 plerique
549 1999 582 2058 et
606 1993 753 2058 trahendi
771 2015 897 2078 quoque
917 1999 949 2059 et
968 2000 1090 2060 rectam
1111 1997 1237 2063 hastam

227 2081 366 2162 ferendi,
390 2081 418 2146 si
441 2081 536 2146 modo
559 2082 683 2146 fructus
706 2104 772 2146 uon
795 2081 910 2147 laedat.

319 2170 391 2236 136.
414 2169 439 2234 I.
455 2171 484 2255 2,
499 2171 529 2254 3,
543 2170 573 2234 2.
587 2207 631 2216 -
647 2171 684 2234 In
701 2171 895 2236 rusticorum
914 2172 1123 2255 praediorum
1144 2176 1238 2240 servi-

227 2262 314 2322 tutes
353 2259 483 2342 quidam
521 2260 702 2343 computari
730 2309 764 2323 ..
791 2264 909 2344 putant
943 2283 1045 2344 aquae
1078 2263 1240 2348 haustum,

227 2348 353 2432 pecoris
394 2348 434 2412 ad
476 2369 593 2433 aquam
635 2348 818 2433 adpulsum,
853 2349 903 2413 ius
940 2351 1110 2433 pascendi,
1147 2354 1240 2419 calcis

227 2437 423 2520 coquendae,
446 2437 586 2501 harenae
609 2436 786 2501 fodiendae.

317 2550 354 2609 of.
380 2548 413 2608 D.
430 2551 458 2624 8,
475 2552 503 2624 3,
521 2553 546 2620 1,
564 2553 590 2608 1.
628 2547 695 2623 Ulp.
720 2549 739 2606 l.
762 2547 793 2606 Π
815 2548 914 2608 Iustit.

512 2708 561 2777 De
583 2732 667 2794 aquo
683 2712 795 2794 pluvio
818 2713 958 2777 arcendo.

319 2829 392 2895 137.
420 2827 457 2892 D.
478 2829 529 2911 39,
549 2828 578 2908 3,
597 2829 674 2911 3pr.
720 2825 877 2911 Ulpianus
905 2827 988 2894 libro
1018 2831 1238 2918 quinquagen-

230 2917 312 2981 simo
340 2917 438 2981 tertio
467 2917 506 2979 ud
535 2916 681 2981 edictum.
708 2952 746 2962 —
848 2916 875 2980 si
895 2967 924 2981 ..
949 2939 1067 3002 aquam
1096 2923 1239 2987 conrivat

229 3003 287 3090 (sc.
306 3005 336 3068 is
354 3005 389 3068 in
409 3004 498 3069 cuius
517 3005 615 3069 fundo
636 3027 718 3088 aqua
738 3002 856 3088 oritur)
875 3005 924 3068 vel
942 3006 970 3069 si
993 3029 1147 3091 spurcam
1173 3010 1238 3096 quis

229 3093 395 3177 immittat,
417 3115 512 3177 posse
535 3115 607 3156 eum
630 3093 778 3176 impediri
801 3093 963 3177 plerisque
986 3097 1119 3178 placuit.

599 3260 649 3325 De
668 3261 867 3343 postliminio.

320 3373 392 3438 138.
415 3372 501 3437 Fest.
516 3397 545 3457 p.
561 3375 633 3439 214.
643 3412 687 3421 -—
703 3428 709 3441 .
725 3429 731 3440 .
749 3381 826 3441 suut
840 3377 895 3462 qui
909 3377 1049 3464 credant,
1067 3381 1236 3467 perfugam

228 3482 298 3525 esse
322 3483 388 3524 non
412 3466 479 3525 tam
504 3462 559 3545 qui
583 3463 663 3528 alios
686 3464 792 3548 fugiat
816 3466 871 3530 sed
895 3465 950 3550 qui
974 3467 1015 3532 ob
1039 3490 1132 3551 spem
1158 3492 1236 3536 oom-

228 3547 396 3613 modorum
421 3549 459 3612 ad
485 3551 667 3635 quempiam
689 3552 859 3638 perfugiat.
