2614 3912
439 219 463 270 s.
485 213 693 270 mucianus
711 215 859 272 narseus
1087 209 1153 282 439

143 385 257 462 glosam
276 400 294 441 a
308 401 368 442 non
385 381 558 458 possidente
574 384 766 460 compararit,
784 377 922 460 ‘poenam
936 384 1154 462 quinquaginta

143 471 349 532 sestertiorum
368 470 437 531 fisco
455 465 702 549 repraesentare’,
724 472 776 548 qui
794 472 960 532 aedificium
978 473 1153 550 negotiandi

142 579 233 621 causa
265 559 351 636 emit,
383 560 418 618 nt
449 559 593 621 diruendo
624 561 692 637 plus
726 561 898 638 adquireret
931 581 1021 638 quam
1048 563 1154 639 quanti

142 651 275 728 emisset,
304 643 438 725 ‘duplam
464 649 633 726 pecuniam,
664 667 724 726 qua
750 653 899 710 mercatus
923 668 989 710 eam
1011 670 1075 711 rem
1098 653 1152 728 est,

60 792 65 806 ,
140 739 173 798 in
195 739 343 799 seranum
368 737 480 797 inferre
503 733 641 815 cogitur'.

218 825 371 887 -Oeternm
392 826 526 887 Iavoleni
553 826 645 887 verba
673 826 886 886 aTriboniani
913 827 1049 888 adiutore
1072 829 1151 889 male

140 917 173 976 in
195 916 285 977 breve
309 917 412 976 coacta
434 935 499 976 esse
523 919 657 992 apparet.

406 1144 458 1205 IV.
491 1146 540 1204 Ex
563 1144 688 1206 Cassio
711 1146 800 1206 libri
822 1145 886 1206 XV.

228 1269 364 1331 Iauoleni
399 1264 452 1329 ‘ex
484 1263 603 1330 Oassio'
641 1270 786 1331 librorum
817 1270 961 1330 memoris
993 1271 1024 1329 et
1055 1269 1152 1330 indice

139 1362 272 1422 Florent.
306 1363 337 1420 et
365 1359 542 1438 fragmentis
572 1358 603 1418 in
630 1358 789 1419 Iustiniani
816 1359 951 1434 Digestis
980 1360 1152 1418 extantibus

139 1451 286 1511 servatur.
327 1449 381 1508 hos
404 1447 506 1525 libros,
533 1467 608 1524 quos
632 1467 668 1507 ex
691 1446 786 1508 Cassii
807 1447 882 1507 iuris
906 1447 1002 1508 olvilis
1024 1447 1111 1508 libris
1135 1466 1153 1507 a

139 1539 280 1600 Iauoleno
306 1537 402 1598 factos
426 1555 490 1597 csse
514 1537 588 1597 satts
612 1540 750 1615 apparet,
778 1539 812 1596 ut
834 1536 1016 1613 Pomponius
1039 1536 1152 1596 Paulus

139 1627 287 1704 Ulpianus
311 1626 541 1686 commentarios
565 1645 639 1703 quos
663 1626 700 1684 ad
720 1625 823 1685 Sabini
844 1625 920 1684 iuris
943 1625 1039 1687 civilis
1058 1625 1152 1686 libros

140 1718 385 1792 composuerunt,
400 1713 587 1790 ¹simpliciter
616 1709 666 1774 ‘ad
690 1708 843 1773 Sabinum'
872 1713 965 1773 libros
993 1713 1151 1790 iuscripsc-
1238 1731 1240 1740 ’

140 1807 223 1883 runt,
246 1804 290 1862 ita
313 1803 471 1865 Iavolenus
494 1822 548 1881 pro
571 1803 657 1863 libris
681 1822 716 1862 ex
739 1801 835 1862 Cassii
856 1802 931 1863 iuris
950 1803 1047 1865 civilis
1065 1803 1152 1864 libris

139 1893 227 1954 factis
249 1892 381 1953 breviter
404 1885 452 1952 ‘ex
475 1887 589 1952 Cassio'
612 1891 705 1953 libros
728 1891 900 1952 nominavit.
942 1892 1102 1952 affertt
1048 1895 1102 1951 aut
1103 1911 1171 1951 em*

138 2000 352 2059 nonnunquam
379 1981 490 2041 diserte
518 1975 645 2058 quod'
636 2001 668 2040 ιιι
691 1980 910 2041 commentariis
934 1975 1013 2040 Gaii'
1036 1973 1129 2042 vel
1120 2001 1152 2040 ιιι

139 2071 226 2132 libris
246 2064 326 2130 Gaii'
349 2064 440 2131 vel'
432 2091 464 2130 ιιι
486 2071 571 2130 libris
591 2070 659 2130 Gaii
678 2064 783 2130 Oassii'
803 2070 897 2146 script
897 2089 949 2129 um
968 2073 1015 2130 est
1034 2065 1083 2150 (D.
1100 2072 1152 2148 35,

141 2163 169 2237 1,
186 2161 237 2220 54.
261 2162 312 2235 40,
329 2162 356 2232 7,
373 2161 423 2232 28,
440 2163 466 2219 1.
491 2161 543 2236 46,
559 2161 577 2219 3
580 2149 669 2240 78.)
711 2162 779 2235 post
766 2158 894 2218 tlibros
917 2158 985 2218 <le
972 2178 1041 2218 1ure
1061 2159 1151 2236 civilJ',

138 2250 172 2309 id
196 2248 275 2327 quod
297 2248 392 2307 Lenel
415 2248 536 2320 conicit,
559 2205 726 2326 singulares
749 2266 867 2325 quoque
886 2246 983 2308 Cassii
1005 2247 1129 2309 libros
1120 2268 1152 2307 ιιι

139 2340 214 2398 hanc
237 2337 399 2412 epitomem
422 2355 486 2396 esse
509 2336 644 2397 redactos
668 2356 727 2396 non
749 2338 831 2413 puto.

141 2445 144 2448 ·
227 2425 275 2485 Ex
289 2426 436 2502 epitomae
450 2425 628 2500 fragmentis
642 2443 718 2503 quae
733 2425 806 2484 satis
820 2425 925 2498 multe,
944 2424 996 2484 sed
1008 2425 1150 2500 pleraque

137 2515 317 2577 brevissima
340 2517 460 2574 servata
483 2516 561 2588 sunt,
585 2513 621 2573 de
644 2514 789 2573 librorum
807 2511 906 2573 indole
924 2531 1031 2588 parum
1049 2513 1151 2590 colligi

137 2607 251 2682 potest;
283 2601 360 2663 illud
390 2621 484 2662 unum
515 2608 654 2681 apparet,
685 2602 860 2663 Iauolenum
889 2620 949 2660 non
976 2601 1074 2661 solnm
1101 2620 1149 2660 ex-

138 2693 285 2770 cerpsisse
308 2690 407 2752 Cassii
433 2691 540 2768 libros,
569 2691 621 2751 scd
649 2709 718 2752 suas
746 2709 863 2766 quoque
886 2692 974 2749 notas
997 2690 1148 2750 adiecisse.

139 2787 172 2842 at
194 2801 263 2842 oum
280 2781 415 2842 Iauoleni
433 2780 526 2842 verba
544 2799 563 2838 a
581 2780 761 2840 Triboniano
778 2797 838 2838 non
857 2797 925 2839 raro
943 2781 1061 2838 mutata
1080 2779 1149 2858 sint,

139 2871 237 2932 Cassii
260 2889 278 2930 a
299 2869 435 2931 Iauoleni
458 2869 614 2929 sententiis
638 2865 687 2930 vix
709 2869 912 2928 dinoscuntur.

227 2960 286 3019 Res
314 2959 351 3018 de
378 2958 486 3038 quibus
512 2977 608 3020 sermo
632 2960 692 3037 est,
719 2958 781 3018 fere
805 2975 906 3016 omnes
930 2956 969 3015 ad
991 2956 1038 3015 ius
1061 2957 1148 3017 civile

138 3051 284 3126 spectent.
323 3048 361 3107 ad
382 3048 430 3108 ius
453 3049 637 3125 praetorium
654 3048 707 3107 illo
726 3048 843 3106 tantum
857 3045 1016 3122 pertinent,
1040 3046 1149 3122 quibus

138 3137 175 3198 de
199 3137 316 3215 peculio
340 3141 371 3196 et
393 3137 429 3197 de
452 3138 484 3196 in
506 3157 570 3198 rem
592 3156 678 3199 verso
702 3137 811 3215 agitur.

227 3227 340 3286 Rerum
362 3227 433 3288 ordo
457 3245 475 3286 a
496 3226 638 3288 Iauoleno
662 3228 794 3287 statutus
817 3225 1007 3301 aliquatenus
1027 3223 1150 3299 quidem

138 3315 340 3392 cognoscitur:
377 3315 453 3376 libro
486 3316 565 3375 euim
593 3315 608 3374 Ι
640 3316 676 3374 de
708 3314 909 3392 testamentis,
942 3311 1019 3373 libro
1047 3312 1079 3370 Π
1110 3312 1148 3373 de

136 3404 256 3482 legatis,
274 3404 351 3463 libro
365 3403 410 3464 IV
428 3405 465 3464 de
483 3403 612 3476 dotibus,
630 3404 707 3464 libro
721 3401 750 3459 V
764 3403 801 3463 <le
814 3403 928 3478 tutelis,
946 3399 1023 3460 libro
1037 3401 1096 3460 VII
1111 3401 1148 3460 de

137 3493 290 3570 emptione
307 3493 487 3569 venditione,
511 3493 587 3552 libro
606 3492 633 3550 X
654 3492 691 3550 de
710 3491 914 3564 servitutibus,
937 3488 1014 3548 libro
1033 3488 1092 3547 XII
1111 3489 1147 3548 de

137 3581 254 3659 peculio
287 3584 317 3641 ct
349 3581 386 3642 de
417 3582 449 3641 in
479 3599 544 3655 rem
570 3599 670 3658 verso,
701 3579 777 3638 libro
804 3579 879 3638 XIII
909 3578 945 3636 de
971 3575 1148 3653 interdictis,
1224 3623 1226 3626 .
