2596 3902
480 197 504 248 7.
522 189 711 249 PROGULUS
1039 196 1102 261 143

89 356 222 440 proinde
247 378 319 422 esse
342 358 438 439 atque
463 356 491 420 si
512 357 657 440 legatum
681 379 746 422 non
766 361 859 423 esset.
897 355 1008 423 Nerva
1025 380 1102 424 vero

90 449 120 510 et
140 445 301 512 Prooulus
411 467 477 510 non
500 445 597 509 aliter
619 450 737 530 putent
759 468 827 512 rem
849 447 1001 533 legatarii
1022 447 1102 530 fieri,

91 556 183 618 quam
209 535 238 599 si
263 534 404 600 voluerit
427 555 498 598 eam
523 534 562 598 ad
587 556 620 600 se
643 536 814 619 pertinere.

175 646 243 706 (lai.
272 645 368 706 addit:
400 639 466 705 ‘sed
497 645 585 707 hodie
618 665 653 706 ex
685 646 747 707 divi
777 646 825 706 Pii
855 647 1002 707 Antonini
1033 665 1101 707 oon·

88 737 244 797 stitutione
263 735 320 794 hoo
336 735 434 812 magis
447 735 513 794 iure
526 735 574 794 uti
587 734 724 794 videmur
739 736 820 814 quod
833 736 959 798 Prooulo
974 736 1101 814 plaouit;

86 820 163 884 nam'
187 827 220 885 et
243 843 271 900 q.
286 841 308 886 s

373 941 416 996 De
435 941 522 1012 lepoto
535 957 588 1012 per
605 941 815 996 cummaionem.

179 1051 231 1116 15.
259 1049 298 1115 D.
313 1051 365 1132 30,
381 1053 432 1130 12,
448 1052 476 1115 1.
522 1049 721 1135 Pomponius
749 1050 833 1115 libro
858 1051 955 1115 tertio
980 1051 1020 1115 ad
1044 1049 1101 1116 Sa-

88 1140 197 1205 binum
224 1135 273 1227 (P
286 1136 377 1228 420).
404 1175 442 1186 -
467 1138 625 1204 Proculus
652 1140 711 1223 ait,
740 1140 768 1204 si
791 1139 863 1224 quis
887 1161 997 1204 servos
1020 1161 1101 1224 quos

89 1227 235 1293 Gadibus
259 1228 395 1293 haberet
418 1250 455 1294 eo
478 1232 683 1312 testamento,
707 1227 793 1314 quod
814 1228 937 1294 Romae
960 1229 1101 1294 moriens

87 1317 214 1401 feeerit,
237 1317 345 1382 triduo
369 1339 433 1403 quo
457 1320 605 1382 mortuus
628 1317 727 1382 fuerit
748 1317 899 1383 heredem
923 1316 999 1381 dere
1021 1315 1102 1380 mihi.

88 1406 301 1488 damnaverit,
323 1410 432 1471 ratum
451 1427 521 1470 esse
540 1406 687 1493 legatum
706 1410 739 1472 et
758 1406 925 1493 angustias
944 1405 1101 1489 temporis

85 1495 163 1560 nihil
187 1495 298 1580 legato
321 1508 444 1561 nouere.

171 1607 210 1667 of.
225 1606 262 1666 D.
277 1609 329 1685 28,
344 1609 373 1686 7,
389 1609 407 1668 6
432 1607 502 1684 Ulp.
524 1607 563 1668 ad
587 1606 655 1668 Sab.

366 1776 410 1832 Do
429 1778 516 1848 reparo
530 1793 582 1846 per
595 1777 820 1848 praeceptionem

175 1888 227 1954 16.
263 1885 333 1951 Gai.
347 1887 378 1971 2,
392 1887 467 1952 221.
497 1923 535 1934 -
565 1935 596 1952 ..
625 1886 769 1952 diversae
797 1886 927 1953 scholae
955 1891 1100 1953 auotores

84 1981 205 2062 putant
228 1977 328 2041 etiam
353 1979 506 2041 extraneo
529 1998 588 2059 per
608 1977 867 2062 praeceptionem
885 1976 987 2062 legari
1005 1998 1100 2062 posse

83 2065 222 2150 proinde
247 2087 285 2130 ae
309 2063 337 2130 si
359 2065 407 2130 ita
430 2064 603 2130 scribatur:
627 2063 744 2130 ‘Titius
766 2065 931 2131 hominem
954 2065 1101 2131 Stichum

83 2153 216 2240 oapito',
241 2175 443 2239 supervacua
461 2153 588 2219 adiecta
606 2151 706 2237 ‘prae'
727 2155 866 2240 syllaba3
889 2155 1023 2239 ideoque
1043 2177 1101 2240 per

81 2242 339 2310 vindicationem
363 2264 434 2307 eam
456 2265 525 2307 rem
548 2244 692 2327 legatam
715 2243 826 2310 videri.

373 2461 421 2521 De
443 2417 592 2522 tonorum·
599 2419 689 2535 porte
710 2463 813 2536 lupata.

173 2583 241 2647 17⁵.
277 2580 317 2646 D.
336 2580 390 2666 28,
408 2577 438 2664 5,
458 2579 538 2665 9‚'3.
591 2579 751 2664 Ulpianus
787 2579 872 2645 libro
910 2580 1023 2664 quinto
1060 2580 1100 2644 ad

78 2669 241 2736 Sabinum
271 2668 318 2754 (P.
342 2667 470 2756 24600).
500 2705 544 2716 -
572 2718 605 2734 ..
635 2669 663 2733 si
690 2668 848 2733 maiorem
875 2664 933 2755 (so.
958 2665 1099 2754 partem)

78 2759 295 2844 adscripserit
312 2759 575 2823 testamentarius
588 2757 650 2839 vel,
669 2756 754 2840 quod
773 2755 936 2822 difficilius
957 2761 1007 2822 est
1024 2779 1101 2841 pro-

76 2852 232 2931 batione,
262 2849 333 2931 ipse
365 2851 516 2931 testator,
551 2849 589 2910 ut
621 2868 679 2931 pro
713 2845 890 2931 quadrante
923 2846 1101 2926 semissem,

75 2937 239 3004 Proculus
262 2938 357 3021 putat
384 2958 423 3001 ex
452 2936 629 3020 quadrante
658 2935 726 3000 fore
754 2934 918 3019 heredem,
947 2936 1099 3020 quoniam

73 3029 165 3093 inest
192 3026 354 3111 quadrans
377 3027 413 3090 in
436 3026 578 3090 semisse.

171 3112 242 3181 17¹³.
266 3113 306 3180 D.
316 3115 368 3197 30,
381 3113 476 3198 ltpr.
515 3112 636 3178 Paulus
660 3114 744 3178 libro
763 3114 862 3179 tertio
882 3114 922 3178 ad
942 3112 1100 3180 Sabinum

75 3203 124 3293 (P.
145 3201 266 3293 1638).
295 3239 332 3250 —
364 3202 426 3279 Qui
460 3207 609 3287 quartam
641 3207 767 3286 partem
798 3204 959 3268 bonorum
989 3205 1100 3290 legare

74 3297 203 3378 voluit,
231 3293 398 3358 dimidiam
427 3293 566 3376 scripsit.
611 3290 766 3357 Prooulus
794 3340 825 3358 ..
854 3292 901 3356 ait
925 3314 1022 3376 posse
1046 3292 1099 3356 de·

74 3385 165 3451 tendi
196 3386 344 3467 quartam
369 3383 525 3468 legatam,
549 3380 626 3465 quia
648 3381 769 3446 inesset
791 3380 953 3445 dimidiae.

171 3471 227 3538 18.
250 3471 289 3536 D.
304 3472 357 3553 30,
371 3471 423 3554 26,
437 3471 467 3535 2.
512 3469 711 3552 Pomponius
734 3469 818 3533 libro
842 3469 954 3551 quinto
979 3468 1018 3532 ad
1043 3467 1098 3532 Sa·

75 3564 196 3631 binum
216 3558 367 3646 (Ρ.448).
384 3595 428 3606 -
447 3557 528 3624 Dum
547 3559 707 3623 bonorum
721 3559 818 3639 parte
836 3557 945 3637 legata
964 3553 1098 3617 dubium
