<?xml version="1.0" encoding="UTF-8"?>
<!DOCTYPE html PUBLIC "-//W3C//DTD XHTML 1.0 Transitional//EN"
    "http://www.w3.org/TR/xhtml1/DTD/xhtml1-transitional.dtd">
<html xmlns="http://www.w3.org/1999/xhtml" xml:lang="en" lang="en">
 <head>
  <title>
</title>
<meta http-equiv="Content-Type" content="text/html;charset=utf-8" />
  <meta name='ocr-system' content='tesseract 3.04.00' />
  <meta name='ocr-capabilities' content='ocr_page ocr_carea ocr_par ocr_line ocrx_word'/>
</head>
<body>
  <div class='ocr_page' id='page_1' title='image "./iurisprudentiae03bremgoog_0254.png"; bbox 0 0 2580 3900; ppageno 0'>
   <div class='ocr_carea' id='block_1_1' title="bbox 190 201 1203 268">
    <p class='ocr_par' dir='ltr' id='par_1_1' title="bbox 190 201 1203 268">
     <span class='ocr_line' id='line_1_1' title="bbox 190 201 1203 268; baseline 0.002 -10"><span class='ocrx_word' id='word_1_1' title='bbox 190 205 255 268; x_wconf 75' lang='grc'>224</span> <span class='ocrx_word' id='word_1_2' title='bbox 277 204 323 260; x_wconf 90' lang='lat' dir='ltr'>IV.</span> <span class='ocrx_word' id='word_1_3' title='bbox 341 202 555 258; x_wconf 82' lang='lat' dir='ltr'>VESPASIANI</span> <span class='ocrx_word' id='word_1_4' title='bbox 568 201 642 256; x_wconf 88' lang='grc' dir='ltr'><strong>ΤΙΤΙ</strong></span> <span class='ocrx_word' id='word_1_5' title='bbox 655 201 852 257; x_wconf 85' lang='lat' dir='ltr'><strong>DOMITIANI</strong></span> <span class='ocrx_word' id='word_1_6' title='bbox 865 202 973 259; x_wconf 84' lang='lat' dir='ltr'><strong>TEMP.</strong></span> <span class='ocrx_word' id='word_1_7' title='bbox 986 202 1082 258; x_wconf 81' lang='lat' dir='ltr'>IURIS</span> <span class='ocrx_word' id='word_1_8' title='bbox 1097 201 1203 260; x_wconf 79' lang='lat' dir='ltr'>CONS.</span> 
     </span>
    </p>
   </div>
   <div class='ocr_carea' id='block_1_2' title="bbox 73 365 1279 1958">
    <p class='ocr_par' dir='ltr' id='par_1_2' title="bbox 189 365 1279 717">
     <span class='ocr_line' id='line_1_2' title="bbox 190 365 1279 452; baseline -0.001 -21"><span class='ocrx_word' id='word_1_9' title='bbox 190 366 304 432; x_wconf 78' lang='lat' dir='ltr'>relicto</span> <span class='ocrx_word' id='word_1_10' title='bbox 326 388 391 432; x_wconf 86' lang='lat' dir='ltr'>uuo</span> <span class='ocrx_word' id='word_1_11' title='bbox 414 366 482 430; x_wconf 84' lang='lat' dir='ltr'>filio</span> <span class='ocrx_word' id='word_1_12' title='bbox 506 371 539 430; x_wconf 87' lang='lat' dir='ltr'>et</span> <span class='ocrx_word' id='word_1_13' title='bbox 560 388 660 430; x_wconf 85' lang='lat' dir='ltr'>uxore</span> <span class='ocrx_word' id='word_1_14' title='bbox 680 370 867 452; x_wconf 80' lang='lat' dir='ltr'>praegnate,</span> <span class='ocrx_word' id='word_1_15' title='bbox 889 389 953 432; x_wconf 89' lang='lat' dir='ltr'>uon</span> <span class='ocrx_word' id='word_1_16' title='bbox 972 370 1057 431; x_wconf 84' lang='lat' dir='ltr'>reete</span> <span class='ocrx_word' id='word_1_17' title='bbox 1076 365 1162 430; x_wconf 84' lang='lat' dir='ltr'>filius</span> <span class='ocrx_word' id='word_1_18' title='bbox 1183 389 1205 430; x_wconf 82' lang='lat' dir='ltr'><strong>a</strong></span> <span class='ocrx_word' id='word_1_19' title='bbox 1266 370 1279 411; x_wconf 61' lang='grc' dir='ltr'><strong>ἶ</strong></span> 
     </span>
     <span class='ocr_line' id='line_1_3' title="bbox 190 455 1279 539; baseline -0.002 -20"><span class='ocrx_word' id='word_1_20' title='bbox 190 455 394 521; x_wconf 71' lang='lat' dir='ltr'>debitoribus</span> <span class='ocrx_word' id='word_1_21' title='bbox 431 457 558 539; x_wconf 82' lang='lat' dir='ltr'>partem</span> <span class='ocrx_word' id='word_1_22' title='bbox 595 455 762 521; x_wconf 81' lang='lat' dir='ltr'>dimidium</span> <span class='ocrx_word' id='word_1_23' title='bbox 795 456 907 520; x_wconf 86' lang='lat' dir='ltr'>crediti</span> <span class='ocrx_word' id='word_1_24' title='bbox 938 458 1049 539; x_wconf 85' lang='lat' dir='ltr'>petere</span> <span class='ocrx_word' id='word_1_25' title='bbox 1080 459 1205 538; x_wconf 79' lang='lat' dir='ltr'>potest,</span> <span class='ocrx_word' id='word_1_26' title='bbox 1270 461 1279 517; x_wconf 65' lang='lat' dir='ltr'>t</span> 
     </span>
     <span class='ocr_line' id='line_1_4' title="bbox 189 543 1279 629; baseline 0 -21"><span class='ocrx_word' id='word_1_27' title='bbox 189 543 336 629; x_wconf 80' lang='lat' dir='ltr'>quamvis</span> <span class='ocrx_word' id='word_1_28' title='bbox 369 550 484 628; x_wconf 84' lang='lat' dir='ltr'>postea</span> <span class='ocrx_word' id='word_1_29' title='bbox 511 565 593 608; x_wconf 92' lang='lat' dir='ltr'>uuus</span> <span class='ocrx_word' id='word_1_30' title='bbox 620 544 707 608; x_wconf 92' lang='lat' dir='ltr'>filius</span> <span class='ocrx_word' id='word_1_31' title='bbox 735 549 831 609; x_wconf 83' lang='lat' dir='ltr'>nutus</span> <span class='ocrx_word' id='word_1_32' title='bbox 860 546 904 609; x_wconf 88' lang='lat' dir='ltr'>sit</span> <span class='ocrx_word' id='word_1_33' title='bbox 931 544 1021 628; x_wconf 84' lang='lat' dir='ltr'>[quia</span> <span class='ocrx_word' id='word_1_34' title='bbox 1047 547 1205 627; x_wconf 83' lang='lat' dir='ltr'>poterunt</span> <span class='ocrx_word' id='word_1_35' title='bbox 1266 547 1279 592; x_wconf 65' lang='grc' dir='ltr'><strong>ἓ</strong></span> 
     </span>
     <span class='ocr_line' id='line_1_5' title="bbox 189 632 1276 717; baseline 0.001 -20"><span class='ocrx_word' id='word_1_36' title='bbox 189 635 298 717; x_wconf 87' lang='lat' dir='ltr'>plures</span> <span class='ocrx_word' id='word_1_37' title='bbox 325 632 429 712; x_wconf 84' lang='lat' dir='ltr'>nasei,</span> <span class='ocrx_word' id='word_1_38' title='bbox 456 654 529 697; x_wconf 82' lang='lat' dir='ltr'>cum</span> <span class='ocrx_word' id='word_1_39' title='bbox 556 654 614 717; x_wconf 91' lang='lat' dir='ltr'>per</span> <span class='ocrx_word' id='word_1_40' title='bbox 640 655 746 697; x_wconf 88' lang='lat' dir='ltr'>rerum</span> <span class='ocrx_word' id='word_1_41' title='bbox 774 639 923 698; x_wconf 82' lang='lat' dir='ltr'>naturam</span> <span class='ocrx_word' id='word_1_42' title='bbox 951 636 1075 697; x_wconf 82' lang='lat' dir='ltr'>certum</span> <span class='ocrx_word' id='word_1_43' title='bbox 1103 632 1205 698; x_wconf 82' lang='lat' dir='ltr'>fuerit</span> <span class='ocrx_word' id='word_1_44' title='bbox 1269 639 1276 698; x_wconf 71' lang='grc' dir='ltr'>ἰ</span> 
     </span>
    </p>

    <p class='ocr_par' dir='ltr' id='par_1_3' title="bbox 73 720 1279 1161">
     <span class='ocr_line' id='line_1_6' title="bbox 73 720 1277 806; baseline 0.002 -20"><span class='ocrx_word' id='word_1_45' title='bbox 73 793 78 804; x_wconf 25' lang='lat' dir='ltr'>q</span> <span class='ocrx_word' id='word_1_46' title='bbox 189 743 288 786; x_wconf 89' lang='lat' dir='ltr'>uuum</span> <span class='ocrx_word' id='word_1_47' title='bbox 322 721 435 804; x_wconf 65' lang='lat' dir='ltr'>nesci}</span> <span class='ocrx_word' id='word_1_48' title='bbox 483 721 537 786; x_wconf 91' lang='lat' dir='ltr'>sed</span> <span class='ocrx_word' id='word_1_49' title='bbox 567 720 707 786; x_wconf 84' lang='lat' dir='ltr'>Sabinus</span> <span class='ocrx_word' id='word_1_50' title='bbox 736 720 866 787; x_wconf 82' lang='lat' dir='ltr'>Cassius</span> <span class='ocrx_word' id='word_1_51' title='bbox 897 725 1022 806; x_wconf 81' lang='lat' dir='ltr'>purtem</span> <span class='ocrx_word' id='word_1_52' title='bbox 1050 725 1203 805; x_wconf 73' lang='lat' dir='ltr'>quartem</span> <span class='ocrx_word' id='word_1_53' title='bbox 1266 749 1277 789; x_wconf 60' lang='lat' dir='ltr'>:a</span> 
     </span>
     <span class='ocr_line' id='line_1_7' title="bbox 189 809 1279 895; baseline 0.006 -22"><span class='ocrx_word' id='word_1_54' title='bbox 189 811 256 893; x_wconf 89' lang='lat' dir='ltr'>peti</span> <span class='ocrx_word' id='word_1_55' title='bbox 280 809 436 894; x_wconf 84' lang='lat' dir='ltr'>debuisse,</span> <span class='ocrx_word' id='word_1_56' title='bbox 460 809 537 895; x_wconf 84' lang='lat' dir='ltr'>quis</span> <span class='ocrx_word' id='word_1_57' title='bbox 559 810 718 874; x_wconf 84' lang='lat' dir='ltr'>incertum</span> <span class='ocrx_word' id='word_1_58' title='bbox 741 813 827 874; x_wconf 89' lang='lat' dir='ltr'>esset</span> <span class='ocrx_word' id='word_1_59' title='bbox 845 833 887 875; x_wconf 83' lang='lat' dir='ltr'>sn</span> <span class='ocrx_word' id='word_1_60' title='bbox 905 814 971 875; x_wconf 89' lang='lat' dir='ltr'>tres</span> <span class='ocrx_word' id='word_1_61' title='bbox 990 813 1205 875; x_wconf 81' lang='lat' dir='ltr'>nascerentur</span> <span class='ocrx_word' id='word_1_62' title='bbox 1270 824 1279 880; x_wconf 80' lang='lat' dir='ltr'>i</span> 
     </span>
     <span class='ocr_line' id='line_1_8' title="bbox 190 896 1279 983; baseline 0.002 -21"><span class='ocrx_word' id='word_1_63' title='bbox 190 900 264 980; x_wconf 83' lang='lat' dir='ltr'>[nee</span> <span class='ocrx_word' id='word_1_64' title='bbox 291 920 397 963; x_wconf 87' lang='lat' dir='ltr'>rerum</span> <span class='ocrx_word' id='word_1_65' title='bbox 424 904 575 964; x_wconf 83' lang='lat' dir='ltr'>naturam</span> <span class='ocrx_word' id='word_1_66' title='bbox 602 896 803 978; x_wconf 84' lang='lat' dir='ltr'>intuendum,</span> <span class='ocrx_word' id='word_1_67' title='bbox 830 900 864 964; x_wconf 92' lang='lat' dir='ltr'>in</span> <span class='ocrx_word' id='word_1_68' title='bbox 891 899 1085 983; x_wconf 72' lang='lat' dir='ltr'>quaomnia</span> <span class='ocrx_word' id='word_1_69' title='bbox 1109 904 1205 964; x_wconf 83' lang='lat' dir='ltr'>certe</span> <span class='ocrx_word' id='word_1_70' title='bbox 1269 931 1279 971; x_wconf 67' lang='lat'>135</span> 
     </span>
     <span class='ocr_line' id='line_1_9' title="bbox 189 987 1279 1071; baseline 0.003 -20"><span class='ocrx_word' id='word_1_71' title='bbox 189 991 304 1071; x_wconf 87' lang='lat' dir='ltr'>essent,</span> <span class='ocrx_word' id='word_1_72' title='bbox 327 1009 398 1052; x_wconf 82' lang='lat' dir='ltr'>eum</span> <span class='ocrx_word' id='word_1_73' title='bbox 419 987 529 1052; x_wconf 84' lang='lat' dir='ltr'>futura</span> <span class='ocrx_word' id='word_1_74' title='bbox 546 987 658 1071; x_wconf 88' lang='lat' dir='ltr'>utique</span> <span class='ocrx_word' id='word_1_75' title='bbox 675 987 798 1070; x_wconf 87' lang='lat' dir='ltr'>fierent,</span> <span class='ocrx_word' id='word_1_76' title='bbox 822 987 876 1052; x_wconf 90' lang='lat' dir='ltr'>sed</span> <span class='ocrx_word' id='word_1_77' title='bbox 895 991 1043 1052; x_wconf 82' lang='lat' dir='ltr'>nostram</span> <span class='ocrx_word' id='word_1_78' title='bbox 1061 987 1204 1052; x_wconf 80' lang='lat' dir='ltr'>inscien-</span> <span class='ocrx_word' id='word_1_79' title='bbox 1268 1007 1279 1061; x_wconf 59' lang='grc' dir='ltr'>ε’,</span> 
     </span>
     <span class='ocr_line' id='line_1_10' title="bbox 188 1076 554 1161; baseline 0 -21"><span class='ocrx_word' id='word_1_80' title='bbox 188 1076 269 1140; x_wconf 79' lang='lat' dir='ltr'>tiam</span> <span class='ocrx_word' id='word_1_81' title='bbox 293 1078 392 1161; x_wconf 77' lang='lat' dir='ltr'>aspici</span> <span class='ocrx_word' id='word_1_82' title='bbox 417 1077 554 1157; x_wconf 80' lang='lat' dir='ltr'>debere]</span> 
     </span>
    </p>

    <p class='ocr_par' dir='ltr' id='par_1_4' title="bbox 277 1169 693 1245">
     <span class='ocr_line' id='line_1_11' title="bbox 277 1169 693 1245; baseline -0.005 -15"><span class='ocrx_word' id='word_1_83' title='bbox 277 1171 314 1230; x_wconf 85' lang='lat' dir='ltr'>cf.</span> <span class='ocrx_word' id='word_1_84' title='bbox 337 1169 458 1230; x_wconf 79' lang='lat' dir='ltr'>Cassius</span> <span class='ocrx_word' id='word_1_85' title='bbox 482 1189 572 1245; x_wconf 80' lang='lat' dir='ltr'>supra</span> <span class='ocrx_word' id='word_1_86' title='bbox 594 1189 622 1245; x_wconf 88' lang='lat' dir='ltr'>p.</span> <span class='ocrx_word' id='word_1_87' title='bbox 642 1172 693 1229; x_wconf 89' lang='lat'>39.</span> 
     </span>
    </p>

    <p class='ocr_par' dir='ltr' id='par_1_5' title="bbox 187 1253 1279 1958">
     <span class='ocr_line' id='line_1_12' title="bbox 276 1253 1204 1336; baseline 0.003 -18"><span class='ocrx_word' id='word_1_88' title='bbox 276 1259 399 1318; x_wconf 85' lang='lat' dir='ltr'>Perniee</span> <span class='ocrx_word' id='word_1_89' title='bbox 422 1260 450 1335; x_wconf 85' lang='grc' dir='ltr'>Ι,</span> <span class='ocrx_word' id='word_1_90' title='bbox 474 1259 537 1320; x_wconf 74' lang='grc'>373</span> <span class='ocrx_word' id='word_1_91' title='bbox 565 1277 594 1316; x_wconf 86' lang='grc' dir='ltr'>ιι.</span> <span class='ocrx_word' id='word_1_92' title='bbox 613 1260 655 1317; x_wconf 91' lang='grc'>46</span> <span class='ocrx_word' id='word_1_93' title='bbox 683 1262 782 1319; x_wconf 82' lang='lat' dir='ltr'>notet:</span> <span class='ocrx_word' id='word_1_94' title='bbox 820 1253 894 1318; x_wconf 81' lang='lat' dir='ltr'>‘Des</span> <span class='ocrx_word' id='word_1_95' title='bbox 923 1259 1062 1332; x_wconf 79' lang='lat' dir='ltr'>Plautius</span> <span class='ocrx_word' id='word_1_96' title='bbox 1094 1259 1204 1336; x_wconf 83' lang='lat' dir='ltr'>eigeus</span> 
     </span>
     <span class='ocr_line' id='line_1_13' title="bbox 187 1347 1279 1430; baseline 0.001 -23"><span class='ocrx_word' id='word_1_97' title='bbox 187 1347 318 1425; x_wconf 86' lang='lat' dir='ltr'>positive</span> <span class='ocrx_word' id='word_1_98' title='bbox 342 1347 470 1406; x_wconf 83' lang='lat' dir='ltr'>Ansicht</span> <span class='ocrx_word' id='word_1_99' title='bbox 496 1348 537 1406; x_wconf 87' lang='lat' dir='ltr'>ist</span> <span class='ocrx_word' id='word_1_100' title='bbox 563 1347 646 1408; x_wconf 85' lang='lat' dir='ltr'>nieht</span> <span class='ocrx_word' id='word_1_101' title='bbox 673 1348 843 1424; x_wconf 81' lang='lat' dir='ltr'>engefflhrt.</span> <span class='ocrx_word' id='word_1_102' title='bbox 886 1347 1030 1407; x_wconf 90' lang='lat' dir='ltr'>Indessen</span> <span class='ocrx_word' id='word_1_103' title='bbox 1058 1347 1105 1406; x_wconf 88' lang='lat' dir='ltr'>die</span> <span class='ocrx_word' id='word_1_104' title='bbox 1133 1353 1203 1408; x_wconf 88' lang='lat' dir='ltr'>eut·</span> <span class='ocrx_word' id='word_1_105' title='bbox 1275 1380 1279 1430; x_wconf 43' lang='grc' dir='ltr'>ζ.</span> 
     </span>
     <span class='ocr_line' id='line_1_14' title="bbox 188 1435 1279 1514; baseline 0.006 -18"><span class='ocrx_word' id='word_1_106' title='bbox 188 1435 344 1497; x_wconf 80' lang='lat' dir='ltr'>suhiedene</span> <span class='ocrx_word' id='word_1_107' title='bbox 358 1435 557 1514; x_wconf 81' lang='lat' dir='ltr'>Verwerfung</span> <span class='ocrx_word' id='word_1_108' title='bbox 570 1435 622 1495; x_wconf 89' lang='lat' dir='ltr'>des</span> <span class='ocrx_word' id='word_1_109' title='bbox 636 1435 793 1496; x_wconf 90' lang='lat' dir='ltr'>dimidium</span> <span class='ocrx_word' id='word_1_110' title='bbox 805 1438 908 1512; x_wconf 82' lang='lat' dir='ltr'>petere</span> <span class='ocrx_word' id='word_1_111' title='bbox 922 1438 982 1495; x_wconf 91' lang='lat' dir='ltr'>und</span> <span class='ocrx_word' id='word_1_112' title='bbox 997 1436 1044 1496; x_wconf 86' lang='lat' dir='ltr'>die</span> <span class='ocrx_word' id='word_1_113' title='bbox 1058 1437 1204 1514; x_wconf 79' lang='lat' dir='ltr'>folgende</span> <span class='ocrx_word' id='word_1_114' title='bbox 1270 1435 1279 1502; x_wconf 72' lang='lat' dir='ltr'>r]</span> 
     </span>
     <span class='ocr_line' id='line_1_15' title="bbox 188 1519 1279 1601; baseline 0.001 -16"><span class='ocrx_word' id='word_1_115' title='bbox 188 1526 396 1601; x_wconf 79' lang='lat' dir='ltr'>Anknflpfung</span> <span class='ocrx_word' id='word_1_116' title='bbox 427 1525 483 1584; x_wconf 88' lang='lat' dir='ltr'>mit</span> <span class='ocrx_word' id='word_1_117' title='bbox 509 1525 573 1598; x_wconf 83' lang='lat' dir='ltr'>sed,</span> <span class='ocrx_word' id='word_1_118' title='bbox 605 1525 653 1584; x_wconf 90' lang='lat' dir='ltr'>die</span> <span class='ocrx_word' id='word_1_119' title='bbox 680 1525 721 1583; x_wconf 94' lang='lat' dir='ltr'>im</span> <span class='ocrx_word' id='word_1_120' title='bbox 746 1525 879 1601; x_wconf 82' lang='lat' dir='ltr'>j0tzigen</span> <span class='ocrx_word' id='word_1_121' title='bbox 906 1526 999 1584; x_wconf 76' lang='lat' dir='ltr'>Teste</span> <span class='ocrx_word' id='word_1_122' title='bbox 1026 1524 1114 1584; x_wconf 86' lang='lat' dir='ltr'>keiue</span> <span class='ocrx_word' id='word_1_123' title='bbox 1143 1525 1203 1585; x_wconf 79' lang='lat' dir='ltr'>Er·</span> <span class='ocrx_word' id='word_1_124' title='bbox 1271 1519 1279 1586; x_wconf 71' lang='grc' dir='ltr'>ζ’</span> 
     </span>
     <span class='ocr_line' id='line_1_16' title="bbox 187 1605 1279 1692; baseline 0.004 -20"><span class='ocrx_word' id='word_1_125' title='bbox 187 1615 317 1692; x_wconf 74' lang='lat' dir='ltr'>kltrung</span> <span class='ocrx_word' id='word_1_126' title='bbox 338 1614 439 1692; x_wconf 82' lang='lat' dir='ltr'>findet,</span> <span class='ocrx_word' id='word_1_127' title='bbox 462 1614 570 1673; x_wconf 79' lang='lat' dir='ltr'>fdhren</span> <span class='ocrx_word' id='word_1_128' title='bbox 592 1633 630 1672; x_wconf 86' lang='lat' dir='ltr'>zu</span> <span class='ocrx_word' id='word_1_129' title='bbox 648 1613 701 1672; x_wconf 87' lang='lat' dir='ltr'>der</span> <span class='ocrx_word' id='word_1_130' title='bbox 719 1615 884 1690; x_wconf 84' lang='lat' dir='ltr'>Annuhme,</span> <span class='ocrx_word' id='word_1_131' title='bbox 907 1614 1046 1674; x_wconf 80' lang='lat' dir='ltr'>Plautius</span> <span class='ocrx_word' id='word_1_132' title='bbox 1065 1613 1142 1673; x_wconf 79' lang='lat' dir='ltr'>habe</span> <span class='ocrx_word' id='word_1_133' title='bbox 1162 1635 1204 1676; x_wconf 81' lang='lat' dir='ltr'>uu</span> <span class='ocrx_word' id='word_1_134' title='bbox 1269 1605 1279 1676; x_wconf 48' lang='lat' dir='ltr'>&#39;s</span> 
     </span>
     <span class='ocr_line' id='line_1_17' title="bbox 188 1691 1279 1785; baseline 0.006 -24"><span class='ocrx_word' id='word_1_135' title='bbox 188 1703 245 1762; x_wconf 89' lang='lat' dir='ltr'>den</span> <span class='ocrx_word' id='word_1_136' title='bbox 270 1703 393 1779; x_wconf 84' lang='lat' dir='ltr'>quidam</span> <span class='ocrx_word' id='word_1_137' title='bbox 419 1703 471 1762; x_wconf 90' lang='lat' dir='ltr'>des</span> <span class='ocrx_word' id='word_1_138' title='bbox 494 1702 620 1762; x_wconf 85' lang='lat' dir='ltr'>Urseius</span> <span class='ocrx_word' id='word_1_139' title='bbox 647 1695 699 1785; x_wconf 88' lang='lat' dir='ltr'>(D.</span> <span class='ocrx_word' id='word_1_140' title='bbox 714 1705 765 1772; x_wconf 75' lang='lat'>46,</span> <span class='ocrx_word' id='word_1_141' title='bbox 781 1705 810 1779; x_wconf 83' lang='lat'>3,</span> <span class='ocrx_word' id='word_1_142' title='bbox 825 1694 883 1783; x_wconf 87' lang='lat'>36)</span> <span class='ocrx_word' id='word_1_143' title='bbox 911 1703 1031 1780; x_wconf 69' lang='lat' dir='ltr'>gemiti,</span> <span class='ocrx_word' id='word_1_144' title='bbox 1059 1702 1107 1761; x_wconf 91' lang='lat' dir='ltr'>die</span> <span class='ocrx_word' id='word_1_145' title='bbox 1126 1704 1203 1779; x_wconf 78' lang='lat' dir='ltr'>J&#39;ede</span> <span class='ocrx_word' id='word_1_146' title='bbox 1270 1691 1279 1768; x_wconf 61' lang='lat' dir='ltr'>ss</span> 
     </span>
     <span class='ocr_line' id='line_1_18' title="bbox 187 1789 1279 1870; baseline 0.005 -21"><span class='ocrx_word' id='word_1_147' title='bbox 187 1791 283 1870; x_wconf 80' lang='lat' dir='ltr'>Klege</span> <span class='ocrx_word' id='word_1_148' title='bbox 302 1792 353 1850; x_wconf 88' lang='lat' dir='ltr'>des</span> <span class='ocrx_word' id='word_1_149' title='bbox 367 1791 480 1851; x_wconf 81' lang='lat' dir='ltr'>Sohnes</span> <span class='ocrx_word' id='word_1_150' title='bbox 498 1793 546 1850; x_wconf 74' lang='lat' dir='ltr'>fur</span> <span class='ocrx_word' id='word_1_151' title='bbox 563 1791 679 1870; x_wconf 80' lang='lat' dir='ltr'>niehtig</span> <span class='ocrx_word' id='word_1_152' title='bbox 692 1792 853 1869; x_wconf 73' lang='lat' dir='ltr'>erklerten,</span> <span class='ocrx_word' id='word_1_153' title='bbox 871 1809 959 1851; x_wconf 84' lang='lat' dir='ltr'>wenn</span> <span class='ocrx_word' id='word_1_154' title='bbox 972 1792 1019 1852; x_wconf 89' lang='lat' dir='ltr'>ein</span> <span class='ocrx_word' id='word_1_155' title='bbox 1035 1791 1203 1854; x_wconf 76' lang='lat' dir='ltr'>Postumus</span> <span class='ocrx_word' id='word_1_156' title='bbox 1272 1789 1279 1870; x_wconf 61' lang='grc' dir='ltr'>ζ</span> 
     </span>
     <span class='ocr_line' id='line_1_19' title="bbox 187 1874 1279 1958; baseline 0 -19"><span class='ocrx_word' id='word_1_157' title='bbox 187 1874 396 1958; x_wconf 81' lang='lat' dir='ltr'>ugnsseierte’.</span> <span class='ocrx_word' id='word_1_158' title='bbox 1277 1883 1279 1887; x_wconf 85' lang='lat'>&#39;</span> 
     </span>
    </p>
   </div>
   <div class='ocr_carea' id='block_1_3' title="bbox 597 1989 784 2075">
    <p class='ocr_par' dir='ltr' id='par_1_6' title="bbox 597 1989 784 2075">
     <span class='ocr_line' id='line_1_20' title="bbox 597 1989 784 2075; baseline -0.005 -19"><span class='ocrx_word' id='word_1_159' title='bbox 597 1989 647 2056; x_wconf 86' lang='lat' dir='ltr'>De</span> <span class='ocrx_word' id='word_1_160' title='bbox 669 1991 784 2075; x_wconf 65' lang='lat' dir='ltr'>leuatis.</span> 
     </span>
    </p>
   </div>
   <div class='ocr_carea' id='block_1_4' title="bbox 186 2118 1201 2493">
    <p class='ocr_par' dir='ltr' id='par_1_7' title="bbox 186 2118 1201 2493">
     <span class='ocr_line' id='line_1_21' title="bbox 528 2118 857 2193; baseline 0.003 -14"><span class='ocrx_word' id='word_1_161' title='bbox 528 2118 686 2180; x_wconf 74' lang='lat' dir='ltr'>Generalis</span> <span class='ocrx_word' id='word_1_162' title='bbox 708 2121 857 2193; x_wconf 75' lang='lat' dir='ltr'>quaedum.</span> 
     </span>
     <span class='ocr_line' id='line_1_22' title="bbox 468 2225 919 2296; baseline -0.002 -14"><span class='ocrx_word' id='word_1_163' title='bbox 468 2225 512 2282; x_wconf 78' lang='lat' dir='ltr'>De</span> <span class='ocrx_word' id='word_1_164' title='bbox 530 2228 617 2296; x_wconf 67' lang='lat' dir='ltr'>leonto</span> <span class='ocrx_word' id='word_1_165' title='bbox 633 2243 682 2296; x_wconf 81' lang='lat' dir='ltr'>per</span> <span class='ocrx_word' id='word_1_166' title='bbox 699 2227 919 2282; x_wconf 60' lang='lat' dir='ltr'>vindicatorum.</span> 
     </span>
     <span class='ocr_line' id='line_1_23' title="bbox 275 2315 1201 2404; baseline 0.003 -22"><span class='ocrx_word' id='word_1_167' title='bbox 275 2319 305 2383; x_wconf 81' lang='lat'>2.</span> <span class='ocrx_word' id='word_1_168' title='bbox 337 2318 376 2383; x_wconf 87' lang='grc' dir='ltr'>Ι).</span> <span class='ocrx_word' id='word_1_169' title='bbox 395 2319 447 2402; x_wconf 84' lang='grc'>31,</span> <span class='ocrx_word' id='word_1_170' title='bbox 466 2319 496 2383; x_wconf 88' lang='grc'>4.</span> <span class='ocrx_word' id='word_1_171' title='bbox 541 2317 631 2383; x_wconf 85' lang='lat' dir='ltr'>Idem</span> <span class='ocrx_word' id='word_1_172' title='bbox 659 2315 718 2404; x_wconf 85' lang='lat' dir='ltr'>(se.</span> <span class='ocrx_word' id='word_1_173' title='bbox 740 2317 874 2402; x_wconf 79' lang='lat' dir='ltr'>Paulus)</span> <span class='ocrx_word' id='word_1_174' title='bbox 901 2319 984 2383; x_wconf 88' lang='lat' dir='ltr'>libro</span> <span class='ocrx_word' id='word_1_175' title='bbox 1013 2322 1127 2385; x_wconf 82' lang='lat' dir='ltr'>oetsvo</span> <span class='ocrx_word' id='word_1_176' title='bbox 1156 2322 1201 2386; x_wconf 78' lang='lat' dir='ltr'>ad</span> 
     </span>
     <span class='ocr_line' id='line_1_24' title="bbox 186 2405 1201 2493; baseline 0.004 -22"><span class='ocrx_word' id='word_1_177' title='bbox 186 2405 350 2472; x_wconf 83' lang='lat' dir='ltr'>Plautium</span> <span class='ocrx_word' id='word_1_178' title='bbox 365 2407 470 2492; x_wconf 77' lang='lat' dir='ltr'>(Paul.</span> <span class='ocrx_word' id='word_1_179' title='bbox 482 2407 593 2489; x_wconf 81' lang='lat'>1152).</span> <span class='ocrx_word' id='word_1_180' title='bbox 610 2443 648 2455; x_wconf 95' lang='lat'>-</span> <span class='ocrx_word' id='word_1_181' title='bbox 665 2405 837 2472; x_wconf 87' lang='lat' dir='ltr'>Neminem</span> <span class='ocrx_word' id='word_1_182' title='bbox 851 2407 993 2472; x_wconf 89' lang='lat' dir='ltr'>eiusdem</span> <span class='ocrx_word' id='word_1_183' title='bbox 1008 2407 1053 2472; x_wconf 86' lang='lat' dir='ltr'>rei</span> <span class='ocrx_word' id='word_1_184' title='bbox 1069 2410 1201 2493; x_wconf 72' lang='lat' dir='ltr'>legatae</span> 
     </span>
    </p>
   </div>
   <div class='ocr_carea' id='block_1_5' title="bbox 187 2495 974 2668">
    <p class='ocr_par' dir='ltr' id='par_1_8' title="bbox 187 2495 974 2668">
     <span class='ocr_line' id='line_1_25' title="bbox 187 2495 974 2580; baseline 0 -19"><span class='ocrx_word' id='word_1_185' title='bbox 187 2496 250 2561; x_wconf 85' lang='lat' dir='ltr'>sibi</span> <span class='ocrx_word' id='word_1_186' title='bbox 272 2500 397 2580; x_wconf 77' lang='lat' dir='ltr'>partem</span> <span class='ocrx_word' id='word_1_187' title='bbox 419 2496 503 2561; x_wconf 85' lang='lat' dir='ltr'>velle</span> <span class='ocrx_word' id='word_1_188' title='bbox 525 2500 653 2580; x_wconf 85' lang='lat' dir='ltr'>purtem</span> <span class='ocrx_word' id='word_1_189' title='bbox 676 2497 763 2560; x_wconf 86' lang='lat' dir='ltr'>nolle</span> <span class='ocrx_word' id='word_1_190' title='bbox 785 2495 892 2561; x_wconf 86' lang='lat' dir='ltr'>verius</span> <span class='ocrx_word' id='word_1_191' title='bbox 915 2499 974 2561; x_wconf 85' lang='lat' dir='ltr'>est.</span> 
     </span>
     <span class='ocr_line' id='line_1_26' title="bbox 275 2589 529 2668; baseline 0.004 -18"><span class='ocrx_word' id='word_1_192' title='bbox 275 2591 311 2650; x_wconf 86' lang='lat' dir='ltr'>ef.</span> <span class='ocrx_word' id='word_1_193' title='bbox 332 2589 397 2651; x_wconf 79' lang='lat' dir='ltr'>Gai.</span> <span class='ocrx_word' id='word_1_194' title='bbox 413 2593 441 2668; x_wconf 78' lang='lat'>2,</span> <span class='ocrx_word' id='word_1_195' title='bbox 457 2593 529 2651; x_wconf 79' lang='lat'>195.</span> 
     </span>
    </p>
   </div>
   <div class='ocr_carea' id='block_1_6' title="bbox 469 2725 912 2795">
    <p class='ocr_par' dir='ltr' id='par_1_9' title="bbox 469 2725 912 2795">
     <span class='ocr_line' id='line_1_27' title="bbox 469 2725 912 2795; baseline -0.007 -15"><span class='ocrx_word' id='word_1_196' title='bbox 469 2725 513 2780; x_wconf 84' lang='lat' dir='ltr'>De</span> <span class='ocrx_word' id='word_1_197' title='bbox 531 2725 617 2795; x_wconf 63' lang='lat' dir='ltr'>leuato</span> <span class='ocrx_word' id='word_1_198' title='bbox 631 2742 684 2794; x_wconf 77' lang='lat' dir='ltr'>per</span> <span class='ocrx_word' id='word_1_199' title='bbox 701 2725 912 2780; x_wconf 79' lang='lat' dir='ltr'>damnationem.</span> 
     </span>
    </p>
   </div>
   <div class='ocr_carea' id='block_1_7' title="bbox 184 2812 1200 3255">
    <p class='ocr_par' dir='ltr' id='par_1_10' title="bbox 184 2812 1200 3255">
     <span class='ocr_line' id='line_1_28' title="bbox 275 2812 1200 2899; baseline 0.002 -17"><span class='ocrx_word' id='word_1_200' title='bbox 275 2818 305 2882; x_wconf 88' lang='grc'>3.</span> <span class='ocrx_word' id='word_1_201' title='bbox 327 2816 367 2882; x_wconf 89' lang='grc' dir='ltr'>Ι).</span> <span class='ocrx_word' id='word_1_202' title='bbox 381 2815 433 2896; x_wconf 84' lang='grc'>45,</span> <span class='ocrx_word' id='word_1_203' title='bbox 448 2818 478 2899; x_wconf 82' lang='grc'>2,</span> <span class='ocrx_word' id='word_1_204' title='bbox 494 2817 545 2882; x_wconf 81' lang='grc'>17.</span> <span class='ocrx_word' id='word_1_205' title='bbox 581 2816 701 2881; x_wconf 83' lang='lat' dir='ltr'>Paulus</span> <span class='ocrx_word' id='word_1_206' title='bbox 723 2816 807 2882; x_wconf 89' lang='lat' dir='ltr'>libro</span> <span class='ocrx_word' id='word_1_207' title='bbox 831 2820 946 2881; x_wconf 82' lang='lat' dir='ltr'>octavo</span> <span class='ocrx_word' id='word_1_208' title='bbox 970 2812 1011 2880; x_wconf 82' lang='lat' dir='ltr'>ed</span> <span class='ocrx_word' id='word_1_209' title='bbox 1029 2816 1200 2884; x_wconf 79' lang='lat' dir='ltr'>Plautium</span> 
     </span>
     <span class='ocr_line' id='line_1_29' title="bbox 186 2903 1200 2991; baseline 0.003 -22"><span class='ocrx_word' id='word_1_210' title='bbox 186 2903 235 2990; x_wconf 90' lang='lat' dir='ltr'>(P.</span> <span class='ocrx_word' id='word_1_211' title='bbox 256 2903 378 2991; x_wconf 65' lang='lat'>11582).</span> <span class='ocrx_word' id='word_1_212' title='bbox 403 2939 444 2950; x_wconf 96' lang='lat'>—</span> <span class='ocrx_word' id='word_1_213' title='bbox 470 2903 543 2969; x_wconf 82' lang='lat' dir='ltr'>Sive</span> <span class='ocrx_word' id='word_1_214' title='bbox 571 2927 590 2969; x_wconf 83' lang='lat' dir='ltr'>u</span> <span class='ocrx_word' id='word_1_215' title='bbox 617 2906 714 2970; x_wconf 85' lang='lat' dir='ltr'>certis</span> <span class='ocrx_word' id='word_1_216' title='bbox 741 2905 888 2988; x_wconf 79' lang='lat' dir='ltr'>personis</span> <span class='ocrx_word' id='word_1_217' title='bbox 916 2905 1069 2970; x_wconf 88' lang='lat' dir='ltr'>heredum</span> <span class='ocrx_word' id='word_1_218' title='bbox 1093 2909 1200 2972; x_wconf 89' lang='lat' dir='ltr'>nomi·</span> 
     </span>
     <span class='ocr_line' id='line_1_30' title="bbox 186 2992 1200 3082; baseline 0.006 -26"><span class='ocrx_word' id='word_1_219' title='bbox 186 2992 288 3057; x_wconf 82' lang='lat' dir='ltr'>natim</span> <span class='ocrx_word' id='word_1_220' title='bbox 310 2995 452 3077; x_wconf 82' lang='lat' dir='ltr'>legatum</span> <span class='ocrx_word' id='word_1_221' title='bbox 478 2995 572 3071; x_wconf 84' lang='lat' dir='ltr'>esset,</span> <span class='ocrx_word' id='word_1_222' title='bbox 595 2993 662 3057; x_wconf 90' lang='lat' dir='ltr'>sive</span> <span class='ocrx_word' id='word_1_223' title='bbox 686 2993 727 3056; x_wconf 84' lang='lat' dir='ltr'>eb</span> <span class='ocrx_word' id='word_1_224' title='bbox 751 2993 900 3058; x_wconf 90' lang='lat' dir='ltr'>omnibus</span> <span class='ocrx_word' id='word_1_225' title='bbox 924 2998 1057 3079; x_wconf 79' lang='lat' dir='ltr'>excepto</span> <span class='ocrx_word' id='word_1_226' title='bbox 1076 2993 1200 3082; x_wconf 82' lang='lat' dir='ltr'>aliquo,</span> 
     </span>
     <span class='ocr_line' id='line_1_31' title="bbox 187 3078 1199 3167; baseline 0.004 -22"><span class='ocrx_word' id='word_1_227' title='bbox 187 3081 359 3145; x_wconf 76' lang='lat' dir='ltr'>Atilicinus</span> <span class='ocrx_word' id='word_1_228' title='bbox 388 3079 526 3145; x_wconf 77' lang='lat' dir='ltr'>Sabinus</span> <span class='ocrx_word' id='word_1_229' title='bbox 555 3078 685 3145; x_wconf 79' lang='lat' dir='ltr'>Cassius</span> <span class='ocrx_word' id='word_1_230' title='bbox 717 3103 776 3165; x_wconf 90' lang='lat' dir='ltr'>pro</span> <span class='ocrx_word' id='word_1_231' title='bbox 809 3081 1014 3148; x_wconf 82' lang='lat' dir='ltr'>hereditariis</span> <span class='ocrx_word' id='word_1_232' title='bbox 1046 3082 1199 3167; x_wconf 83' lang='lat' dir='ltr'>pertibus</span> 
     </span>
     <span class='ocr_line' id='line_1_32' title="bbox 184 3166 1198 3255; baseline 0.005 -21"><span class='ocrx_word' id='word_1_233' title='bbox 184 3166 332 3234; x_wconf 81' lang='lat' dir='ltr'>tantum¹</span> <span class='ocrx_word' id='word_1_234' title='bbox 346 3190 401 3233; x_wconf 91' lang='lat' dir='ltr'>eos</span> <span class='ocrx_word' id='word_1_235' title='bbox 415 3169 560 3252; x_wconf 79' lang='lat' dir='ltr'>legatum</span> <span class='ocrx_word' id='word_1_236' title='bbox 576 3168 742 3233; x_wconf 80' lang='lat' dir='ltr'>debiturus</span> <span class='ocrx_word' id='word_1_237' title='bbox 757 3168 858 3253; x_wconf 85' lang='lat' dir='ltr'>siunt,</span> <span class='ocrx_word' id='word_1_238' title='bbox 871 3171 948 3255; x_wconf 85' lang='lat' dir='ltr'>quia</span> <span class='ocrx_word' id='word_1_239' title='bbox 961 3171 1124 3236; x_wconf 83' lang='lat' dir='ltr'>hereditas</span> <span class='ocrx_word' id='word_1_240' title='bbox 1139 3193 1198 3239; x_wconf 90' lang='lat' dir='ltr'>eos</span> 
     </span>
    </p>
   </div>
   <div class='ocr_carea' id='block_1_8' title="bbox 186 3258 317 3341">
    <p class='ocr_par' dir='ltr' id='par_1_11' title="bbox 186 3258 317 3341">
     <span class='ocr_line' id='line_1_33' title="bbox 186 3258 317 3341; baseline -0.015 -17"><span class='ocrx_word' id='word_1_241' title='bbox 186 3258 317 3341; x_wconf 81' lang='lat' dir='ltr'>obligat.</span> 
     </span>
    </p>
   </div>
   <div class='ocr_carea' id='block_1_9' title="bbox 186 3343 1199 3521">
    <p class='ocr_par' dir='ltr' id='par_1_12' title="bbox 186 3343 1199 3521">
     <span class='ocr_line' id='line_1_34' title="bbox 274 3343 1198 3435; baseline 0.006 -26"><span class='ocrx_word' id='word_1_242' title='bbox 274 3345 317 3409; x_wconf 81' lang='lat'>4?</span> <span class='ocrx_word' id='word_1_243' title='bbox 342 3345 379 3409; x_wconf 93' lang='lat' dir='ltr'>D.</span> <span class='ocrx_word' id='word_1_244' title='bbox 395 3344 446 3428; x_wconf 76' lang='lat'>12,</span> <span class='ocrx_word' id='word_1_245' title='bbox 460 3345 490 3426; x_wconf 88' lang='lat'>6,</span> <span class='ocrx_word' id='word_1_246' title='bbox 503 3346 556 3410; x_wconf 85' lang='lat'>46.</span> <span class='ocrx_word' id='word_1_247' title='bbox 592 3344 683 3410; x_wconf 89' lang='lat' dir='ltr'>Idem</span> <span class='ocrx_word' id='word_1_248' title='bbox 703 3343 759 3433; x_wconf 86' lang='lat' dir='ltr'>(se.</span> <span class='ocrx_word' id='word_1_249' title='bbox 773 3343 960 3435; x_wconf 86' lang='lat' dir='ltr'>Iavolenus)</span> <span class='ocrx_word' id='word_1_250' title='bbox 979 3348 1063 3413; x_wconf 90' lang='lat' dir='ltr'>libro</span> <span class='ocrx_word' id='word_1_251' title='bbox 1077 3355 1198 3433; x_wconf 78' lang='lat' dir='ltr'>quarto</span> 
     </span>
     <span class='ocr_line' id='line_1_35' title="bbox 186 3433 1199 3521; baseline 0.005 -21"><span class='ocrx_word' id='word_1_252' title='bbox 186 3457 224 3500; x_wconf 84' lang='lat' dir='ltr'>ex</span> <span class='ocrx_word' id='word_1_253' title='bbox 246 3433 382 3500; x_wconf 82' lang='lat' dir='ltr'>Plautio.</span> <span class='ocrx_word' id='word_1_254' title='bbox 406 3471 450 3483; x_wconf 96' lang='lat'><em>-</em></span> <span class='ocrx_word' id='word_1_255' title='bbox 473 3433 536 3512; x_wconf 81' lang='lat' dir='ltr'>Qui</span> <span class='ocrx_word' id='word_1_256' title='bbox 563 3434 690 3500; x_wconf 87' lang='lat' dir='ltr'>heredis</span> <span class='ocrx_word' id='word_1_257' title='bbox 713 3436 842 3500; x_wconf 87' lang='lat' dir='ltr'>nomine</span> <span class='ocrx_word' id='word_1_258' title='bbox 865 3436 975 3521; x_wconf 79' lang='lat' dir='ltr'>legate</span> <span class='ocrx_word' id='word_1_259' title='bbox 996 3459 1063 3504; x_wconf 87' lang='lat' dir='ltr'>uon</span> <span class='ocrx_word' id='word_1_260' title='bbox 1085 3438 1199 3505; x_wconf 78' lang='lat' dir='ltr'>debite</span> 
     </span>
    </p>
   </div>
   <div class='ocr_carea' id='block_1_10' title="bbox 258 3574 457 3630">
    <p class='ocr_par' dir='ltr' id='par_1_13' title="bbox 258 3574 457 3630">
     <span class='ocr_line' id='line_1_36' title="bbox 258 3574 457 3630; baseline 0.01 -2"><span class='ocrx_word' id='word_1_261' title='bbox 258 3579 272 3628; x_wconf 94' lang='lat'>1</span> <span class='ocrx_word' id='word_1_262' title='bbox 291 3574 339 3630; x_wconf 70' lang='grc' dir='ltr'>Εἰ.</span> <span class='ocrx_word' id='word_1_263' title='bbox 357 3575 457 3630; x_wconf 83' lang='lat' dir='ltr'>totum.</span> 
     </span>
    </p>
   </div>
   <div class='ocr_carea' id='block_1_11' title="bbox 0 0 1294 3900">
    <p class='ocr_par' dir='ltr' id='par_1_14' title="bbox 0 0 1294 3900">
     <span class='ocr_line' id='line_1_37' title="bbox 0 0 1294 3900; baseline 0 1"><span class='ocrx_word' id='word_1_264' title='bbox 0 0 1294 3900; x_wconf 95' lang='lat' dir='ltr'> </span> 
     </span>
    </p>
   </div>
  </div>
 </body>
</html>
