2614 3912
408 229 432 280 6.
456 223 664 279 IAVOLENUS
683 223 832 278 Psrsous
1058 221 1122 287 431

270 411 317 470 De
352 427 433 470 servo
455 412 579 470 matioue
601 411 645 469 vet
667 411 793 470 veterato
816 411 959 471 emmuoto.
983 434 987 442 =

206 521 278 586 121.
317 519 355 585 D.
381 520 431 605 19,
454 521 485 606 2,
507 521 558 598 60,
578 521 607 586 7.
656 519 765 585 Labeo
795 521 1009 603 posteriorum
1039 519 1124 585 libro

19 673 21 676 .
115 609 227 694 quinto
261 631 280 672 a
311 610 462 674 Iauoleno
494 609 753 694 epitomatorum.
789 645 824 654 —
861 605 990 675 Servum
1023 628 1125 673 meum

115 698 280 763 muliorum
307 699 495 775 voudvvuisti;
522 698 709 782 ueptepeutia
733 698 799 762 eius
820 697 924 762 mutas
946 702 1016 763 mus
1031 698 1124 781 perit.

116 787 145 852 si
165 788 230 870 ipse
250 807 283 852 se
305 786 443 872 lavasset,
465 808 501 852 ea
517 788 637 869 peculio
660 788 823 852 dumtaxat
843 790 873 850 et
893 788 928 851 ιἰι
950 807 1014 850 rem
1036 805 1125 852 verso

117 895 164 940 me
185 876 335 941 domuum
358 875 413 940 aar·
429 881 662 958 praestaturum
680 877 762 952 diem
785 875 835 940 sia
853 879 956 939 autem
973 876 1038 957 ipse
1056 895 1126 940 eum

118 965 273 1049 levassem,
299 985 363 1028 uou
384 964 468 1029 ultra
492 986 539 1029 me
562 964 617 1030 tibi
636 968 879 1048 praestaturum,
904 985 998 1046 quam
1021 962 1125 1028 dolrem

116 1053 234 1118 matum
258 1057 286 1118 et
306 1053 430 1136 vulpam
453 1074 552 1118 meam
573 1054 682 1136 pirasse.
715 1054 796 1136 quod
816 1053 846 1117 si
866 1054 933 1117 siue
951 1053 1127 1134 defiuitione
1163 1051 1166 1057 ‘

110 1162 261 1225 persomme
298 1142 463 1206 maironem
496 1163 517 1206 a
548 1163 595 1206 me
626 1143 798 1208 vouduaisti
828 1146 857 1205 et
887 1162 938 1224 epo
969 1161 1038 1205 arm
1070 1139 1127 1204 tibi

116 1231 276 1308 dedissem,
315 1231 402 1296 vuius
437 1232 623 1314 aeplepmtia
659 1232 827 1295 iumentum
860 1231 1001 1313 perierit,
1036 1229 1127 1295 ittam

116 1339 232 1404 qaoque
254 1320 377 1402 rutpram
398 1340 447 1385 me
470 1321 526 1384 teti
542 1325 776 1402 praestaturum
798 1320 859 1402 aio,
881 1320 963 1402 puori
983 1339 1052 1385 eam
1072 1319 1128 1382 ete·

115 1410 240 1494 pr'sserm
263 1410 317 1491 qui
339 1409 487 1474 eiusmodi
509 1411 622 1474 damuo
645 1413 673 1473 te
694 1409 844 1490 adficeret.

208 1497 279 1563 122.
307 1496 346 1562 D.
361 1497 435 1562 ibid.
450 1500 470 1578 ἓ
485 1499 513 1563 8.
533 1535 575 1544 -
600 1496 776 1562 Vehiculum
795 1496 975 1580 eoudum'sti,
997 1500 1032 1560 at
1050 1515 1127 1560 vaus

118 1590 206 1651 tuum
227 1590 367 1668 portaret
393 1591 421 1650 et
444 1605 585 1652 seorsum
611 1587 669 1651 iter
693 1586 813 1667 faveret.
859 1587 895 1650 id
915 1605 984 1650 arm
1002 1589 1126 1667 poutem

117 1675 275 1754 trausiret,
302 1676 470 1758 redemptor
497 1677 562 1740 eiras
582 1676 689 1758 pvutis
713 1675 886 1757 portorium
914 1673 1008 1738 abeo
1031 1675 1127 1756 eripe

117 1763 176 1828 vat.
213 1763 421 1847 quaerebatur,
444 1786 487 1829 au
509 1765 602 1829 etiam
616 1784 675 1846 pro
692 1765 763 1846 ipsa
781 1763 847 1828 sola
865 1764 939 1828 reda
953 1763 1127 1845 portorium

117 1853 248 1918 daturus
268 1853 371 1933 fuerit.
407 1858 492 1935 puto,
513 1855 543 1918 si
560 1854 656 1917 mutio
674 1873 737 1918 uon
754 1853 907 1934 ipuoravv't
925 1872 959 1916 ea
977 1872 1008 1917 se
1026 1857 1126 1916 traus-

117 1941 245 2021 iturum,
263 1962 332 2006 vum
346 1941 517 2007 vehiculum
531 1942 651 2025 locaret,
668 1942 833 2006 muliouem
841 1947 1004 2024 praestare
1017 1940 1127 2005 debere.

327 2132 374 2192 De
396 2135 482 2194 domu
504 2135 548 2194 vet
568 2135 640 2194 vitta
661 2134 797 2208 fastrada
820 2135 920 2194 lavata.

209 2253 281 2318 123.
310 2250 348 2316 D.
366 2253 415 2335 19,
430 2253 459 2336 2,
474 2251 525 2319 59.
558 2253 727 2318 lavolenus
741 2252 825 2316 libro
841 2251 954 2336 quinto
968 2248 1128 2316 Labeonis

118 2341 343 2425 posteriorum.
376 2377 414 2386 -
443 2342 586 2407 Marcius
612 2343 736 2406 domum
761 2341 937 2429 sariendam
964 2362 985 2405 a
1013 2340 1129 2406 macro

118 2429 320 2506 condumum,-
348 2430 456 2495 deiude
477 2432 576 2513 operis
592 2434 684 2513 parte
706 2429 811 2509 effecta
833 2434 932 2494 terrae
953 2434 1038 2494 motu
1061 2449 1128 2493 cou-

117 2539 241 2598 vussum
263 2523 331 2584 erat
351 2519 535 2602 aedificium.
576 2518 757 2584 Massurius
775 2516 921 2600 Sabinus,
943 2519 972 2582 si
991 2519 1022 2582 vi
1039 2522 1129 2581 uatu-

114 2608 195 2689 'ratv'‚
220 2607 313 2673 mimi
340 2613 439 2672 terrae
464 2612 549 2672 motu
574 2607 628 2672 too
650 2607 805 2690 arriduit,
834 2605 945 2671 Flami
966 2625 1029 2670 esse
1048 2605 1129 2687 peri

117 2695 228 2762 vatum.

211 2785 282 2850 124.
301 2783 340 2849 D.
352 2785 402 2870 19,
412 2785 442 2869 2,
453 2785 505 2857 60,
515 2784 545 2850 3.
572 2782 682 2849 Labeo
696 2786 909 2867 posteriorum
920 2782 1004 2848 libro
1014 2782 1129 2868 quinto

119 2896 140 2938 s
158 2872 311 2939 Iauoleno
330 2874 591 2958 epitomatorum.
610 2909 652 2918 —
670 2872 749 2955 Lapa
766 2873 848 2938 dieta
865 2873 973 2937 domus
983 2872 1129 2953 fastrada

119 2963 219 3028 iocata
241 2968 308 3028 erat
331 2964 384 3046 ita,
410 2968 446 3027 ut
460 2962 604 3046 probatio
627 2968 683 3027 avt
703 2960 886 3043 improbatio
910 2961 1051 3026 locuturis
1073 2965 1131 3026 aut
1266 2979 1271 2994 ·

118 3051 238 3117 haedis
260 3053 325 3117 eius
347 3056 428 3118 esset.
464 3053 634 3135 redemptor
651 3071 689 3116 ev
706 3052 860 3116 volumtate
878 3050 1021 3116 tremoris
1038 3071 1128 3133 puae·

118 3141 194 3206 dam
220 3142 256 3205 iu
282 3161 369 3226 opere
384 3146 623 3225 permutaverat.
674 3141 817 3222 respondi
843 3160 918 3223 opus
945 3141 1067 3223 quidem
1092 3159 1130 3204 ev

120 3230 182 3313 lepe
208 3230 289 3295 dieta
314 3250 377 3295 moa
401 3231 498 3295 videri
517 3232 648 3316 factum,
675 3230 896 3312 sedquoniam
919 3229 1130 3295 euvotuutate

119 3319 264 3386 locuturis
287 3323 496 3402 permutatum
522 3324 608 3398 esset,
635 3321 850 3401 redemptorem
877 3319 992 3384 absolvi
1018 3317 1129 3384 debere.

212 3406 286 3474 125.
314 3406 351 3472 D.
370 3408 447 3474 ibid.
465 3409 534 3489 §⁴1
562 3445 603 3455 -
636 3407 790 3472 Mandaei
816 3408 884 3486 tibi,
910 3413 946 3472 ut
971 3412 1129 3489 marteres,

118 3497 233 3580 quanti
258 3496 365 3562 vitiam
387 3498 550 3579 aedificare
570 3497 667 3562 vrttes.
716 3497 901 3562 renuntiasti
923 3495 1000 3562 mihi
1022 3496 1130 3560 avua-

120 3591 223 3652 tvrum
246 3585 417 3668 impensam
439 3585 508 3669 <te>
531 3590 673 3651 eveutere.
718 3589 800 3650 verta
821 3586 953 3650 mereata
975 3603 1051 3666 opus
1074 3582 1129 3647 tibi
