<?xml version="1.0" encoding="UTF-8"?>
<!DOCTYPE html PUBLIC "-//W3C//DTD XHTML 1.0 Transitional//EN"
    "http://www.w3.org/TR/xhtml1/DTD/xhtml1-transitional.dtd">
<html xmlns="http://www.w3.org/1999/xhtml" xml:lang="en" lang="en">
 <head>
  <title>
</title>
<meta http-equiv="Content-Type" content="text/html;charset=utf-8" />
  <meta name='ocr-system' content='tesseract 3.04.00' />
  <meta name='ocr-capabilities' content='ocr_page ocr_carea ocr_par ocr_line ocrx_word'/>
</head>
<body>
  <div class='ocr_page' id='page_1' title='image "./iurisprudentiae03bremgoog_0176.png"; bbox 0 0 2596 3902; ppageno 0'>
   <div class='ocr_carea' id='block_1_1' title="bbox 150 183 1288 255">
    <p class='ocr_par' dir='ltr' id='par_1_1' title="bbox 150 183 1288 255">
     <span class='ocr_line' id='line_1_1' title="bbox 150 183 1288 255; baseline -0.014 -7"><span class='ocrx_word' id='word_1_1' title='bbox 150 190 214 255; x_wconf 84' lang='lat'>146</span> <span class='ocrx_word' id='word_1_2' title='bbox 232 189 280 246; x_wconf 89' lang='lat'>111.</span> <span class='ocrx_word' id='word_1_3' title='bbox 294 188 671 246; x_wconf 74' lang='lat' dir='ltr'>elrrcnluunnnaon.</span> <span class='ocrx_word' id='word_1_4' title='bbox 682 188 825 246; x_wconf 76' lang='lat' dir='ltr'>annana</span> <span class='ocrx_word' id='word_1_5' title='bbox 836 188 1049 248; x_wconf 70' lang='lat' dir='ltr'>renelmus</span> <span class='ocrx_word' id='word_1_6' title='bbox 1060 189 1162 248; x_wconf 85' lang='lat' dir='ltr'>cons.</span> <span class='ocrx_word' id='word_1_7' title='bbox 1287 183 1288 232; x_wconf 68' lang='lat'><em>3</em></span> 
     </span>
    </p>
   </div>
   <div class='ocr_carea' id='block_1_2' title="bbox 147 352 1162 527">
    <p class='ocr_par' dir='ltr' id='par_1_2' title="bbox 147 352 1162 527">
     <span class='ocr_line' id='line_1_2' title="bbox 147 352 1162 437; baseline 0 -19"><span class='ocrx_word' id='word_1_8' title='bbox 147 353 297 418; x_wconf 80' lang='lat' dir='ltr'>heredem</span> <span class='ocrx_word' id='word_1_9' title='bbox 320 374 389 417; x_wconf 90' lang='lat' dir='ltr'>rem</span> <span class='ocrx_word' id='word_1_10' title='bbox 411 352 586 436; x_wconf 88' lang='lat' dir='ltr'>vindicare,</span> <span class='ocrx_word' id='word_1_11' title='bbox 610 357 643 418; x_wconf 89' lang='lat' dir='ltr'>et</span> <span class='ocrx_word' id='word_1_12' title='bbox 666 352 695 417; x_wconf 84' lang='lat' dir='ltr'>si</span> <span class='ocrx_word' id='word_1_13' title='bbox 719 353 881 419; x_wconf 87' lang='lat' dir='ltr'>obiciatur</span> <span class='ocrx_word' id='word_1_14' title='bbox 904 353 1050 437; x_wconf 74' lang='lat' dir='ltr'>exceptio</span> <span class='ocrx_word' id='word_1_15' title='bbox 1069 353 1108 418; x_wconf 88' lang='lat' dir='ltr'>de</span> <span class='ocrx_word' id='word_1_16' title='bbox 1126 375 1162 418; x_wconf 90' lang='lat' dir='ltr'>re</span> 
     </span>
     <span class='ocr_line' id='line_1_3' title="bbox 148 441 1019 527; baseline 0 -20"><span class='ocrx_word' id='word_1_17' title='bbox 148 465 226 508; x_wconf 88' lang='lat' dir='ltr'>usus</span> <span class='ocrx_word' id='word_1_18' title='bbox 249 441 373 508; x_wconf 86' lang='lat' dir='ltr'>fructus</span> <span class='ocrx_word' id='word_1_19' title='bbox 397 441 525 506; x_wconf 91' lang='lat' dir='ltr'>nomine</span> <span class='ocrx_word' id='word_1_20' title='bbox 548 442 683 526; x_wconf 85' lang='lat' dir='ltr'>tradita,</span> <span class='ocrx_word' id='word_1_21' title='bbox 705 442 925 527; x_wconf 89' lang='lat' dir='ltr'>replicandum</span> <span class='ocrx_word' id='word_1_22' title='bbox 949 444 1019 507; x_wconf 88' lang='lat' dir='ltr'>erit.</span> 
     </span>
    </p>
   </div>
   <div class='ocr_carea' id='block_1_3' title="bbox 148 547 1164 720">
    <p class='ocr_par' dir='ltr' id='par_1_3' title="bbox 148 547 1164 720">
     <span class='ocr_line' id='line_1_4' title="bbox 238 547 1164 632; baseline 0.002 -21"><span class='ocrx_word' id='word_1_23' title='bbox 238 551 313 612; x_wconf 79' lang='lat' dir='ltr'>Cum</span> <span class='ocrx_word' id='word_1_24' title='bbox 326 553 474 630; x_wconf 81' lang='lat' dir='ltr'><strong>Ulpianus</strong></span> <span class='ocrx_word' id='word_1_25' title='bbox 494 553 597 614; x_wconf 89' lang='lat' dir='ltr'>addat:</span> <span class='ocrx_word' id='word_1_26' title='bbox 618 547 707 630; x_wconf 73' lang='lat' dir='ltr'>‘quae</span> <span class='ocrx_word' id='word_1_27' title='bbox 727 554 876 614; x_wconf 87' lang='lat' dir='ltr'>sententia</span> <span class='ocrx_word' id='word_1_28' title='bbox 889 554 981 614; x_wconf 90' lang='lat' dir='ltr'>habet</span> <span class='ocrx_word' id='word_1_29' title='bbox 994 548 1164 632; x_wconf 86' lang='lat' dir='ltr'>rationem&#39;,</span> 
     </span>
     <span class='ocr_line' id='line_1_5' title="bbox 148 643 949 720; baseline 0 -18"><span class='ocrx_word' id='word_1_30' title='bbox 148 646 282 708; x_wconf 80' lang='lat' dir='ltr'>extreme</span> <span class='ocrx_word' id='word_1_31' title='bbox 305 661 423 719; x_wconf 90' lang='lat' dir='ltr'>qnoque</span> <span class='ocrx_word' id='word_1_32' title='bbox 446 644 538 703; x_wconf 84' lang='lat' dir='ltr'>verba</span> <span class='ocrx_word' id='word_1_33' title='bbox 560 643 682 703; x_wconf 77' lang='lat' dir='ltr'>Proculi</span> <span class='ocrx_word' id='word_1_34' title='bbox 704 661 768 703; x_wconf 87' lang='lat' dir='ltr'>esse</span> <span class='ocrx_word' id='word_1_35' title='bbox 792 646 949 720; x_wconf 88' lang='lat' dir='ltr'>apparet.</span> 
     </span>
    </p>
   </div>
   <div class='ocr_carea' id='block_1_4' title="bbox 559 803 806 878">
    <p class='ocr_par' dir='ltr' id='par_1_4' title="bbox 559 803 806 878">
     <span class='ocr_line' id='line_1_6' title="bbox 559 803 806 878; baseline 0 -16"><span class='ocrx_word' id='word_1_36' title='bbox 559 803 606 862; x_wconf 87' lang='lat' dir='ltr'>De</span> <span class='ocrx_word' id='word_1_37' title='bbox 628 820 684 862; x_wconf 82' lang='lat' dir='ltr'>usa</span> <span class='ocrx_word' id='word_1_38' title='bbox 707 803 806 878; x_wconf 75' lang='lat' dir='ltr'>leputo.</span> 
     </span>
    </p>
   </div>
   <div class='ocr_carea' id='block_1_5' title="bbox 146 912 1164 1710">
    <p class='ocr_par' dir='ltr' id='par_1_5' title="bbox 146 912 1164 1710">
     <span class='ocr_line' id='line_1_7' title="bbox 236 912 1164 1000; baseline 0.002 -21"><span class='ocrx_word' id='word_1_39' title='bbox 236 914 288 980; x_wconf 82' lang='lat'>30.</span> <span class='ocrx_word' id='word_1_40' title='bbox 325 913 364 978; x_wconf 87' lang='lat' dir='ltr'>D.</span> <span class='ocrx_word' id='word_1_41' title='bbox 384 913 413 996; x_wconf 80' lang='lat'>7,</span> <span class='ocrx_word' id='word_1_42' title='bbox 433 914 462 993; x_wconf 88' lang='lat'>8,</span> <span class='ocrx_word' id='word_1_43' title='bbox 481 914 511 996; x_wconf 78' lang='lat'>2,</span> <span class='ocrx_word' id='word_1_44' title='bbox 532 914 560 977; x_wconf 94' lang='lat'>1.</span> <span class='ocrx_word' id='word_1_45' title='bbox 578 913 656 997; x_wconf 87' lang='lat' dir='ltr'>4pr.</span> <span class='ocrx_word' id='word_1_46' title='bbox 712 912 870 996; x_wconf 79' lang='lat' dir='ltr'><strong>Ulpianus</strong></span> <span class='ocrx_word' id='word_1_47' title='bbox 906 915 991 979; x_wconf 92' lang='lat' dir='ltr'>libro</span> <span class='ocrx_word' id='word_1_48' title='bbox 1023 916 1164 1000; x_wconf 84' lang='lat' dir='ltr'>septimo</span> 
     </span>
     <span class='ocr_line' id='line_1_8' title="bbox 148 998 1164 1089; baseline 0.001 -22"><span class='ocrx_word' id='word_1_49' title='bbox 148 1002 271 1068; x_wconf 89' lang='lat' dir='ltr'>decimo</span> <span class='ocrx_word' id='word_1_50' title='bbox 295 1002 335 1066; x_wconf 89' lang='lat' dir='ltr'>ad</span> <span class='ocrx_word' id='word_1_51' title='bbox 355 1000 510 1067; x_wconf 85' lang='lat' dir='ltr'>Sabinum</span> <span class='ocrx_word' id='word_1_52' title='bbox 531 998 581 1089; x_wconf 84' lang='lat' dir='ltr'>(P.</span> <span class='ocrx_word' id='word_1_53' title='bbox 595 999 749 1089; x_wconf 73' lang='lat'>2575⁵·¹²).</span> <span class='ocrx_word' id='word_1_54' title='bbox 771 1038 808 1048; x_wconf 90' lang='lat'>-</span> <span class='ocrx_word' id='word_1_55' title='bbox 832 1002 886 1067; x_wconf 87' lang='lat' dir='ltr'>An</span> <span class='ocrx_word' id='word_1_56' title='bbox 909 1003 1008 1069; x_wconf 90' lang='lat' dir='ltr'>etiam</span> <span class='ocrx_word' id='word_1_57' title='bbox 1031 1005 1164 1088; x_wconf 90' lang='lat' dir='ltr'>inquili-</span> 
     </span>
     <span class='ocr_line' id='line_1_9' title="bbox 146 1089 1163 1180; baseline 0.001 -23"><span class='ocrx_word' id='word_1_58' title='bbox 146 1114 225 1157; x_wconf 91' lang='lat' dir='ltr'>num</span> <span class='ocrx_word' id='word_1_59' title='bbox 251 1092 393 1175; x_wconf 88' lang='lat' dir='ltr'>recipere</span> <span class='ocrx_word' id='word_1_60' title='bbox 415 1092 519 1176; x_wconf 77' lang='lat' dir='ltr'>possit</span> <span class='ocrx_word' id='word_1_61' title='bbox 542 1089 599 1176; x_wconf 90' lang='lat' dir='ltr'>(sc.</span> <span class='ocrx_word' id='word_1_62' title='bbox 620 1091 671 1155; x_wconf 90' lang='lat' dir='ltr'>cui</span> <span class='ocrx_word' id='word_1_63' title='bbox 695 1090 808 1156; x_wconf 85' lang='lat' dir='ltr'>domus</span> <span class='ocrx_word' id='word_1_64' title='bbox 831 1114 909 1156; x_wconf 87' lang='lat' dir='ltr'>usus</span> <span class='ocrx_word' id='word_1_65' title='bbox 932 1093 1063 1158; x_wconf 89' lang='lat' dir='ltr'>relictus</span> <span class='ocrx_word' id='word_1_66' title='bbox 1088 1091 1163 1180; x_wconf 85' lang='lat' dir='ltr'>est),</span> 
     </span>
     <span class='ocr_line' id='line_1_10' title="bbox 146 1179 1162 1265; baseline 0.002 -20"><span class='ocrx_word' id='word_1_67' title='bbox 146 1181 231 1265; x_wconf 87' lang='lat' dir='ltr'>apud</span> <span class='ocrx_word' id='word_1_68' title='bbox 254 1180 438 1245; x_wconf 85' lang='lat' dir='ltr'>Labeonem</span> <span class='ocrx_word' id='word_1_69' title='bbox 467 1179 599 1244; x_wconf 89' lang='lat' dir='ltr'>memini</span> <span class='ocrx_word' id='word_1_70' title='bbox 626 1183 802 1244; x_wconf 85' lang='lat' dir='ltr'>tractatum</span> <span class='ocrx_word' id='word_1_71' title='bbox 826 1180 911 1245; x_wconf 89' lang='lat' dir='ltr'>libro</span> <span class='ocrx_word' id='word_1_72' title='bbox 934 1181 1162 1264; x_wconf 79' lang='lat' dir='ltr'>posteriorum.</span> 
     </span>
     <span class='ocr_line' id='line_1_11' title="bbox 147 1267 1163 1354; baseline 0.001 -20"><span class='ocrx_word' id='word_1_73' title='bbox 147 1275 181 1334; x_wconf 89' lang='lat' dir='ltr'>et</span> <span class='ocrx_word' id='word_1_74' title='bbox 203 1270 250 1334; x_wconf 90' lang='lat' dir='ltr'>ait</span> <span class='ocrx_word' id='word_1_75' title='bbox 271 1269 381 1334; x_wconf 86' lang='lat' dir='ltr'>Labeo</span> <span class='ocrx_word' id='word_1_76' title='bbox 405 1290 491 1352; x_wconf 88' lang='lat' dir='ltr'>eum,</span> <span class='ocrx_word' id='word_1_77' title='bbox 515 1269 569 1352; x_wconf 90' lang='lat' dir='ltr'>qni</span> <span class='ocrx_word' id='word_1_78' title='bbox 592 1267 662 1352; x_wconf 91' lang='lat' dir='ltr'>ipse</span> <span class='ocrx_word' id='word_1_79' title='bbox 685 1269 823 1352; x_wconf 90' lang='lat' dir='ltr'>habitat,</span> <span class='ocrx_word' id='word_1_80' title='bbox 848 1269 1043 1354; x_wconf 91' lang='lat' dir='ltr'>inquilinum</span> <span class='ocrx_word' id='word_1_81' title='bbox 1065 1292 1163 1354; x_wconf 89' lang='lat' dir='ltr'>posse</span> 
     </span>
     <span class='ocr_line' id='line_1_12' title="bbox 146 1355 1164 1443; baseline 0 -19"><span class='ocrx_word' id='word_1_82' title='bbox 146 1359 288 1442; x_wconf 88' lang='lat' dir='ltr'>recipere</span> <span class='ocrx_word' id='word_1_83' title='bbox 391 1355 396 1440; x_wconf 77' lang='lat' dir='ltr'>l</span> <span class='ocrx_word' id='word_1_84' title='bbox 492 1356 648 1422; x_wconf 88' lang='lat' dir='ltr'>Proculus</span> <span class='ocrx_word' id='word_1_85' title='bbox 677 1361 785 1422; x_wconf 89' lang='lat' dir='ltr'>autem</span> <span class='ocrx_word' id='word_1_86' title='bbox 814 1358 852 1422; x_wconf 91' lang='lat' dir='ltr'>de</span> <span class='ocrx_word' id='word_1_87' title='bbox 880 1357 1039 1443; x_wconf 88' lang='lat' dir='ltr'>inquilino</span> <span class='ocrx_word' id='word_1_88' title='bbox 1067 1363 1164 1424; x_wconf 88' lang='lat' dir='ltr'>notat</span> 
     </span>
     <span class='ocr_line' id='line_1_13' title="bbox 146 1445 1162 1532; baseline 0 -19"><span class='ocrx_word' id='word_1_89' title='bbox 146 1469 213 1513; x_wconf 89' lang='lat' dir='ltr'>non</span> <span class='ocrx_word' id='word_1_90' title='bbox 240 1447 323 1512; x_wconf 91' lang='lat' dir='ltr'>belle</span> <span class='ocrx_word' id='word_1_91' title='bbox 351 1445 544 1530; x_wconf 91' lang='lat' dir='ltr'>inquilinum</span> <span class='ocrx_word' id='word_1_92' title='bbox 572 1445 648 1528; x_wconf 91' lang='lat' dir='ltr'>dici,</span> <span class='ocrx_word' id='word_1_93' title='bbox 677 1447 733 1532; x_wconf 88' lang='lat' dir='ltr'>qni</span> <span class='ocrx_word' id='word_1_94' title='bbox 759 1468 831 1512; x_wconf 87' lang='lat' dir='ltr'>cum</span> <span class='ocrx_word' id='word_1_95' title='bbox 855 1468 892 1512; x_wconf 89' lang='lat' dir='ltr'>eo</span> <span class='ocrx_word' id='word_1_96' title='bbox 917 1447 1052 1512; x_wconf 88' lang='lat' dir='ltr'>habitet.</span> <span class='ocrx_word' id='word_1_97' title='bbox 1098 1450 1162 1530; x_wconf 90' lang='lat' dir='ltr'>[se-</span> 
     </span>
     <span class='ocr_line' id='line_1_14' title="bbox 148 1535 1164 1622; baseline 0.002 -22"><span class='ocrx_word' id='word_1_98' title='bbox 148 1535 287 1601; x_wconf 89' lang='lat' dir='ltr'>cundum</span> <span class='ocrx_word' id='word_1_99' title='bbox 319 1535 399 1600; x_wconf 85' lang='lat' dir='ltr'>haee</span> <span class='ocrx_word' id='word_1_100' title='bbox 432 1537 464 1598; x_wconf 91' lang='lat' dir='ltr'>et</span> <span class='ocrx_word' id='word_1_101' title='bbox 496 1535 525 1598; x_wconf 88' lang='lat' dir='ltr'>si</span> <span class='ocrx_word' id='word_1_102' title='bbox 557 1535 745 1619; x_wconf 86' lang='lat' dir='ltr'>pensionem</span> <span class='ocrx_word' id='word_1_103' title='bbox 777 1536 948 1620; x_wconf 89' lang='lat' dir='ltr'>percipiat,</span> <span class='ocrx_word' id='word_1_104' title='bbox 984 1537 1060 1602; x_wconf 91' lang='lat' dir='ltr'>dnm</span> <span class='ocrx_word' id='word_1_105' title='bbox 1091 1536 1164 1622; x_wconf 89' lang='lat' dir='ltr'>ipse</span> 
     </span>
     <span class='ocr_line' id='line_1_15' title="bbox 148 1623 952 1710; baseline -0.001 -20"><span class='ocrx_word' id='word_1_106' title='bbox 148 1647 274 1709; x_wconf 91' lang='lat' dir='ltr'>quoque</span> <span class='ocrx_word' id='word_1_107' title='bbox 297 1623 473 1708; x_wconf 82' lang='lat' dir='ltr'>inhabitat,</span> <span class='ocrx_word' id='word_1_108' title='bbox 495 1644 561 1688; x_wconf 93' lang='lat' dir='ltr'>non</span> <span class='ocrx_word' id='word_1_109' title='bbox 586 1625 647 1688; x_wconf 89' lang='lat' dir='ltr'>erit</span> <span class='ocrx_word' id='word_1_110' title='bbox 670 1625 699 1689; x_wconf 89' lang='lat' dir='ltr'>ei</span> <span class='ocrx_word' id='word_1_111' title='bbox 721 1624 952 1710; x_wconf 85' lang='lat' dir='ltr'>invidendum]</span> 
     </span>
    </p>
   </div>
   <div class='ocr_carea' id='block_1_6' title="bbox 425 1789 881 1864">
    <p class='ocr_par' dir='ltr' id='par_1_6' title="bbox 425 1789 881 1864">
     <span class='ocr_line' id='line_1_16' title="bbox 425 1789 881 1864; baseline 0.004 -17"><span class='ocrx_word' id='word_1_112' title='bbox 425 1789 473 1848; x_wconf 86' lang='lat' dir='ltr'>De</span> <span class='ocrx_word' id='word_1_113' title='bbox 495 1791 609 1864; x_wconf 74' lang='lat' dir='ltr'>arpenti</span> <span class='ocrx_word' id='word_1_114' title='bbox 625 1791 755 1864; x_wconf 79' lang='lat' dir='ltr'>pondere</span> <span class='ocrx_word' id='word_1_115' title='bbox 776 1791 881 1850; x_wconf 79' lang='lat' dir='ltr'>relicto.</span> 
     </span>
    </p>
   </div>
   <div class='ocr_carea' id='block_1_7' title="bbox 148 1906 1288 2082">
    <p class='ocr_par' dir='ltr' id='par_1_7' title="bbox 148 1876 1288 2082">
     <span class='ocr_line' id='line_1_17' title="bbox 236 1906 1288 1994; baseline 0.002 -24"><span class='ocrx_word' id='word_1_116' title='bbox 236 1907 287 1973; x_wconf 87' lang='lat'>31.</span> <span class='ocrx_word' id='word_1_117' title='bbox 311 1906 350 1972; x_wconf 88' lang='lat' dir='ltr'>n.</span> <span class='ocrx_word' id='word_1_118' title='bbox 369 1908 421 1990; x_wconf 83' lang='lat'>34,</span> <span class='ocrx_word' id='word_1_119' title='bbox 435 1908 466 1992; x_wconf 78' lang='lat' dir='ltr'>a,</span> <span class='ocrx_word' id='word_1_120' title='bbox 484 1908 536 1994; x_wconf 86' lang='lat'>19,</span> <span class='ocrx_word' id='word_1_121' title='bbox 551 1909 581 1973; x_wconf 83' lang='lat' dir='ltr'>e.</span> <span class='ocrx_word' id='word_1_122' title='bbox 626 1907 787 1993; x_wconf 72' lang='lat' dir='ltr'>Ulpianus</span> <span class='ocrx_word' id='word_1_123' title='bbox 810 1909 894 1974; x_wconf 74' lang='lat' dir='ltr'>nero</span> <span class='ocrx_word' id='word_1_124' title='bbox 922 1909 1097 1975; x_wconf 66' lang='lat' dir='ltr'>vicensimo</span> <span class='ocrx_word' id='word_1_125' title='bbox 1122 1911 1163 1976; x_wconf 73' lang='lat' dir='ltr'>aa</span> <span class='ocrx_word' id='word_1_126' title='bbox 1286 1945 1288 1988; x_wconf 39' lang='lat' dir='ltr'>r</span> 
     </span>
     <span class='ocr_line' id='line_1_18' title="bbox 148 1993 1163 2082; baseline -0.004 -17"><span class='ocrx_word' id='word_1_127' title='bbox 148 1995 303 2062; x_wconf 83' lang='lat' dir='ltr'>Sabinum</span> <span class='ocrx_word' id='word_1_128' title='bbox 332 1993 380 2082; x_wconf 90' lang='lat' dir='ltr'>(P.</span> <span class='ocrx_word' id='word_1_129' title='bbox 399 1995 510 2080; x_wconf 82' lang='lat'>2606).</span> <span class='ocrx_word' id='word_1_130' title='bbox 539 2033 581 2044; x_wconf 91' lang='lat'>—</span> <span class='ocrx_word' id='word_1_131' title='bbox 610 2046 641 2063; x_wconf 89' lang='lat'>..</span> <span class='ocrx_word' id='word_1_132' title='bbox 667 1996 779 2063; x_wconf 83' lang='lat' dir='ltr'>Celsus</span> <span class='ocrx_word' id='word_1_133' title='bbox 810 1999 894 2063; x_wconf 92' lang='lat' dir='ltr'>libro</span> <span class='ocrx_word' id='word_1_134' title='bbox 922 2020 1010 2064; x_wconf 92' lang='lat' dir='ltr'>nono</span> <span class='ocrx_word' id='word_1_135' title='bbox 1038 1998 1163 2065; x_wconf 88' lang='lat' dir='ltr'>decimo</span> 
     </span>
    </p>
   </div>
   <div class='ocr_carea' id='block_1_8' title="bbox 93 2083 1164 2527">
    <p class='ocr_par' dir='ltr' id='par_1_8' title="bbox 93 2083 1164 2527">
     <span class='ocr_line' id='line_1_19' title="bbox 93 2083 1163 2172; baseline 0.004 -23"><span class='ocrx_word' id='word_1_136' title='bbox 93 2149 98 2162; x_wconf 68' lang='grc'><strong><em>,</em></strong></span> <span class='ocrx_word' id='word_1_137' title='bbox 150 2083 382 2162; x_wconf 76' lang='lat' dir='ltr'>Quaestionum</span> <span class='ocrx_word' id='word_1_138' title='bbox 406 2086 538 2170; x_wconf 87' lang='lat' dir='ltr'>quaerit,</span> <span class='ocrx_word' id='word_1_139' title='bbox 561 2087 590 2151; x_wconf 87' lang='lat' dir='ltr'>si</span> <span class='ocrx_word' id='word_1_140' title='bbox 613 2089 742 2151; x_wconf 88' lang='lat' dir='ltr'>eentum</span> <span class='ocrx_word' id='word_1_141' title='bbox 765 2086 872 2172; x_wconf 92' lang='lat' dir='ltr'>pondo</span> <span class='ocrx_word' id='word_1_142' title='bbox 897 2088 1022 2172; x_wconf 89' lang='lat' dir='ltr'>argenti</span> <span class='ocrx_word' id='word_1_143' title='bbox 1040 2088 1163 2153; x_wconf 86' lang='lat' dir='ltr'>fuerint</span> 
     </span>
     <span class='ocr_line' id='line_1_20' title="bbox 147 2173 1163 2260; baseline 0.005 -22"><span class='ocrx_word' id='word_1_144' title='bbox 147 2173 275 2258; x_wconf 88' lang='lat' dir='ltr'>relicta,</span> <span class='ocrx_word' id='word_1_145' title='bbox 308 2195 350 2237; x_wconf 89' lang='lat' dir='ltr'>an</span> <span class='ocrx_word' id='word_1_146' title='bbox 381 2175 579 2259; x_wconf 89' lang='lat' dir='ltr'>replumbari</span> <span class='ocrx_word' id='word_1_147' title='bbox 607 2174 758 2258; x_wconf 86' lang='lat' dir='ltr'>debeant,</span> <span class='ocrx_word' id='word_1_148' title='bbox 789 2179 826 2240; x_wconf 87' lang='lat' dir='ltr'>ut</span> <span class='ocrx_word' id='word_1_149' title='bbox 853 2177 900 2241; x_wconf 88' lang='lat' dir='ltr'>sic</span> <span class='ocrx_word' id='word_1_150' title='bbox 928 2176 1163 2260; x_wconf 85' lang='lat' dir='ltr'>appendantur.</span> 
     </span>
     <span class='ocr_line' id='line_1_21' title="bbox 149 2261 1163 2350; baseline 0.004 -23"><span class='ocrx_word' id='word_1_151' title='bbox 149 2266 182 2327; x_wconf 89' lang='lat' dir='ltr'>et</span> <span class='ocrx_word' id='word_1_152' title='bbox 205 2262 361 2327; x_wconf 88' lang='lat' dir='ltr'>Proculus</span> <span class='ocrx_word' id='word_1_153' title='bbox 387 2267 420 2328; x_wconf 87' lang='lat' dir='ltr'>et</span> <span class='ocrx_word' id='word_1_154' title='bbox 443 2261 555 2328; x_wconf 83' lang='lat' dir='ltr'>Celsus</span> <span class='ocrx_word' id='word_1_155' title='bbox 581 2265 671 2328; x_wconf 87' lang='lat' dir='ltr'>aiunt</span> <span class='ocrx_word' id='word_1_156' title='bbox 693 2267 843 2348; x_wconf 89' lang='lat' dir='ltr'>exempto</span> <span class='ocrx_word' id='word_1_157' title='bbox 865 2264 999 2348; x_wconf 90' lang='lat' dir='ltr'>plumbo</span> <span class='ocrx_word' id='word_1_158' title='bbox 1023 2267 1163 2350; x_wconf 81' lang='lat' dir='ltr'>appendi</span> 
     </span>
     <span class='ocr_line' id='line_1_22' title="bbox 148 2351 1164 2440; baseline 0.004 -24"><span class='ocrx_word' id='word_1_159' title='bbox 148 2351 278 2437; x_wconf 81' lang='lat' dir='ltr'>debere3</span> <span class='ocrx_word' id='word_1_160' title='bbox 307 2373 383 2416; x_wconf 91' lang='lat' dir='ltr'>nam</span> <span class='ocrx_word' id='word_1_161' title='bbox 411 2354 444 2416; x_wconf 90' lang='lat' dir='ltr'>et</span> <span class='ocrx_word' id='word_1_162' title='bbox 471 2353 670 2435; x_wconf 78' lang='lat' dir='ltr'>emptoribus</span> <span class='ocrx_word' id='word_1_163' title='bbox 698 2353 922 2437; x_wconf 87' lang='lat' dir='ltr'>replumbatae</span> <span class='ocrx_word' id='word_1_164' title='bbox 951 2353 1164 2440; x_wconf 83' lang='lat' dir='ltr'>adsignantur</span> 
     </span>
     <span class='ocr_line' id='line_1_23' title="bbox 150 2440 949 2527; baseline 0.003 -21"><span class='ocrx_word' id='word_1_165' title='bbox 150 2445 183 2506; x_wconf 90' lang='lat' dir='ltr'>et</span> <span class='ocrx_word' id='word_1_166' title='bbox 206 2441 238 2504; x_wconf 91' lang='lat' dir='ltr'>in</span> <span class='ocrx_word' id='word_1_167' title='bbox 261 2441 404 2505; x_wconf 89' lang='lat' dir='ltr'>rationes</span> <span class='ocrx_word' id='word_1_168' title='bbox 428 2441 555 2527; x_wconf 85' lang='lat' dir='ltr'>argenti</span> <span class='ocrx_word' id='word_1_169' title='bbox 578 2440 706 2525; x_wconf 86' lang='lat' dir='ltr'>pondus</span> <span class='ocrx_word' id='word_1_170' title='bbox 729 2441 775 2506; x_wconf 88' lang='lat' dir='ltr'>sic</span> <span class='ocrx_word' id='word_1_171' title='bbox 799 2442 949 2509; x_wconf 84' lang='lat' dir='ltr'>defertur.</span> 
     </span>
    </p>
   </div>
   <div class='ocr_carea' id='block_1_9' title="bbox 479 2607 831 2682">
    <p class='ocr_par' dir='ltr' id='par_1_9' title="bbox 479 2607 831 2682">
     <span class='ocr_line' id='line_1_24' title="bbox 479 2607 831 2682; baseline 0.009 -17"><span class='ocrx_word' id='word_1_172' title='bbox 479 2607 527 2666; x_wconf 88' lang='lat' dir='ltr'>Dc</span> <span class='ocrx_word' id='word_1_173' title='bbox 548 2607 700 2666; x_wconf 80' lang='lat' dir='ltr'>mobilibus</span> <span class='ocrx_word' id='word_1_174' title='bbox 723 2607 831 2682; x_wconf 67' lang='lat' dir='ltr'>legatis.</span> 
     </span>
    </p>
   </div>
   <div class='ocr_carea' id='block_1_10' title="bbox 148 2715 1164 3336">
    <p class='ocr_par' dir='ltr' id='par_1_10' title="bbox 148 2715 1164 3336">
     <span class='ocr_line' id='line_1_25' title="bbox 160 2715 1163 2806; baseline 0.001 -21"><span class='ocrx_word' id='word_1_175' title='bbox 160 2781 161 2785; x_wconf 75' lang='grc'>,</span> <span class='ocrx_word' id='word_1_176' title='bbox 237 2718 290 2783; x_wconf 79' lang='grc'>32.</span> <span class='ocrx_word' id='word_1_177' title='bbox 322 2716 361 2781; x_wconf 94' lang='lat' dir='ltr'>D.</span> <span class='ocrx_word' id='word_1_178' title='bbox 386 2717 438 2801; x_wconf 80' lang='lat'>32,</span> <span class='ocrx_word' id='word_1_179' title='bbox 458 2717 510 2795; x_wconf 85' lang='grc'>79,</span> <span class='ocrx_word' id='word_1_180' title='bbox 530 2718 557 2783; x_wconf 92' lang='grc'>1.</span> <span class='ocrx_word' id='word_1_181' title='bbox 613 2715 726 2782; x_wconf 81' lang='lat' dir='ltr'>Celsus</span> <span class='ocrx_word' id='word_1_182' title='bbox 759 2718 843 2784; x_wconf 90' lang='lat' dir='ltr'>libro</span> <span class='ocrx_word' id='word_1_183' title='bbox 874 2739 962 2784; x_wconf 90' lang='lat' dir='ltr'>nono</span> <span class='ocrx_word' id='word_1_184' title='bbox 993 2717 1163 2806; x_wconf 74' lang='lat' dir='ltr'>(decimo)</span> 
     </span>
     <span class='ocr_line' id='line_1_26' title="bbox 150 2803 1163 2892; baseline 0.005 -22"><span class='ocrx_word' id='word_1_185' title='bbox 150 2807 359 2890; x_wconf 83' lang='lat' dir='ltr'>Digestorum</span> <span class='ocrx_word' id='word_1_186' title='bbox 379 2803 427 2892; x_wconf 90' lang='lat' dir='ltr'>(P.</span> <span class='ocrx_word' id='word_1_187' title='bbox 440 2803 542 2892; x_wconf 72' lang='lat'>16012).</span> <span class='ocrx_word' id='word_1_188' title='bbox 564 2843 602 2854; x_wconf 89' lang='lat'>—</span> <span class='ocrx_word' id='word_1_189' title='bbox 623 2805 685 2871; x_wconf 90' lang='lat' dir='ltr'>His</span> <span class='ocrx_word' id='word_1_190' title='bbox 703 2807 825 2872; x_wconf 76' lang='lat' dir='ltr'>uerbis:</span> <span class='ocrx_word' id='word_1_191' title='bbox 848 2805 942 2892; x_wconf 72' lang='lat' dir='ltr'>‘quae</span> <span class='ocrx_word' id='word_1_192' title='bbox 961 2807 1008 2872; x_wconf 93' lang='lat' dir='ltr'>ibi</span> <span class='ocrx_word' id='word_1_193' title='bbox 1026 2809 1163 2876; x_wconf 87' lang='lat' dir='ltr'>mobilia</span> 
     </span>
     <span class='ocr_line' id='line_1_27' title="bbox 151 2893 1163 2984; baseline 0.005 -26"><span class='ocrx_word' id='word_1_194' title='bbox 151 2916 223 2958; x_wconf 89' lang='lat' dir='ltr'>mea</span> <span class='ocrx_word' id='word_1_195' title='bbox 251 2898 358 2977; x_wconf 89' lang='lat' dir='ltr'>erunt,</span> <span class='ocrx_word' id='word_1_196' title='bbox 385 2893 426 2958; x_wconf 89' lang='lat' dir='ltr'>do</span> <span class='ocrx_word' id='word_1_197' title='bbox 452 2893 538 2984; x_wconf 54' lang='lat' dir='ltr'>legoff</span> <span class='ocrx_word' id='word_1_198' title='bbox 561 2917 708 2960; x_wconf 87' lang='lat' dir='ltr'>nummos</span> <span class='ocrx_word' id='word_1_199' title='bbox 731 2895 777 2959; x_wconf 92' lang='lat' dir='ltr'>ibi</span> <span class='ocrx_word' id='word_1_200' title='bbox 798 2897 972 2981; x_wconf 86' lang='lat' dir='ltr'>repositos,</span> <span class='ocrx_word' id='word_1_201' title='bbox 999 2901 1036 2962; x_wconf 91' lang='lat' dir='ltr'>ut</span> <span class='ocrx_word' id='word_1_202' title='bbox 1058 2899 1163 2964; x_wconf 88' lang='lat' dir='ltr'>mutui</span> 
     </span>
     <span class='ocr_line' id='line_1_28' title="bbox 151 2976 1163 3071; baseline 0.006 -25"><span class='ocrx_word' id='word_1_203' title='bbox 151 2982 318 3065; x_wconf 88' lang='lat' dir='ltr'>darentur,</span> <span class='ocrx_word' id='word_1_204' title='bbox 353 3003 418 3045; x_wconf 94' lang='lat' dir='ltr'>non</span> <span class='ocrx_word' id='word_1_205' title='bbox 451 2981 536 3046; x_wconf 86' lang='lat' dir='ltr'>esse</span> <span class='ocrx_word' id='word_1_206' title='bbox 552 2976 679 3069; x_wconf 82' lang='lat' dir='ltr'>legatos</span> <span class='ocrx_word' id='word_1_207' title='bbox 711 2981 867 3049; x_wconf 87' lang='lat' dir='ltr'>Proculus</span> <span class='ocrx_word' id='word_1_208' title='bbox 900 2985 960 3070; x_wconf 86' lang='lat' dir='ltr'>ait,</span> <span class='ocrx_word' id='word_1_209' title='bbox 998 2989 1031 3050; x_wconf 91' lang='lat' dir='ltr'>at</span> <span class='ocrx_word' id='word_1_210' title='bbox 1063 2986 1163 3071; x_wconf 88' lang='lat' dir='ltr'>quos¹</span> 
     </span>
     <span class='ocr_line' id='line_1_29' title="bbox 148 3070 1163 3157; baseline 0.006 -23"><span class='ocrx_word' id='word_1_211' title='bbox 148 3070 303 3154; x_wconf 90' lang='lat' dir='ltr'>praesidii</span> <span class='ocrx_word' id='word_1_212' title='bbox 331 3091 428 3134; x_wconf 87' lang='lat' dir='ltr'>causa</span> <span class='ocrx_word' id='word_1_213' title='bbox 454 3071 614 3154; x_wconf 88' lang='lat' dir='ltr'>repositos</span> <span class='ocrx_word' id='word_1_214' title='bbox 631 3071 754 3155; x_wconf 79' lang='lat' dir='ltr'>babet,</span> <span class='ocrx_word' id='word_1_215' title='bbox 782 3075 819 3137; x_wconf 88' lang='lat' dir='ltr'>ut</span> <span class='ocrx_word' id='word_1_216' title='bbox 846 3074 975 3157; x_wconf 85' lang='lat' dir='ltr'>quidam</span> <span class='ocrx_word' id='word_1_217' title='bbox 1001 3075 1095 3140; x_wconf 89' lang='lat' dir='ltr'>bellis</span> <span class='ocrx_word' id='word_1_218' title='bbox 1119 3077 1163 3140; x_wconf 92' lang='lat' dir='ltr'>ci-</span> 
     </span>
     <span class='ocr_line' id='line_1_30' title="bbox 148 3157 1164 3244; baseline 0.007 -21"><span class='ocrx_word' id='word_1_219' title='bbox 148 3157 267 3224; x_wconf 83' lang='lat' dir='ltr'>vilibus</span> <span class='ocrx_word' id='word_1_220' title='bbox 296 3157 511 3242; x_wconf 76' lang='lat' dir='ltr'>lectitassent,</span> <span class='ocrx_word' id='word_1_221' title='bbox 540 3181 594 3224; x_wconf 90' lang='lat' dir='ltr'>eos</span> <span class='ocrx_word' id='word_1_222' title='bbox 622 3159 730 3244; x_wconf 88' lang='lat' dir='ltr'>legato</span> <span class='ocrx_word' id='word_1_223' title='bbox 759 3161 924 3227; x_wconf 82' lang='lat' dir='ltr'>contineri.</span> <span class='ocrx_word' id='word_1_224' title='bbox 973 3168 1006 3228; x_wconf 87' lang='lat' dir='ltr'>et</span> <span class='ocrx_word' id='word_1_225' title='bbox 1034 3164 1164 3230; x_wconf 87' lang='lat' dir='ltr'>audisse</span> 
     </span>
     <span class='ocr_line' id='line_1_31' title="bbox 149 3247 1162 3336; baseline 0.007 -24"><span class='ocrx_word' id='word_1_226' title='bbox 149 3269 183 3312; x_wconf 90' lang='lat' dir='ltr'>se</span> <span class='ocrx_word' id='word_1_227' title='bbox 212 3247 350 3312; x_wconf 86' lang='lat' dir='ltr'>rusticos</span> <span class='ocrx_word' id='word_1_228' title='bbox 379 3268 471 3312; x_wconf 89' lang='lat' dir='ltr'>senes</span> <span class='ocrx_word' id='word_1_229' title='bbox 498 3249 545 3312; x_wconf 88' lang='lat' dir='ltr'>ita</span> <span class='ocrx_word' id='word_1_230' title='bbox 575 3249 718 3314; x_wconf 87' lang='lat' dir='ltr'>dicentes</span> <span class='ocrx_word' id='word_1_231' title='bbox 746 3249 914 3332; x_wconf 89' lang='lat' dir='ltr'>pecuniam</span> <span class='ocrx_word' id='word_1_232' title='bbox 942 3253 1010 3317; x_wconf 89' lang='lat' dir='ltr'>sine</span> <span class='ocrx_word' id='word_1_233' title='bbox 1033 3253 1162 3336; x_wconf 91' lang='lat' dir='ltr'>peculio</span> 
     </span>
    </p>
   </div>
   <div class='ocr_carea' id='block_1_11' title="bbox 148 3335 1163 3508">
    <p class='ocr_par' dir='ltr' id='par_1_11' title="bbox 148 3335 1163 3508">
     <span class='ocr_line' id='line_1_32' title="bbox 149 3335 1163 3427; baseline 0.008 -27"><span class='ocrx_word' id='word_1_234' title='bbox 149 3335 299 3420; x_wconf 86' lang='lat' dir='ltr'>fragilem</span> <span class='ocrx_word' id='word_1_235' title='bbox 332 3356 415 3413; x_wconf 88' lang='lat' dir='ltr'>esse,</span> <span class='ocrx_word' id='word_1_236' title='bbox 451 3337 613 3421; x_wconf 88' lang='lat' dir='ltr'>peculium</span> <span class='ocrx_word' id='word_1_237' title='bbox 645 3337 858 3424; x_wconf 86' lang='lat' dir='ltr'>appellantes,</span> <span class='ocrx_word' id='word_1_238' title='bbox 891 3341 976 3426; x_wconf 90' lang='lat' dir='ltr'>quod</span> <span class='ocrx_word' id='word_1_239' title='bbox 1008 3343 1163 3427; x_wconf 86' lang='lat' dir='ltr'>praesidii</span> 
     </span>
     <span class='ocr_line' id='line_1_33' title="bbox 148 3427 484 3508; baseline 0.003 -20"><span class='ocrx_word' id='word_1_240' title='bbox 148 3446 244 3489; x_wconf 89' lang='lat' dir='ltr'>causa</span> <span class='ocrx_word' id='word_1_241' title='bbox 270 3427 484 3508; x_wconf 87' lang='lat' dir='ltr'>seponeretnr.</span> 
     </span>
    </p>
   </div>
   <div class='ocr_carea' id='block_1_12' title="bbox 220 3561 463 3632">
    <p class='ocr_par' dir='ltr' id='par_1_12' title="bbox 220 3561 463 3632">
     <span class='ocr_line' id='line_1_34' title="bbox 220 3561 463 3632; baseline 0.025 -17"><span class='ocrx_word' id='word_1_242' title='bbox 220 3567 234 3614; x_wconf 92' lang='lat'>1</span> <span class='ocrx_word' id='word_1_243' title='bbox 255 3561 302 3618; x_wconf 71' lang='grc' dir='ltr'>Π.</span> <span class='ocrx_word' id='word_1_244' title='bbox 320 3579 367 3618; x_wconf 84' lang='lat' dir='ltr'>ecs</span> <span class='ocrx_word' id='word_1_245' title='bbox 385 3581 463 3632; x_wconf 84' lang='lat' dir='ltr'>quos.</span> 
     </span>
    </p>
   </div>
   <div class='ocr_carea' id='block_1_13' title="bbox 0 0 1303 3902">
    <p class='ocr_par' dir='ltr' id='par_1_13' title="bbox 0 0 1303 3902">
     <span class='ocr_line' id='line_1_35' title="bbox 0 0 1303 3902; baseline 0 0"><span class='ocrx_word' id='word_1_246' title='bbox 0 0 1303 3902; x_wconf 95' lang='lat' dir='ltr'> </span> 
     </span>
    </p>
   </div>
  </div>
 </body>
</html>
