2614 3912
138 185 205 252 444
240 185 274 242 V.
293 184 443 240 naevia
461 184 508 239 ET
525 183 678 240 samniti
695 183 802 239 ΤΕΜΡ.
820 183 916 240 IURIS
935 181 1114 240 CONSULTI

139 370 234 452 moeso
260 369 480 432 utpomacnum
506 353 562 434 est,
588 349 663 432 quio
692 349 788 413 attero
812 353 934 414 auctore
959 368 1028 413 oum
1055 349 1153 414 attero

139 459 192 522 affl
208 444 342 592 1336.le
357 527 409 610 34,
423 525 453 606 5,
467 527 519 591 22.
555 525 728 591 Iavolenus
746 525 831 590 libro
846 527 958 610 quinto
973 547 1011 590 ex
1026 524 1150 592 Cassio.

139 651 182 663 -
210 615 288 681 (lum
316 616 429 698 putem
454 617 520 700 ittio
547 619 644 680 mater
670 615 837 699 naufrnyto
854 616 957 698 periit.
1012 635 1080 680 oum
1103 636 1152 680 en-

133 705 258 788 purast
284 725 346 770 non
369 706 481 786 possit,
507 709 575 770 uter
595 705 688 786 prior
714 705 879 770 exstinctus
903 706 957 783 sit,
983 704 1154 770 humanius

139 798 185 859 est
205 796 323 859 eredme
344 794 446 877 fitium
467 794 585 858 diutius
606 794 725 858 vixisse.

555 1029 663 1089 Liber
685 1029 738 1090 VI.

229 1152 294 1213 Hoe
321 1152 399 1212 libro
422 1153 459 1212 de
481 1153 573 1212 alieni
595 1153 670 1214 iuris
692 1153 827 1230 personis
850 1153 1010 1214 Iavolenus
1033 1152 1154 1212 videtur

140 1241 247 1320 egisse.
294 1241 369 1301 dixit
396 1245 476 1300 certe
504 1246 534 1300 et
558 1243 593 1302 de
616 1242 716 1318 patria
737 1245 888 1319 potestate
911 1245 942 1302 et
965 1243 1001 1301 de
1024 1240 1152 1320 libertis,

140 1331 185 1392 ita
222 1333 259 1391 ut
289 1330 555 1390 manumissionum
587 1350 698 1410 genera
730 1332 894 1408 explicaret
925 1335 956 1390 et
987 1330 1023 1389 de
1055 1330 1156 1406 operis

140 1419 320 1479 libertorum
346 1418 439 1480 verba
465 1419 586 1479 feneret.
633 1419 668 1479 D.
689 1423 717 1495 2,
739 1422 767 1498 1,
789 1423 822 1496 2,
849 1420 929 1496 quod
950 1420 1154 1497 fragmentum

141 1508 235 1568 Lenel
258 1507 428 1584 suspicetur
450 1509 488 1567 ad
511 1510 602 1584 eaput
622 1509 659 1568 de
678 1527 768 1569 oensu
785 1509 976 1569 manumissis
995 1509 1155 1585 pertinere,

141 1597 242 1672 potius
283 1597 322 1656 ad
361 1596 494 1656 vindicta
534 1598 732 1658 manumissos
773 1599 962 1657 referendum
1002 1600 1056 1658 est.
1117 1596 1154 1657 de

141 1686 239 1745 iustae
272 1688 302 1745 et
334 1685 487 1762 legitimae
519 1685 760 1746 manumissionis
793 1686 952 1762 generibus
979 1686 1155 1746 Iauolenum

141 1774 245 1833 eodem
270 1773 380 1850 ordine,
404 1793 462 1850 quo
485 1773 594 1834 Gaium
616 1775 894 1851 Inst.1,17.138
919 1767 1076 1857 (vindicte
1099 1777 1156 1835 aut

143 1880 232 1922 censu
255 1867 309 1922 aut
331 1855 552 1945 testamento’),
576 1863 699 1941 dixisse,
722 1864 793 1924 lieet
815 1863 994 1924 existimare.

382 2051 432 2118 De
453 2051 503 2117 on
524 2054 579 2134 qni
602 2054 698 2118 atoni·
720 2054 800 2119 imis
822 2053 917 2119 sunt?

485 2182 532 2241 De
549 2185 653 2256 patrio
670 2187 816 2258 potestate.

233 2299 284 2366 23.
312 2299 351 2366 D.
368 2301 396 2384 1,
412 2301 441 2386 7,
457 2301 507 2367 16.
552 2299 723 2366 Iavolenus
747 2302 832 2367 libro
856 2306 946 2367 sexto
970 2324 1007 2367 ex
1032 2283 1158 2368 Cassio.

143 2427 188 2438 -
205 2389 339 2472 Adoptio
361 2391 443 2455 enim
465 2391 501 2455 in
524 2389 572 2455 ees
587 2392 730 2473 personis
754 2391 851 2456 ionum
873 2391 969 2470 tabet,
992 2390 1156 2472 inquibus

144 2480 239 2546 etiem
260 2484 377 2545 natura
392 2483 492 2563 potest
512 2479 627 2544 hobae.

432 2674 482 2741 De
503 2675 640 2740 vindicte
662 2677 869 2742 manatensis.

234 2793 286 2856 24.
316 2791 355 2856 D.
373 2791 403 2874 2,
424 2792 453 2873 1,
471 2791 500 2855 2.
545 2788 716 2855 Iavolenus
744 2790 827 2855 libro
856 2793 947 2854 sexto
971 2811 1010 2854 ex
1033 2787 1157 2854 Cassio.

144 2915 189 2926 —
214 2879 274 2946 Oui
300 2880 472 2946 iurisdictio
494 2880 569 2944 date
591 2883 647 2961 est,
674 2899 710 2944 eo
732 2900 847 2962 quoqne
869 2898 1008 2946 mneessa
1030 2899 1091 2944 esse
1112 2880 1157 2942 ni·

146 2971 264 3053 dentur,
287 2971 353 3034 sine
375 2969 486 3050 quitus
507 2968 678 3033 imisdiotio
701 2969 850 3050 inplicari
871 2989 934 3033 non
951 2970 1062 3050 potnit.

455 3160 505 3227 De
527 3181 617 3227 senso
637 3164 846 3228 manumissis.

235 3275 287 3341 25.
304 3274 344 3340 D.
355 3276 407 3358 50,
424 3277 474 3361 16,
491 3277 562 3342 111.
594 3275 763 3352 Iavolenus
778 3278 860 3344 libro
876 3283 965 3344 sexto
981 3301 1019 3343 ex
1032 3278 1156 3345 (lessio.

144 3402 189 3412 -
213 3362 365 3431 ‘Contere'
395 3370 439 3431 est
467 3367 645 3431 mnstitnere
674 3370 704 3431 et
722 3368 906 3450 praemone.
956 3370 1036 3434 nude
1062 3369 1157 3433 etiam

145 3455 243 3520 diem
268 3455 397 3520 solemus
425 3453 538 3520 ‘censeo
561 3454 616 3520 too
635 3453 748 3536 foetos'
771 3461 799 3521 et
821 3454 926 3522 ‘semet
945 3457 1068 3540 aliquid
1088 3477 1156 3522 oen-

145 3542 263 3609 snisse’.
307 3544 378 3608 inde
400 3546 532 3610 censoris
554 3565 664 3610 nomen
685 3545 805 3610 videtur
827 3565 888 3610 esse
910 3550 1049 3637 mmmm.
