2602 3906
410 256 435 305 6.
459 247 665 304 lAVOLllNUS
683 248 831 304 Pulscus
1055 247 1121 312 485

119 412 217 477 missa
242 411 437 494 stipulatione
462 411 563 476 heredi
588 411 634 476 oet
658 410 791 492 fandum
817 411 863 476 vei
886 411 995 493 quanti
1017 431 1053 475 ea
1073 430 1122 475 res

120 505 166 566 est
193 502 328 566 restituet
357 521 447 582 eoquo
477 520 550 565 casa
575 499 659 564 heres
684 501 725 578 ei,
756 501 807 565 cni
832 520 870 566 ea
895 501 1030 582 sequenti
1055 519 1123 565 con-

120 590 237 655 dicione
258 589 388 672 iepatum
410 589 550 673 debuerit,
572 590 713 654 restituet.

463 746 512 813 De
533 749 780 830 fideicommissis.

119 927 120 930 ,
209 864 258 929 60.
293 861 331 928 D.
351 863 403 945 31,
420 863 472 929 42.
525 861 613 927 Idem
645 859 703 949 (sc.
734 860 918 947 Iavolenus)
950 861 1032 926 libro
1064 883 1123 924 un·

119 952 242 1017 decimo
265 951 496 1035 Epistularum.
522 988 560 999 -
588 949 665 1016 Cum
691 953 732 1030 ei,
759 953 813 1035 qui
835 957 957 1034 partem
979 949 1123 1033 capiebat,

120 1041 252 1123 leuatum
279 1046 365 1124 esset,
391 1045 426 1106 ut
446 1042 504 1106 alii
525 1042 704 1125 restitueret,
725 1042 848 1124 placuit
867 1041 999 1106 solidam
1021 1059 1124 1120 capere

115 1150 212 1213 posse·
415 1216 465 1282 De
487 1219 634 1300 emptione
654 1219 831 1283 venditione.

210 1333 261 1398 61.
285 1331 325 1398 Ι).
338 1333 386 1415 19,
396 1334 425 1416 2,
435 1333 487 1397 21.
523 1332 694 1398 Iavolenus
713 1333 796 1397 libro
811 1331 977 1397 undecimo
991 1330 1123 1415 Epistu-

120 1421 236 1486 larum.
259 1457 301 1467 -·
327 1419 405 1486 Cam
431 1423 586 1488 venderem
610 1421 759 1505 fundam,
785 1423 933 1503 convenit,
959 1426 1008 1505 ut,
1033 1420 1125 1485 donec

117 1511 252 1593 poemia
270 1511 370 1575 omnis
381 1511 611 1593 persolveretur,
629 1516 709 1576 corta
723 1512 853 1576 mercede
866 1514 981 1593 emptor
990 1509 1124 1590 fandum

120 1600 300 1734 condncgum
317 1597 445 1664 habaet.
472 1620 515 1663 an
533 1600 633 1665 solnta
646 1600 778 1680 pecunia
795 1619 906 1664 merces
923 1603 1044 1681 accepta
1056 1598 1126 1680 fieri

120 1687 235 1752 debeat.

211 1774 390 1858 Respondit:
425 1776 504 1840 bona
521 1776 595 1857 sides
614 1776 715 1858 enipit,
737 1781 772 1841 ut
792 1778 873 1859 quod
893 1776 1029 1841 conuenit
1049 1776 1124 1856 fiat·

120 1865 176 1930 sed
195 1884 257 1928 non
278 1865 413 1947 amptius
428 1869 568 1947 praestat
582 1865 611 1930 is
628 1866 785 1948 uenditori,
807 1885 900 1947 paam
911 1865 1126 1948 proportione

120 1954 188 2018 eius
211 1955 363 2035 temporis,
385 1974 444 2035 quc
460 1955 593 2035 pecnnia
614 1959 777 2019 numerata
799 1974 861 2019 non
883 1959 963 2019 esset.

211 2042 263 2106 62.
291 2042 328 2106 D.
345 2041 395 2125 18,
411 2044 439 2124 1,
453 2042 504 2108 65.
553 2041 641 2107 Idem
669 2041 726 2129 (se.
749 2040 931 2128 Iavolenus)
959 2042 1042 2107 libro
1070 2065 1126 2107 uu·

121 2129 246 2195 decimo
264 2129 496 2213 Epistularum.
517 2168 555 2178 -
576 2130 722 2196 Conuenit
738 2131 816 2196 milti
834 2137 938 2215 mcum,
959 2136 995 2197 ut
1012 2135 1125 2196 coum

121 2239 285 2283 numerum
302 2219 474 2302 tepuiorum
491 2219 569 2284 milui
586 2219 675 2285 dares
692 2226 770 2286 certo
782 2222 883 2303 pretio
901 2241 978 2303 quas
1002 2217 1055 2284 lu¹
1075 2220 1125 2301 fo-

121 2328 209 2374 ceres.
249 2313 355 2374 atrurn
377 2310 487 2390 emptio
508 2310 614 2373 sitan
637 2309 766 2374 locatio?

212 2395 394 2478 Respondit:
425 2398 455 2462 si
476 2417 513 2462 en
534 2418 599 2462 mec
623 2396 720 2477 fundo
748 2398 864 2480 apulos
890 2397 945 2462 tut
969 2396 1070 2477 factas
1092 2402 1128 2460 ut

121 2486 229 2551 darem
251 2486 395 2567 conuenit,
417 2486 596 2567 emptionem
613 2491 689 2567 puto
711 2506 780 2569 esse,
802 2507 864 2551 non
886 2486 1125 2562 conductionem

123 2574 231 2639 totiens
252 2575 335 2638 enim
356 2575 510 2639 conductio
534 2574 665 2639 alicuius
686 2577 732 2639 rei
754 2579 804 2657 est,
829 2575 966 2657 quotiens
987 2575 1127 2656 materia,

120 2663 158 2727 in
175 2682 237 2744 pua
255 2663 375 2744 aliquid
386 2667 572 2745 praestatur,
591 2664 625 2726 iu
643 2665 742 2728 eodem
759 2667 842 2728 statu
859 2663 990 2727 eiusderu
1008 2667 1126 2738 manet·

122 2753 260 2833 quotiens
288 2771 355 2816 aero
383 2755 411 2816 et
437 2753 620 2816 immutatur
646 2756 674 2815 et
699 2752 861 2835 alienatur,
892 2751 1001 2834 emptio
1027 2751 1127 2834 mopis

122 2860 218 2922 quam
240 2840 346 2905 locatio
369 2839 501 2923 intellcpi
522 2839 610 2905 debet.

410 2999 460 3065 Dc
484 3000 629 3065 locatione
650 2999 848 3064 conductione.

213 3114 265 3179 63.
300 3112 339 3180 D.
361 3115 414 3200 19,
432 3117 467 3196 2,
485 3114 526 3179 51
538 3137 584 3198 pr.
636 3114 808 3180 Iavolenus
842 3114 926 3178 libro
958 3113 1126 3180 undecimo

121 3201 357 3286 Epistularum.
383 3240 421 3250 —
445 3202 499 3268 Ea
521 3205 581 3287 lepe
600 3203 734 3286 fundum
757 3204 865 3287 locavi,
891 3209 938 3286 ut,
960 3205 989 3268 si
1006 3225 1068 3268 non
1090 3224 1128 3268 en

124 3292 185 3376 iope
212 3292 363 3377 coleretur,
391 3293 522 3357 relocare
548 3314 616 3358 eam
642 3293 720 3358 mitti
747 3294 846 3358 liceret
866 3298 895 3356 et
916 3313 974 3374 quo
997 3293 1127 3358 minoris

124 3381 275 3461 locassem,
293 3380 347 3445 lioo
365 3381 444 3446 mihi
455 3387 673 3464 praestruetur,
690 3402 743 3446 nee
761 3381 905 3463 conuenit,
922 3385 965 3462 at,
981 3382 1011 3445 si
1023 3381 1127 3460 pluris

124 3471 281 3554 locassem
312 3469 367 3535 lioc
398 3471 452 3535 tibi
478 3474 696 3556 praestaretur,
727 3475 755 3534 et
785 3491 853 3534 cum
881 3489 968 3534 nemo
992 3468 1127 3547 fundum

197 3625 209 3672 1
231 3617 277 3674 m.
296 3617 371 3686 quod
389 3619 429 3672 ui
