2614 3912
480 225 511 273 a·
529 220 796 276 r1r1usnmsro
915 200 926 230 ⁸
1077 221 1141 286 377

131 388 236 450 matre
264 388 395 449 mortua
415 383 512 448 liberi
534 383 603 448 eius
625 383 729 450 nihilo
752 385 860 450 minus
884 406 979 450 usum
1001 385 1143 452 fructum

129 474 255 538 habent
285 473 354 538 iure
384 473 602 558 adcrescendi3
631 495 707 537 nam
740 475 773 538 et
800 472 945 539 Iulianus
974 475 1058 539 libro
1086 477 1143 540 tri·

132 563 282 648 gcnsimo
305 562 464 647 <quinto>
487 559 699 647 Digestorum
722 561 768 627 ait
785 560 870 626 idem
890 563 1143 648 intellegendum

16 697 18 740 ,
130 652 168 716 in
197 673 234 716 eo
263 652 318 735 qui
346 652 432 716 solos
458 650 578 716 liberos
605 649 739 716 heredes
767 651 947 735 scripserit,
976 653 1055 719 licet
1076 675 1144 719 nou

131 744 171 805 ut
193 739 370 824 legatarios
389 760 443 805 eos
462 739 687 823 nominaverit,
710 739 765 804 sed
784 743 822 805 ut
839 741 1024 806 ostenderet
1037 743 1143 830 magis

16 841 17 892 l
132 829 217 894 velle
249 850 283 893 se
314 831 451 893 matrem
482 829 530 892 ita
555 827 638 913 -frui,
670 830 706 893 ut
738 828 856 894 liberos
890 851 997 894 secum
1024 831 1144 897 habeut

16 955 17 988 l
131 918 286 982 fruentes.
335 917 391 982 sed
421 922 454 982 et
476 916 674 1002 Pomponius
706 917 841 1001 quaerit:
880 919 957 1003 quid
990 920 1018 984 si
1050 921 1143 984 mixti

16 1007 17 1010 ’
132 1007 256 1072 fuerint
282 1006 376 1071 liberi
403 1009 436 1071 et
458 1006 601 1070 extranei
627 1005 783 1072 heredes?
815 1010 850 1071 et
877 1007 924 1072 ait
946 1007 1032 1073 filios
1056 1009 1144 1094 lega·

16 1149 17 1176 3
131 1094 235 1161 tarius
263 1116 333 1160 esse
360 1095 595 1180 intellegendos
624 1098 658 1160 et
678 1117 737 1179 per
760 1096 968 1179 contrarium,
991 1097 1019 1161 si
1042 1097 1145 1162 voluit

16 1183 17 1264 ff
133 1206 188 1250 ecs
210 1184 330 1249 liberos
352 1185 449 1249 simul
471 1205 545 1250 cum
566 1187 671 1248 mater
692 1183 769 1267 frui,
793 1183 908 1250 debere
927 1184 990 1251 dici
1008 1191 1144 1250 matrem

16 1267 18 1320 l
132 1273 327 1358 legatariam
354 1294 424 1338 esse
450 1272 702 1356 intellegendam
730 1278 762 1338 et
789 1295 847 1359 per
874 1276 984 1340 omnis
1007 1275 1145 1339 similem

134 1384 204 1428 esse
227 1365 261 1426 et
283 1362 319 1426 in
340 1361 402 1427 hoc
425 1383 501 1427 casu
523 1361 605 1426 iuris
628 1366 786 1427 eventum.

86 1489 88 1493 ,
223 1451 267 1516 6⁸.
290 1449 364 1515 Vae
378 1450 417 1515 fr.
432 1451 505 1532 §83
529 1447 617 1538 (Ulp.
628 1448 752 1515 LXVII
771 1450 811 1515 ad
831 1447 905 1516 Sal).
927 1450 963 1516 P.
973 1448 1085 1537 2566).
1103 1487 1142 1498 —

133 1539 211 1606 Non
234 1540 340 1605 solum
359 1589 387 1604 ..
411 1540 439 1604 si
462 1539 587 1604 duobus
611 1538 651 1604 do
678 1539 752 1624 lego
771 1562 847 1605 usus
867 1540 991 1605 fructus
1009 1541 1145 1625 legetur,

135 1629 199 1694 erit
220 1630 271 1694 ius
295 1628 509 1712 adcresceudi,
532 1650 641 1692 verum
661 1626 737 1712 (et)
755 1629 783 1693 si
802 1629 896 1694 alteri
914 1651 993 1694 usus
1010 1629 1145 1713 fructus,

137 1718 231 1782 alteri
252 1718 448 1802 proprietam
470 1738 546 1780 nam
571 1717 740 1782 amittente
758 1739 852 1782 usum
870 1718 1012 1783 fructum
1031 1718 1145 1800 altero,

137 1805 190 1871 cui
217 1810 286 1870 erat
311 1806 455 1891 legatus,
482 1806 588 1890 magis
615 1807 684 1870 iure
713 1805 918 1872 adcrescendi
942 1807 982 1871 ad
1006 1807 1146 1873 alterum

136 1895 280 1980 pertinet
309 1916 406 1980 quam
438 1894 522 1959 redit
553 1893 594 1959 ad
625 1896 868 1979 proprietatem.
919 1917 979 1961 nec
1010 1918 1146 1980 novum3

136 2006 213 2048 nam
231 1989 265 2049 et
283 1985 311 2048 si
330 1983 454 2048 duobus
472 2005 550 2048 usus
569 1983 692 2048 fructus
711 1984 838 2069 legetur
856 1988 889 2049 et
907 1985 991 2070 apud
1008 1986 1147 2050 alterum
1177 2019 1180 2028 ·

137 2074 181 2138 sit
209 2072 441 2152 consolidatus,
468 2073 519 2137 ius
547 2071 1083 2158 adcresccndinonperitneqoe1
1107 2075 1146 2157 ei,

137 2162 222 2245 apud
254 2182 349 2246 quem
382 2161 600 2226 consolidatus
628 2165 691 2245 est,
722 2183 826 2246 neque
854 2163 895 2228 ab
924 2185 975 2247 eo,
1007 2169 1040 2228 et
1066 2164 1146 2248 ipse,

16 2265 17 2298 l
138 2250 255 2336 quibus
283 2249 387 2315 modis
414 2251 578 2315 amitteret
601 2254 675 2314 aute
699 2250 1003 2335 consolidationem,
1030 2252 1146 2317 iisdem

137 2345 170 2404 et
197 2361 283 2405 nunc
310 2339 382 2421 ipso
410 2338 538 2423 quidem
565 2338 636 2404 iura
663 2360 729 2404 non
757 2339 899 2423 amittet,
931 2341 986 2405 sed
1014 2345 1148 2425 praetor

138 2432 266 2494 secutus
294 2427 476 2512 exemplum
503 2425 582 2492 iuris
606 2427 710 2492 civilis
734 2428 848 2492 utilem
873 2431 1033 2494 actionem
1056 2428 1147 2494 dabit

137 2516 326 2584 fructuario.
364 2520 397 2582 et
414 2517 461 2581 ita
479 2516 554 2600 <et>
571 2514 708 2581 Neratio
732 2520 764 2582 et
782 2516 932 2581 Aristoni
954 2516 1146 2584 videtur...

228 2605 273 2672 db.
301 2604 339 2669 D.
356 2607 385 2689 7,
399 2607 430 2692 2,
444 2606 474 2688 3,
488 2605 518 2669 2.
563 2602 722 2689 Ulpianus
749 2604 833 2670 libro
862 2605 999 2690 septimo
1023 2605 1147 2671 decimo

139 2695 179 2760 ud
203 2692 369 2760 Sabinum.
395 2731 433 2742 -
458 2692 534 2760 Non
558 2693 662 2758 solum
678 2742 685 2759 .
700 2744 707 2759 .
723 2693 750 2758 si
772 2694 898 2759 duobus
922 2693 1147 2759 ususfructus

138 2784 279 2869 legetur,
307 2788 357 2848 est
383 2783 432 2848 ius
461 2782 680 2865 adcrescendi,
707 2803 817 2847 verum
844 2786 877 2847 et
900 2783 928 2847 si
951 2783 1047 2847 alteri
1070 2804 1147 2848 usus

138 2871 271 2956 fructus,
293 2872 385 2936 alteri
407 2871 527 2937 fundus
550 2872 679 2956 legatus
703 2874 762 2953 est,
784 2892 861 2935 nam
884 2877 912 2936 et
933 2872 1053 2956 reliqna
1070 2873 1150 2938 meat

139 2981 236 3044 supro
262 2981 356 3043 cepae
382 2962 425 3026 od
448 2963 558 3045 finem:
586 2959 686 3024 isdem
711 2966 745 3026 et
766 2981 850 3024 nunc
873 2961 1017 3046 amittet3
1044 2963 1077 3026 et
1100 2961 1148 3025 ita

140 3054 173 3115 ct
194 3049 331 3116 Neratio
354 3055 388 3114 et
409 3049 555 3116 Aristoni
578 3048 726 3114 videtur.
742 3098 771 3116 ..

231 3139 258 3202 7.
286 3137 326 3204 D.
342 3139 370 3218 7,
385 3139 415 3218 8,
431 3140 482 3219 14,
497 3141 525 3203 1.
570 3136 731 3222 Ulpianus
754 3137 838 3203 libro
862 3137 1000 3221 septimo
1024 3138 1148 3204 decimo

141 3227 181 3293 ad
201 3224 357 3292 Sabinum
382 3224 431 3314 (P.
445 3225 556 3313 2581).
579 3263 623 3274 -
646 3276 654 3293 .
669 3278 676 3291 .
692 3228 720 3292 si
737 3249 799 3292 usu
817 3225 925 3292 fructu
943 3229 1052 3312 legato
1070 3248 1149 3292 usus

141 3316 450 3398 adimatuanristo
475 3316 588 3382 scribit
609 3317 732 3381 nullam
756 3337 825 3381 esse
849 3316 1097 3401 ademptionem.

230 3406 259 3471 8.
287 3403 326 3470 D.
347 3407 375 3488 7,
397 3407 425 3489 1,
444 3407 473 3489 7,
492 3406 522 3471 3.
567 3403 728 3489 Ulpianus
755 3404 840 3469 libro
863 3405 1002 3488 septimo
1026 3405 1149 3470 decimo

213 3604 227 3652 1
249 3597 312 3654 (lod.
331 3613 392 3652 neo.
