2590 3902
161 188 226 253 260
262 187 295 242 V.
314 185 463 241 NERVAE
482 184 528 239 ET
547 183 698 239 TRAIANI
715 183 822 239 TEMP.
840 183 936 238 Iulus
956 182 1134 239 CONSULTI

411 348 465 413 ne
486 347 578 432 aem
600 347 726 412 Aerem
748 345 909 412 aeteae

250 456 280 521 3.
303 453 341 520 D.
357 457 386 535 2,
399 455 431 538 4,
444 455 475 537 4,
489 454 520 519 3.
556 453 716 538 Ulpianus
734 453 818 518 libro
838 453 950 536 quinto
970 452 1009 516 ad
1027 453 1169 518 edictum

162 544 210 633 (P.
225 541 316 630 260).
331 579 373 590 —
387 542 541 608 Parentes
561 542 657 607 etiam
676 563 731 606 eos
751 542 853 625 accipi
867 541 975 606 Labeo
995 542 1169 624 existimat,

162 633 217 720 qui
240 635 274 697 in
293 632 446 696 servitute
466 634 689 715 susceperunt,
713 650 771 694 nec
789 633 899 694 tamen
918 628 1108 717 (tantum‘f),
1131 636 1170 696 ut

162 722 297 788 Severus
321 720 460 802 dicebat,
483 719 524 784 ad
547 718 633 784 solos
655 720 758 784 iustos
781 718 911 783 liberos.

252 816 288 876 cf.
312 813 375 874 Gai.
396 817 424 892 1,
445 815 495 874 39.
528 807 640 873 ‘lastae
673 815 774 871 autem
797 830 903 871 causae
926 812 1170 873 manumissionis

162 909 233 965 sunt
259 903 353 964 veluti
381 903 407 962 si
433 903 499 980 quis
527 903 644 977 patrem
670 903 724 961 aut
745 903 893 960 matrem.
910 896 1170 961 ‚.manumittat'.

551 1077 590 1139 Π.
619 1077 780 1138 ...libri

249 1206 294 1266 De
317 1204 461 1263 librorum
482 1191 587 1262 indole
605 1201 682 1262 certi
703 1201 779 1260 nihil
801 1203 940 1280 cognosci
961 1205 1071 1279 potest.

488 1335 491 1342 ⁵
592 1355 642 1421 Dc
663 1359 737 1422 dote.

255 1468 284 1530 1.
306 1463 346 1528 Ι).
361 1464 391 1549 3,
405 1465 435 1546 3,
449 1464 523 1547 8pr.
560 1462 650 1527 Idem
675 1463 732 1548 (sc.
752 1459 925 1551 Ulpianus)
949 1464 1032 1528 libro
1056 1468 1171 1530 octavo

165 1556 205 1621 ad
238 1554 377 1619 edictum
405 1549 452 1638 (P.
473 1551 561 1636 305).
588 1588 633 1598 —
730 1556 763 1617 et
790 1551 856 1616 filia
883 1551 1023 1617 familias
1051 1554 1173 1636 poterit

165 1645 239 1709 dare
268 1637 466 1724 coprec'tcrerre1
494 1640 533 1704 ad
558 1639 748 1705 iniuriarum
772 1641 956 1706 actionem..
985 1662 1061 1704 nam
1085 1642 1172 1724 quod

166 1731 207 1796 ad
230 1731 314 1796 dotis
337 1729 535 1794 exactionem
559 1733 742 1813 cumpatre
761 1728 1040 1814 dateopnitorem1,
1063 1751 1174 1813 super·

164 1840 299 1884 vacuum
332 1839 402 1882 esse
429 1816 577 1882 Valerius
606 1814 741 1884 Severus
771 1818 896 1896 scribit,
931 1839 1002 1882 cum
1030 1817 1174 1883 sufficiat

163 1911 290 1991 patrem
314 1906 389 1970 dare
413 1927 450 1969 ex
473 1907 558 1972 filiae
582 1906 755 1972 voluntate.

237 2000 251 2047 1
274 1991 348 2047 Trio.
366 1994 582 2061 procuratorem.

398 2134 447 2200 Dc
468 2156 551 2217 aqua
572 2137 738 2201 cottidiana
760 2141 789 2200 et
810 2137 934 2201 bestico

253 2241 283 2306 2.
305 2238 344 2306 D.
358 2241 411 2324 43,
426 2241 477 2321 20,
493 2243 522 2324 1,
536 2243 588 2308 21.
625 2241 782 2326 Ulpianus
805 2241 889 2307 libro
912 2243 1173 2328 septuagensimo

167 2331 207 2396 ad
230 2330 369 2394 edictum
393 2328 441 2411 (P.
458 2326 567 2418 1570).
593 2366 630 2378 -
656 2329 844 2406 Quaesitum
868 2335 926 2416 est,
950 2331 978 2395 si
1001 2331 1073 2416 quis
1096 2337 1173 2398 ante

165 2441 286 2485 aunum
310 2441 426 2507 aquam
449 2419 548 2500 duxit,
572 2418 684 2483 deinde
703 2419 847 2503 sequenti
865 2424 1019 2504 tempore,
1042 2420 1103 2485 hoc
1122 2425 1175 2486 est

165 2510 252 2574 iutra
271 2529 400 2592 annum,
424 2529 506 2592 aqua
524 2506 687 2572 influxerit
705 2507 776 2591 ipsa
794 2507 856 2572 sibi
875 2530 1009 2574 menon
1028 2509 1174 2596 ducente,

166 2621 208 2663 an
235 2599 298 2663 hoc
324 2596 496 2662 interdicto
524 2593 582 2682 (sc.
610 2595 648 2660 de
676 2593 774 2681 aqua)
805 2597 895 2661 locus
923 2598 973 2662 sit.
1014 2601 1046 2661 et
1073 2598 1175 2664 refert

167 2686 303 2752 Severus
326 2684 476 2751 Valerius
500 2689 680 2769 competere
702 2685 732 2750 ei
754 2685 815 2750 hoc
837 2685 1053 2769 interdictum,
1081 2688 1175 2772 quasi

167 2775 293 2840 duxisse
328 2773 488 2860 videatur,
523 2774 600 2838 licet
635 2774 763 2859 penitus
798 2774 1068 2857 prospicientibus
1106 2797 1174 2842 non

167 2863 291 2927 videtur
313 2861 375 2926 iste
399 2863 534 2927 duxisse.

396 3122 436 3203 2.
468 3127 719 3202 FULOINIUS
746 3130 938 3205 PRISCUS

255 3266 328 3324 iuris
356 3271 509 3330 consultus
532 3271 669 3331 Labeone
696 3272 805 3349 minor,
832 3275 955 3335 Neratio
982 3275 1077 3336 maior
1099 3280 1175 3338 natu

169 3354 217 3430 (D.
238 3355 289 3431 31,
309 3355 398 3435 49,1
435 3352 545 3421 ‘Labeo
577 3362 696 3420 refert.
716 3409 737 3442 .,
773 3363 945 3423 Trebatium
976 3364 1176 3442 respondisse,

103 3485 105 3490 -
169 3441 248 3521 quod
263 3489 269 3502 .
285 3487 291 3501 .
305 3442 425 3506 Priscus
440 3447 593 3509 Fulcinius
611 3449 721 3510 falsum
737 3470 802 3512 esse
816 3447 935 3512 aiebat’.
967 3453 1003 3513 D.
1020 3455 1071 3529 39,
1086 3457 1115 3530 6,
1130 3456 1173 3516 43

169 3526 322 3592 ‘Neratius
345 3533 421 3596 libro
445 3537 540 3612 primo
559 3538 787 3616 Responsorum.
819 3532 1010 3624 Fulcinius'),
1031 3543 1176 3604 laudatus
1279 3571 1280 3580 ¹
