2602 3906
181 195 249 258 494
284 193 317 250 V.
337 192 485 248 NERVAE
504 192 550 247 ET
567 191 717 246 TRAIANI
734 191 843 248 ΤΕΜΡ.
860 191 956 247 mals
975 191 1156 248 consumi

394 439 399 452 .
479 381 528 448 De
549 383 698 464 emptione
719 383 895 448 venditione.

272 498 314 562 7?
345 495 385 562 D.
399 498 496 580 41,4,
510 498 539 581 2,
556 497 584 562 6.
635 496 754 561 Paulas
785 497 870 562 libro
902 497 1186 582 quinquagensimo

183 591 299 671 quarto
323 585 364 650 ad
387 585 534 650 edictum.
556 622 600 632 -
623 585 704 650 (lum
728 583 875 650 Stichum
899 588 1057 667 emissem,
1085 585 1188 650 Dama

182 697 241 760 per
263 675 482 760 ignorantiam
506 674 584 738 mihi
603 696 662 759 pro
682 695 719 738 eo
738 674 876 738 traditus
896 680 954 741 est.
996 675 1125 740 Priscus
1143 675 1189 740 ait

183 786 243 828 usu
263 785 313 827 me
333 785 404 827 eum
423 785 490 827 non
508 767 687 847 capturum,
711 765 786 847 quia
804 763 837 827 id
856 764 1104 847 quodemptnm
1122 785 1187 828 non

184 853 241 937 sit,
268 873 327 937 pro
351 858 494 936 emptore
522 853 657 934 usucapi
684 873 748 916 non
776 855 897 936 potest,
931 851 987 918 sed
1015 852 1043 917 si
1070 851 1187 916 fundus

182 944 309 1024 emptus
334 943 377 1005 sit
396 944 429 1005 et
448 941 621 1024 ampliores
639 940 719 1004 fines
738 942 880 1024 possessi
899 941 972 1022 sint,
996 945 1101 1006 totum
1119 961 1188 1006 oso

183 1029 285 1113 capi¹,
313 1030 466 1114 quoniam
489 1029 681 1093 universitas
706 1029 774 1093 eius
797 1031 1011 1113 possideatur,
1035 1051 1099 1094 non
1125 1029 1187 1094 sin-

182 1120 278 1206 gulae
301 1122 419 1201 partes.

345 1277 395 1343 De
416 1277 704 1360 intcwopotaonotas
726 1279 761 1343 ia
783 1279 851 1343 iure
870 1277 1029 1359 faciendis.

272 1395 301 1460 8.
334 1393 373 1458 D.
395 1394 445 1475 ll,
466 1394 493 1475 1,
512 1393 564 1477 20,
585 1394 612 1457 1.
662 1392 781 1457 Paulus
809 1393 892 1458 libro
921 1393 1058 1458 secundo
1087 1391 1188 1466 Quae-

185 1484 326 1549 stionum
347 1519 384 1528 —-
404 1480 443 1546 In
462 1482 530 1545 iure
549 1485 776 1566 interrogatus,
798 1504 839 1546 an
859 1481 993 1547 fundum
1016 1481 1188 1566 possideat,

182 1593 301 1656 quaero
329 1592 371 1635 an
394 1569 586 1654 respondere
610 1571 771 1656 cogendus
795 1569 839 1635 sit
860 1574 893 1634 et
915 1575 1013 1654 quota
1035 1591 1074 1634 ex
1096 1575 1188 1654 parta

182 1660 315 1725 fundum
335 1658 506 1743 possideat.
547 1658 713 1745 respondi:
734 1657 906 1723 Iavolenus
929 1659 1041 1724 scribit
1063 1680 1187 1742 posses·

183 1770 289 1813 sorem
312 1746 403 1812 fundi
429 1749 501 1832 cogi
528 1747 642 1812 debere
668 1747 874 1831 respondere,
902 1750 1001 1832 quota
1029 1769 1068 1811 cx
1094 1751 1188 1832 parte

183 1837 317 1901 fundum
338 1835 515 1920 possideat,
536 1840 574 1901 ut
597 1836 625 1900 si
648 1837 772 1901 minore
795 1843 947 1919 exparte
971 1835 1133 1920 possidere
1154 1857 1188 1902 se

183 1924 282 2009 dicat,
312 1926 345 1989 in
378 1925 475 1989 aliam
508 1928 646 2009 partem,
677 1946 759 2008 quae
790 1946 855 1990 non
888 1924 1123 2009 defenderetur,
1154 1925 1187 1989 in

182 2014 419 2097 possessionem
443 2017 533 2078 actor
556 2013 713 2078 mittatur.

473 2171 523 2236 De
541 2172 667 2254 plaudis
689 2174 897 2256 appellatione.

271 2288 300 2352 9.
336 2285 377 2351 Ι).
399 2287 455 2369 50,
478 2286 680 2371 16,236,1.
738 2286 827 2352 Idem
863 2286 920 2374 (sc.
953 2285 1069 2439 Gaiusg
1104 2287 1188 2352 libro

183 2381 298 2461 quarto
331 2377 370 2442 ad
402 2376 508 2462 legem
541 2375 707 2441 duodecim
738 2377 922 2442 tabularum
956 2413 993 2422 —
1026 2375 1036 2404 ‘
1072 2375 1189 2440 landis'

183 2465 399 2552 appellatione
432 2464 536 2530 omnis
568 2465 692 2530 fructus
725 2465 920 2549 continetur,
951 2468 988 2530 ut
1016 2463 1188 2530 Iavolenus

183 2559 241 2640 ait,
270 2555 416 2638 exemplo
444 2552 559 2618 Graeci
588 2554 758 2638 sermonis,
786 2553 871 2638 apud
898 2575 978 2639 quos
1006 2575 1117 2618 omnes
1141 2575 1190 2618 ar·

182 2644 297 2709 borum
321 2644 442 2728 species
465 2640 634 2729 ἀκρόδρυα
656 2643 870 2728 appellantur.

188 2957 227 3041 7.
256 2965 295 3038 Ρ.
323 2964 583 3039 IUVENTIUS
606 2965 778 3040 CELSUS
803 2964 940 3038 TITUS
965 2962 1189 3037 AUFIDIUS

415 3089 626 3162 HOENIUS
654 3088 954 3164 SEVERIANUS

270 3230 401 3290 Iuventii
410 3230 488 3290 Celsi
502 3225 553 3313 (de
567 3251 626 3308 quo
641 3251 732 3308 supra
744 3253 772 3308 p.
785 3225 862 3315 256)
877 3233 965 3310 filins,
979 3251 1047 3292 cum
1058 3251 1135 3293 anno
1146 3232 1188 3292 95

182 3320 287 3379 contra
321 3319 520 3378 Domitianum
558 3321 788 3397 conspiravisset
824 3315 896 3404 (Dio
927 3319 1008 3381 Cass.
1036 3324 1091 3399 67,
1123 3311 1190 3401 13),

183 3424 238 3466 sua
256 3405 419 3466 calliditate
437 3407 568 3483 periculo
587 3409 731 3470 liberatus
745 3429 823 3470 anno
840 3413 901 3471 106
916 3409 965 3470 vel
980 3413 1043 3470 107
1058 3413 1190 3487 praetor,

253 3561 269 3612 1
289 3557 365 3612 Trita.
383 3557 468 3628 longo
486 3559 610 3630 tempore
629 3559 700 3630 capi.
