2602 3906
418 211 443 261 e.
465 203 672 260 mvouuuas
690 203 838 258 Pmsous
876 164 880 175 ’
1061 202 1126 267 487

121 370 156 437 ,to
180 368 292 451 fecisti,
323 369 403 450 quod
427 369 462 433 iu
489 367 897 449 stipulatione-conuenerat,
925 367 960 431 id
983 371 1028 431 est
1053 387 1130 448 opus

121 458 181 522 alii
204 477 267 522 nou
290 457 406 540 locasti,
429 457 548 522 tametsi
564 459 670 538 postea
694 455 806 521 locasti.
851 476 887 520 ea
909 456 990 520 enim
1014 455 1131 536 losada

121 566 216 628 quam
237 551 355 612 secutus
376 566 421 628 cs,
443 545 569 628 perinde
590 549 642 626 cst,
664 565 700 609 ao
721 545 750 608 si
772 545 951 626 interposita
972 565 1035 610 nou
1057 549 1132 610 esset

120 635 200 700 etsi
221 635 327 700 statim
350 639 383 699 ta
405 654 481 717 opus
501 633 602 715 facere
624 634 774 716 coepisses.

484 809 534 876 De
555 812 775 876 donationibus.

212 927 263 991 66.
283 924 324 992 D.
334 927 385 1004 24,
402 929 430 1009 1,
444 927 497 992 20.
531 925 702 990 Iavolenus
716 926 800 990 libro
814 925 982 990 undecimo
997 925 1129 1008 Epistu-

120 1016 236 1080 larum.
262 1052 299 1062 -
327 1014 547 1098 sincerius,
569 1015 624 1096 qui
645 1015 737 1079 uuori
759 1015 865 1079 mortis
887 1035 981 1080 cansa
998 1015 1132 1079 donatus

89 1096 96 1110 ’
119 1109 177 1188 ost,
200 1105 292 1186 prius
314 1125 408 1187 quam
430 1105 479 1169 uir
501 1105 649 1169 decederet
669 1103 833 1185 stipulatus
855 1108 909 1188 est,
933 1104 967 1169 iu
986 1103 1131 1184 pendenti

115 1197 194 1275 puto
212 1212 274 1258 esse
291 1213 417 1258 causam
436 1192 635 1276 olliputionis,
658 1193 750 1257 donec
766 1193 816 1256 uir
833 1198 890 1256 aut
905 1193 1057 1257 moriatur
1075 1196 1132 1256 uut

120 1281 291 1362 suspicione
306 1283 423 1365 mortis
440 1286 677 1364 propterquam
697 1282 831 1361 donauit,
853 1281 1002 1346 liberetur.
1043 1281 1132 1363 puid-

119 1371 197 1452 quid
213 1375 314 1434 numm
332 1391 436 1435 eorum
453 1371 601 1453 inciderit,
619 1371 700 1451 quod
714 1371 909 1434 donationem
922 1373 978 1434 aut
988 1374 1131 1452 peremat

119 1464 178 1522 aut
203 1459 370 1539 confirmet,
398 1459 433 1524 id
457 1479 573 1541 quoqne
599 1478 725 1523 causam
749 1459 958 1540 stipulationis
980 1462 1035 1522 aut
1056 1478 1128 1523 con-

118 1547 260 1630 firmabit
281 1553 337 1612 aut
358 1548 488 1613 resolvet.
621 1634 638 1682 9

212 1750 264 1814 67.
295 1749 568 1834 D,50,17‚2ou.
622 1750 713 1815 Idem
746 1748 803 1836 (so.
832 1748 1016 1836 Iavolenus)
1048 1751 1132 1815 libro

122 1837 291 1904 undecimo
312 1839 543 1924 Epistularum.
566 1876 603 1886 —
631 1837 739 1905 Omnis
756 1840 892 1921 delinitio
910 1841 945 1904 iu
963 1842 1030 1905 iure
1047 1840 1134 1905 cicili

113 1927 290 2011 periculosa
313 1934 372 2006 est;
401 1929 527 1994 rarum¹
548 1934 593 1994 est
613 1929 707 2007 enim,
730 1933 848 1994 utnon
870 1930 1002 1994 subuerti
1017 1933 1129 2012 posset.

529 2165 637 2224 Liber
658 2163 725 2224 XII.

499 2283 549 2349 De
571 2283 762 2348 testamentis.

68 2475 71 2482 1
211 2397 263 2462 68.
286 2395 324 2462 D.
339 2399 391 2481 28,
405 2398 435 2482 5,
449 2398 501 2463 66.
543 2397 633 2462 Idem
655 2396 712 2484 (sc.
736 2393 923 2483 Iavolenus)
946 2397 1031 2461 libro
1055 2396 1132 2462 duo-

119 2486 245 2550 decimo
265 2485 498 2571 Epistularum.
523 2521 562 2533 -
587 2486 752 2551 Hereditas
769 2487 813 2551 ad
828 2484 967 2550 Statium
986 2485 1132 2550 Primum

117 2575 207 2639 nullo
236 2575 304 2640 iure
325 2577 470 2656 pertinet,
498 2595 567 2640 oum
595 2576 753 2639 institutus
779 2573 863 2639 lieres
889 2594 951 2639 uon
979 2574 1028 2638 sit.
1077 2594 1132 2639 nco

119 2665 283 2746 quicquam
305 2665 482 2747 ciprodest‚
504 2664 584 2746 quod
604 2663 642 2728 ab
664 2684 697 2728 eo
719 2663 841 2745 aliquid
862 2663 993 2746 lepatum
1011 2666 1055 2727 est
1072 2667 1129 2727 aut

120 2753 245 2817 libertus
266 2753 295 2816 ei
316 2753 451 2834 defuncti
474 2756 648 2818 testamento
670 2753 896 2816 commendatus
918 2755 968 2816 est.
1008 2771 1045 2816 cn
1067 2771 1126 2834 quc

118 2842 150 2906 si
172 2842 379 2908 manumissus
401 2863 464 2907 nou
486 2845 542 2920 est,
564 2860 668 2907 scmus
690 2845 743 2904 est.

351 3018 400 3084 De
421 3020 607 3102 adquirendo
630 3039 734 3082 uerum
756 3018 903 3083 dominio.

211 3134 262 3198 69.
281 3132 318 3198 D.
329 3135 381 3214 44,
392 3136 419 3215 l,
430 3134 482 3200 55.
513 3134 682 3202 Iavolenus
697 3134 781 3198 libro
796 3133 984 3199 duodecimo
998 3131 1129 3218 Epistu-

118 3224 234 3288 larum.
264 3259 306 3270 -
334 3221 373 3286 In
401 3224 548 3289 omnibus
576 3223 684 3302 rebus,
712 3244 794 3308 quaa
820 3221 997 3288 dominium
1023 3226 1131 3286 trana-

120 3311 243 3390 fernut,
276 3315 446 3377 concurrat
477 3316 606 3396 oportet
638 3312 770 3377 affectus
803 3333 842 3375 ex
874 3314 1008 3394 utraque
1037 3313 1130 3394 parte

120 3399 393 3484 contrahentium
416 3423 493 3465 nam
516 3401 582 3466 siva
605 3422 643 3464 ea
666 3399 807 3465 venditio
828 3400 893 3464 sive
913 3397 1043 3463 donatio
1062 3397 1130 3460 sive

198 3581 210 3628 1
232 3573 280 3628 Fl.
299 3589 397 3644 parum
416 3575 515 3630 emend.
534 3573 703 3628 Haloauder.
