2614 3912
416 225 441 276 6.
464 219 673 276 IAVOLENUS
691 220 840 278 Pulscus
1064 222 1131 288 405

213 387 348 450 Iauoleni
384 389 560 448 sententiam
598 407 617 448 a
648 389 829 451 Triboniano
861 393 1034 467 corruptam
1065 411 1129 453 assa

13 475 15 480 ’
123 478 270 556 illumque
293 477 330 537 da
352 477 390 537 iis
412 477 521 537 dixisse
542 477 594 553 qui
612 479 793 539 testamenta
809 479 908 539 faeere
926 479 1130 558 prohibentur,

124 567 249 628 Perniee
272 567 379 626 morito
402 567 517 627 oonioit

332 745 379 804 De
395 745 534 820 pluribus
555 745 706 805 heredibus
727 747 921 806 instituendis.

215 855 246 920 3.
268 854 308 920 D.
322 855 375 936 28,
391 854 420 938 1,
434 854 485 920 25.
527 853 697 920 Iavolenus
717 855 800 920 libro
820 854 931 938 quinto
951 852 1131 944 (ipsimet)

126 943 344 1029 posteriorum
363 943 532 1009 Labeonis.
546 979 589 992 -
604 941 643 1010 Si
659 945 696 1026 is,
714 945 768 1026 qui
788 949 999 1010 testamentum
1009 945 1132 1031 fureret,

124 1032 283 1098 heredibus
302 1033 419 1116 primis
444 1034 641 1117 umempotis,
657 1034 844 1115 priusquam
865 1035 1011 1098 semudos
1033 1036 1133 1117 expri-

124 1126 219 1188 meret
239 1121 372 1200 hmedes,
394 1121 596 1203 obmutuisset,
618 1122 717 1204 mapis
739 1123 867 1204 coepisse
888 1143 957 1188 eum
976 1127 1133 1188 testumm-

125 1216 190 1276 tum
214 1210 317 1291 faeere
342 1230 436 1292 quom
455 1211 560 1292 fecisse
587 1209 689 1276 Varus
711 1209 907 1292 Dipestorum
934 1211 1011 1276 libro
1027 1212 1134 1293 primo

37 1374 40 1380 ¹
126 1297 269 1366 Surium
295 1300 483 1383 respondisse
509 1299 647 1381 scripsit3
679 1300 783 1381 itaque
804 1301 927 1382 primos
952 1299 1072 1365 heredes
1098 1320 1134 1364 eu

125 1410 158 1455 eo
185 1393 360 1454 testmneuto
386 1408 448 1452 uorr
473 1388 603 1469 futuros.
648 1387 750 1453 Labeo
778 1393 842 1452 tum
869 1388 925 1454 hoe
945 1408 1051 1454 oerum
1072 1408 1134 1454 esse

127 1478 293 1560 eeistimot,
315 1478 344 1542 si
366 1481 517 1542 eoustoret
536 1477 666 1542 uetuisse
686 1478 790 1559 plures
807 1498 885 1562 eum,
907 1479 962 1559 qui
979 1481 1134 1542 testomm·

125 1571 191 1632 tum
213 1566 340 1649 fem'sset,
362 1565 482 1630 heredes
498 1567 711 1648 pronuntiare.
751 1587 802 1650 epo
824 1587 878 1632 mee
900 1565 1041 1632 Servium
1059 1570 1134 1648 puto

125 1656 216 1722 uliud
235 1656 370 1720 sensisse.

214 1744 258 1809 4?
291 1743 330 1809 D.
349 1744 402 1826 28,
420 1743 452 1827 5,
471 1742 522 1826 17,
540 1742 569 1808 5.
620 1741 778 1827 Ulpianus
809 1743 893 1808 libro
926 1743 1065 1828 septimo
1093 1744 1134 1808 ad

128 1831 293 1899 Sabinum.
322 1869 360 1880 -
391 1831 485 1909 Quod
517 1832 545 1897 si
577 1830 648 1917 quis
680 1832 880 1917 dupundium
909 1832 1076 1897 distribuit
1099 1834 1136 1923 et

126 1921 258 1987 tertium
287 1919 355 1985 sine
378 1924 471 2004 parte
493 1920 649 2000 instituit,
674 1921 728 1986 hie
751 1943 818 1986 non
840 1922 874 1986 in
899 1922 998 1986 alium
1020 1943 1135 2004 assem,

127 2010 184 2076 sed
210 2006 262 2075 in¹
285 2010 437 2074 trientem
460 2010 561 2092 venit,
588 2013 626 2074 ut
648 2009 755 2076 Labeo
779 2013 894 2095 quarto
917 2010 1135 2094 posteriorum

127 2099 271 2185 scripsit,
313 2118 371 2163 nee
403 2097 515 2163 Aristo
547 2098 599 2164 vel
631 2097 734 2164 Aulus
767 2095 990 2187 (Iavolenus‘t)
1023 2105 1135 2184 utpote

127 2188 296 2272 probabile
319 2191 444 2252 notant.

472 2299 519 2359 De
540 2297 804 2372 substituturum,

218 2398 249 2465 5.
278 2398 317 2465 D.
331 2401 383 2480 28,
398 2400 427 2482 6,
442 2400 472 2466 9.
512 2400 620 2466 Labeo
644 2402 728 2467 libro
750 2402 856 2485 primo
880 2402 1093 2485 posteriorum
1109 2397 1136 2464 'a

127 2487 281 2554 Iavoleno
295 2489 556 2574 epitomatorem.
571 2527 613 2536 -
627 2488 665 2555 Si
672 2494 764 2572 poter
776 2490 842 2572 litio
856 2489 1009 2572 impuberi
1021 2491 1136 2554 eosdem

128 2597 203 2660 quos
220 2578 280 2642 sibi
297 2582 326 2642 et
343 2583 370 2643 te
387 2598 485 2643 uuum
496 2583 659 2661 praeterea
675 2578 812 2643 heredem
829 2578 971 2656 instituit,
989 2577 1137 2642 bonorum

127 2667 190 2750 filei
216 2671 244 2732 te
270 2667 447 2754 dimidium,
473 2671 580 2733 eeteros
603 2669 707 2749 putris
728 2666 848 2732 hmedes
870 2667 1069 2731 communiter
1090 2666 1136 2730 di·

127 2755 260 2820 midium
278 2757 324 2820 ito
340 2756 458 2840 habere,
474 2761 510 2822 ut
524 2776 606 2821 uuus
619 2757 710 2821 semis
722 2757 808 2839 opud
820 2759 847 2820 te
860 2759 992 2838 moueat,
1009 2755 1138 2820 aldedus

128 2845 263 2910 semissis
285 2865 345 2927 pro
372 2844 421 2910 his
441 2845 586 2928 portibus
613 2846 692 2910 iuter
718 2843 837 2910 heredes
860 2847 1007 2926 paternos
1028 2843 1137 2909 divisio

128 2934 199 3018 fiet,
225 2933 334 3016 quibus
360 2954 396 2998 eu
416 2934 561 3018 partebus
587 2933 782 3000 hereditatem
799 2939 965 3016 puteruom
986 2933 1136 2998 habereut.

219 3022 249 3088 6.
286 3021 325 3088 D.
349 3022 401 3102 28,
425 3024 454 3104 6,
477 3023 519 3089 39
543 3046 589 3108 pr.
641 3022 810 3088 Iavolenus
843 3022 927 3088 libro
959 3023 1065 3106 primo
1097 3043 1137 3087 ex

129 3110 364 3196 posterioribus
386 3110 555 3176 Labeonis.
580 3149 618 3160 -
645 3110 723 3178 &uu
749 3132 786 3176 ece
809 3111 875 3196 pilio
897 3113 967 3194 quis
989 3112 1065 3177 duos
1086 3133 1137 3177 ue·

122 3205 211 3285 potes
232 3200 400 3282 impuberes
421 3200 556 3280 habebut,
577 3203 630 3268 sed
651 3207 782 3267 atterum
803 3221 908 3266 eorum
930 3202 965 3266 iu
981 3205 1136 3284 potestate,

128 3290 261 3356 aiterum
279 3309 350 3370 riom,
368 3294 397 3354 et
411 3289 497 3356 odiet
509 3294 670 3374 utrumque
683 3312 720 3356 eu
732 3292 837 3374 oeqrris
844 3290 990 3374 partibus
1002 3289 1137 3355 heredem

128 3378 238 3444 hobem
259 3383 295 3457 et,
319 3379 349 3443 si
369 3379 439 3460 quis
461 3399 498 3444 eu
518 3379 568 3445 his
589 3380 725 3462 impubes
746 3379 923 3464 decessisset,
942 3380 986 3444 od
1005 3378 1137 3443 atterum

202 3531 217 3580 1
241 3525 396 3580 Mommsen
419 3525 562 3581 emendat:
586 3525 644 3581 ‘hio
666 3527 697 3580 in
720 3525 806 3581 alium
829 3543 932 3594 assam,
954 3523 1062 3580 scilieet
1083 3522 1135 3591 in’‚

129 3597 206 3668 quod
224 3595 259 3667 H,
276 3605 289 3652 1
304 3615 331 3667 p.
347 3601 397 3652 183
416 3596 643 3666 praetermissum
662 3601 712 3653 est.
