2614 3912
165 210 229 275 396
267 211 301 270 V.
318 209 470 265 NERVAE
490 210 537 265 ΕΤ
556 208 707 266 TRAIANI
726 211 832 266 TEMP.
850 209 947 267 IURIS
967 207 1149 266 CONSULTI

164 379 260 442 civilis
287 379 372 438 libris
399 379 464 456 XV,
493 379 619 455 denique
647 398 683 438 ex
710 379 823 439 Plautii
851 398 938 455 opere
964 377 1122 455 principali
1148 378 1177 436 V

165 487 235 530 suos
271 468 377 546 libros,
414 467 510 526 edidit
544 469 700 545 praeterea
728 469 941 544 'Epistularum
971 467 1063 526 libros
1095 466 1176 526 XIV.

254 557 415 617 Auditoras
448 557 555 617 hahuit
585 560 706 632 praeter
737 558 825 634 alios,
862 557 1040 634 quibuscum
1071 558 1178 632 postea

166 665 283 726 quoqne
306 647 476 706 litterarum
500 647 674 706 commercio
698 647 874 706 coniunctus
897 644 1017 707 videtur
1036 635 1079 725 (v.
1098 644 1178 704 infra

165 737 218 798 ubi
241 737 277 795 de
296 735 503 810 Epistularum
525 734 611 794 libris
630 728 759 814 agetur),
782 734 918 810 inprimis
938 733 1072 794 Salvium
1090 733 1178 794 illum

167 825 333 901 Julianum,
360 824 413 900 qui
439 823 516 882 lihro
540 822 624 882 XLII
651 824 845 901 Digestorum
868 823 903 883 D.
924 824 975 895 40,
993 823 1056 896 2‚5
1090 821 1177 884 Iavo-

165 915 265 974 lenum
287 915 510 990 praeceptorem
535 931 622 972 suum
642 912 715 971 dicit
734 905 934 993 (Iauolenum
951 913 1179 989 praeceptorem

165 994 300 1082 maum').
345 998 413 1061 'Die
441 1001 633 1079 Vermutung
659 1000 735 1079 liegt
761 993 860 1077 nahe',
887 1001 931 1060 ait
959 999 1037 1058 Buhl
1065 1001 1096 1058 in
1123 1001 1177 1061 illo

166 1092 202 1150 de
221 1091 338 1150 Iuliano
361 1091 438 1150 libro
457 1111 486 1167 p.
503 1092 604 1168 19sq,
628 1084 706 1150 ‘dass
725 1091 889 1157 Javolcnus
908 1090 939 1148 in
958 1089 1066 1148 Afriha
1085 1090 1180 1150 selhst

165 1179 308 1240 wahrend
335 1180 414 1238 eines
443 1179 496 1237 der
522 1198 581 1240 von
608 1179 671 1238 ihm
694 1179 763 1240 dort
786 1178 975 1238 behleideten
996 1165 1104 1238 hmher
1127 1179 1181 1238 auf

166 1270 223 1328 den
246 1267 481 1327 Hadrumetiner
503 1267 609 1326 Julian
632 1268 835 1328 aufmorhsam
857 1268 1014 1345 geworden
1038 1267 1089 1326 sei.
1136 1267 1180 1326 Er

165 1359 241 1418 wird
269 1377 306 1417 an
335 1357 402 1416 dem
430 1356 578 1434 begabten
599 1357 713 1433 jungen
736 1357 843 1417 Manne
868 1355 1004 1416 Gelailen
1027 1351 1180 1433 gelandun

165 1447 271 1525 haben,
297 1447 336 1506 da
359 1466 392 1506 er
414 1445 476 1504 sich
501 1445 599 1505 seiner
618 1445 812 1521 juristischsn
834 1444 1026 1522 Ausbildung
1049 1445 1179 1504 annahm

165 1537 228 1596 und
246 1537 300 1594 ihn
318 1534 514 1594 anscheineml
532 1535 618 1594 nicht
636 1555 694 1594 nur
712 1534 852 1595 wthrcnd
870 1534 967 1594 seiner
980 1533 1181 1612 Verwaltung

165 1625 197 1684 in
220 1624 341 1700 Afriha,
369 1623 498 1683 sondern
524 1624 602 1683 auch
628 1623 660 1683 in
685 1623 791 1700 Syrien
815 1626 892 1683 etwa
914 1623 959 1682 als
983 1622 1125 1682 Assessor
1148 1623 1180 1682 in

166 1714 263 1773 seiner
285 1711 369 1771 Nshe
397 1712 510 1772 bchielt
537 1704 687 1794 (Iulianus
716 1713 794 1773 enim
822 1713 877 1771 ait:
906 1706 973 1790 ‘ego
1001 1711 1052 1786 qui
1075 1713 1179 1770 memi-

39 1858 42 1864 .
165 1802 289 1874 nissam,
321 1801 566 1862 Iauolenum...
586 1805 617 1862 et
647 1803 681 1861 in
706 1802 810 1862 Africa
841 1804 872 1860 ct
900 1801 932 1860 in
961 1800 1048 1877 Syria
1076 1819 1179 1861 servos

166 1907 236 1952 suos
255 1889 471 1966 manumisisse,
490 1881 586 1973 cum')
601 1935 608 1950 .
623 1935 631 1950 .
646 1938 652 1951 .
667 1891 705 1949 In
722 1890 833 1952 welche
847 1890 939 1948 lahre
955 1890 1034 1948 disse
1048 1889 1181 1949 naheren

165 1979 372 2056 perstnlichen
395 1979 605 2058 Beziehungen
627 1980 746 2039 Julians
770 2001 805 2038 cu
827 1978 956 2039 Javolen
979 1978 1085 2055 fallen,
1108 1979 1183 2038 laist

167 2067 230 2128 sich
263 2067 448 2128 einstwcilen
479 2068 563 2128 nicht
591 2062 764 2127 ermitteln.’
814 2067 966 2127 Iulianum
993 2068 1182 2143 praeceptori

166 2157 211 2218 ita
229 2157 413 2233 successisse,
436 2159 472 2216 ut
489 2157 568 2216 inter
586 2175 636 2216 eos
655 2156 807 2216 Aburnius
826 2157 937 2216 Valens
956 2156 1072 2215 medius
1092 2159 1181 2233 esset,

168 2265 259 2322 supra
282 2246 423 2322 vidimus,
446 2263 524 2320 quae
547 2245 693 2305 successio
717 2263 776 2322 quo
799 2248 935 2323 tempore
957 2245 1039 2305 facta
1058 2244 1099 2304 sit
1120 2264 1181 2305 non

167 2335 263 2413 magis
295 2337 413 2396 constat
445 2353 535 2410 quam
567 2335 603 2393 de
635 2333 701 2410 ipso
729 2335 864 2394 Abumio
891 2333 1019 2393 Valente
1052 2334 1088 2392 dc
1119 2353 1182 2411 quo

166 2424 242 2483 illud
268 2444 362 2484 unum
389 2425 504 2482 certum
531 2425 590 2502 est,
618 2442 686 2482 eum
713 2423 821 2499 viginti
849 2423 979 2500 quinque
1006 2422 1069 2482 fere
1093 2423 1181 2482 annis

166 2514 284 2573 Iuliano
306 2513 452 2572 minorem
475 2510 568 2572 fuisse
593 2506 687 2591 (Buhl
710 2532 738 2588 p.
755 2505 820 2594 14).
862 2513 941 2589 quod
963 2511 1056 2570 nihilo
1079 2512 1183 2571 minus

167 2608 237 2662 ante
255 2603 409 2661 Iulianum
429 2601 608 2660 Sabinianus
631 2601 751 2661 scholae
773 2601 910 2677 princeps
932 2601 1056 2678 exstitit,
1079 2601 1182 2660 nescio

167 2711 205 2751 an
228 2693 284 2750 hac
307 2708 397 2750 causa
418 2692 534 2750 factum
557 2689 604 2766 sit,
619 2690 707 2774 ¹qimi
730 2690 843 2750 Valens
864 2693 901 2749 ut
923 2691 1012 2749 homo
1036 2689 1182 2749 senatorii

168 2780 279 2842 ordinis
295 2768 674 2860 (clarissimus'iuvenis'),
692 2779 819 2853 Iuliano,
837 2797 1018 2856 quamquam
1032 2777 1182 2838 Hadriani

168 2869 253 2928 iussu
276 2869 407 2928 edictum
431 2871 649 2945 composuerat,
672 2887 740 2927 cum
764 2871 842 2927 esset
865 2868 953 2927 homo
972 2885 1008 2926 ex
1026 2867 1181 2943 provincia

168 2956 324 3034 oriundus,
361 2957 414 3033 qui
448 2976 507 3016 non
543 2961 612 3016 ante
644 2956 790 3015 Hadriani
821 2956 1023 3033 principatum
1053 2956 1181 3016 Romam

167 3045 288 3105 videtur
311 3045 542 3122 transmigrasse
566 3039 660 3126 (Buhl
683 3065 711 3120 p.
728 3037 796 3124 20),
821 3044 1067 3120 anteponebatur.

255 3132 338 3193 Inter
365 3151 427 3211 res,
455 3152 531 3210 quae
558 3133 590 3191 in
612 3132 747 3192 Iauoleni
773 3133 950 3211 fragmentis
978 3133 1182 3211 inveniuntur,

166 3223 223 3281 hae
250 3222 398 3282 notabiles
427 3224 510 3280 sunt:
537 3221 564 3281 is
590 3221 642 3296 qni
670 3221 853 3281 domicilium
876 3225 959 3282 trans
982 3239 1064 3282 mare
1088 3222 1182 3282 habet

167 3301 218 3392 (D.
235 3313 263 3389 5,
280 3314 307 3388 1,
323 3302 389 3393 34),
415 3310 651 3388 archigubernus
675 3313 705 3369 et
728 3310 911 3371 trierarchus
935 3329 971 3369 ex
995 3311 1089 3371 classe
1112 3310 1181 3369 Bri-

167 3400 288 3459 tannica
315 3390 366 3481 (D.
381 3401 433 3478 36,
449 3401 477 3478 1,
492 3390 563 3481 48),
594 3396 794 3460 Callimachus
823 3419 891 3460 cum
919 3419 977 3478 quo
1005 3399 1182 3460 testamenti

166 3489 258 3548 factio
282 3508 342 3549 non
365 3491 412 3548 est
430 3479 481 3571 (D.
497 3490 547 3567 35,
563 3491 590 3567 1,
606 3480 672 3570 55),
691 3488 960 3567 naufragiumque
980 3507 1046 3548 cum
1065 3488 1182 3564 pubere

166 3577 228 3638 filio
261 3581 358 3638 mater
389 3578 481 3655 periit
512 3570 561 3659 (D.
582 3579 633 3655 34,
653 3582 682 3657 5,
702 3571 771 3660 22),
805 3596 875 3640 sves
907 3597 982 3655 quae
1014 3577 1046 3636 in
1072 3577 1182 3638 insulis
