<?xml version="1.0" encoding="UTF-8"?>
<!DOCTYPE html PUBLIC "-//W3C//DTD XHTML 1.0 Transitional//EN"
    "http://www.w3.org/TR/xhtml1/DTD/xhtml1-transitional.dtd">
<html xmlns="http://www.w3.org/1999/xhtml" xml:lang="en" lang="en">
 <head>
  <title>
</title>
<meta http-equiv="Content-Type" content="text/html;charset=utf-8" />
  <meta name='ocr-system' content='tesseract 3.04.00' />
  <meta name='ocr-capabilities' content='ocr_page ocr_carea ocr_par ocr_line ocrx_word'/>
</head>
<body>
  <div class='ocr_page' id='page_1' title='image "./iurisprudentiae03bremgoog_0013.png"; bbox 0 0 2570 3904; ppageno 0'>
   <div class='ocr_carea' id='block_1_1' title="bbox 115 953 1132 1745">
    <p class='ocr_par' dir='ltr' id='par_1_1' title="bbox 115 953 1132 1745">
     <span class='ocr_line' id='line_1_1' title="bbox 204 953 1131 1035; baseline 0.003 -20"><span class='ocrx_word' id='word_1_1' title='bbox 204 956 234 1015; x_wconf 74' lang='lat' dir='ltr'><strong>l</strong></span> <span class='ocrx_word' id='word_1_2' title='bbox 263 955 370 1032; x_wconf 90' lang='lat' dir='ltr'><strong>quinto</strong></span> <span class='ocrx_word' id='word_1_3' title='bbox 399 955 470 1032; x_wconf 84' lang='lat' dir='ltr'><strong>post</strong></span> <span class='ocrx_word' id='word_1_4' title='bbox 499 954 606 1015; x_wconf 90' lang='lat' dir='ltr'><strong>urbem</strong></span> <span class='ocrx_word' id='word_1_5' title='bbox 632 953 784 1015; x_wconf 84' lang='lat' dir='ltr'><strong>eonditum</strong></span> <span class='ocrx_word' id='word_1_6' title='bbox 813 956 931 1016; x_wconf 82' lang='lat' dir='ltr'><strong>saeculo</strong></span> <span class='ocrx_word' id='word_1_7' title='bbox 958 956 1131 1035; x_wconf 75' lang='lat' dir='ltr'>prudentes,</span> 
     </span>
     <span class='ocr_line' id='line_1_2' title="bbox 117 1042 1131 1126; baseline 0.002 -22"><span class='ocrx_word' id='word_1_8' title='bbox 117 1046 170 1124; x_wconf 89' lang='lat' dir='ltr'><strong>qui</strong></span> <span class='ocrx_word' id='word_1_9' title='bbox 187 1044 339 1122; x_wconf 80' lang='lat' dir='ltr'><strong>imperitis</strong></span> <span class='ocrx_word' id='word_1_10' title='bbox 353 1042 391 1104; x_wconf 90' lang='lat' dir='ltr'><strong>de</strong></span> <span class='ocrx_word' id='word_1_11' title='bbox 408 1044 473 1104; x_wconf 82' lang='lat' dir='ltr'><strong>iure</strong></span> <span class='ocrx_word' id='word_1_12' title='bbox 492 1043 715 1104; x_wconf 76' lang='lat' dir='ltr'><strong>consulentibus</strong></span> <span class='ocrx_word' id='word_1_13' title='bbox 732 1062 877 1120; x_wconf 83' lang='lat' dir='ltr'><strong>responsa</strong></span> <span class='ocrx_word' id='word_1_14' title='bbox 895 1045 966 1106; x_wconf 89' lang='lat' dir='ltr'><strong>dare</strong></span> <span class='ocrx_word' id='word_1_15' title='bbox 984 1045 1131 1126; x_wconf 85' lang='lat' dir='ltr'><strong>solebant,</strong></span> 
     </span>
     <span class='ocr_line' id='line_1_3' title="bbox 117 1133 1130 1210; baseline 0 -16"><span class='ocrx_word' id='word_1_16' title='bbox 117 1133 209 1196; x_wconf 88' lang='lat' dir='ltr'><strong>iidem</strong></span> <span class='ocrx_word' id='word_1_17' title='bbox 224 1152 276 1194; x_wconf 86' lang='lat' dir='ltr'><strong>eos</strong></span> <span class='ocrx_word' id='word_1_18' title='bbox 289 1133 384 1193; x_wconf 88' lang='lat' dir='ltr'><strong>libros</strong></span> <span class='ocrx_word' id='word_1_19' title='bbox 402 1133 509 1210; x_wconf 90' lang='lat' dir='ltr'><strong>quibus</strong></span> <span class='ocrx_word' id='word_1_20' title='bbox 528 1135 582 1192; x_wconf 85' lang='lat' dir='ltr'><strong>aut</strong></span> <span class='ocrx_word' id='word_1_21' title='bbox 600 1133 688 1194; x_wconf 82' lang='lat' dir='ltr'><strong>oivile</strong></span> <span class='ocrx_word' id='word_1_22' title='bbox 702 1135 757 1194; x_wconf 89' lang='lat' dir='ltr'><strong>aut</strong></span> <span class='ocrx_word' id='word_1_23' title='bbox 769 1133 963 1194; x_wconf 85' lang='lat' dir='ltr'><strong>honorarium</strong></span> <span class='ocrx_word' id='word_1_24' title='bbox 976 1135 1024 1196; x_wconf 87' lang='lat' dir='ltr'><strong>ius</strong></span> <span class='ocrx_word' id='word_1_25' title='bbox 1037 1136 1130 1196; x_wconf 88' lang='lat' dir='ltr'><strong>inter-</strong></span> 
     </span>
     <span class='ocr_line' id='line_1_4' title="bbox 117 1222 1129 1301; baseline 0.003 -19"><span class='ocrx_word' id='word_1_26' title='bbox 117 1223 321 1300; x_wconf 87' lang='lat' dir='ltr'><strong>pretarentur,</strong></span> <span class='ocrx_word' id='word_1_27' title='bbox 344 1240 519 1300; x_wconf 85' lang='lat' dir='ltr'><strong>oomponere</strong></span> <span class='ocrx_word' id='word_1_28' title='bbox 541 1225 711 1298; x_wconf 88' lang='lat' dir='ltr'><strong>eoeperunt‚</strong></span> <span class='ocrx_word' id='word_1_29' title='bbox 729 1241 785 1282; x_wconf 91' lang='lat' dir='ltr'><strong>neo</strong></span> <span class='ocrx_word' id='word_1_30' title='bbox 803 1222 962 1282; x_wconf 79' lang='lat' dir='ltr'><strong>defuerunt</strong></span> <span class='ocrx_word' id='word_1_31' title='bbox 980 1224 1032 1301; x_wconf 90' lang='lat' dir='ltr'><strong>qui</strong></span> <span class='ocrx_word' id='word_1_32' title='bbox 1049 1225 1129 1301; x_wconf 86' lang='lat' dir='ltr'><strong>prio·</strong></span> 
     </span>
     <span class='ocr_line' id='line_1_5' title="bbox 117 1310 1131 1389; baseline 0.001 -17"><span class='ocrx_word' id='word_1_33' title='bbox 117 1331 187 1372; x_wconf 87' lang='lat' dir='ltr'><strong>rum</strong></span> <span class='ocrx_word' id='word_1_34' title='bbox 205 1311 399 1388; x_wconf 85' lang='lat' dir='ltr'><strong>prudentium</strong></span> <span class='ocrx_word' id='word_1_35' title='bbox 415 1310 541 1370; x_wconf 78' lang='lat' dir='ltr'><strong>tonsilia</strong></span> <span class='ocrx_word' id='word_1_36' title='bbox 558 1311 735 1388; x_wconf 72' lang='lat' dir='ltr'><strong>colligerent</strong></span> <span class='ocrx_word' id='word_1_37' title='bbox 752 1312 937 1387; x_wconf 87' lang='lat' dir='ltr'><strong>eolleotaque</strong></span> <span class='ocrx_word' id='word_1_38' title='bbox 951 1311 1131 1389; x_wconf 71' lang='lat' dir='ltr'><strong>digererent.</strong></span> 
     </span>
     <span class='ocr_line' id='line_1_6' title="bbox 117 1399 1130 1478; baseline -0.001 -17"><span class='ocrx_word' id='word_1_39' title='bbox 117 1418 153 1461; x_wconf 85' lang='lat' dir='ltr'><strong>ex</strong></span> <span class='ocrx_word' id='word_1_40' title='bbox 171 1399 296 1460; x_wconf 82' lang='lat' dir='ltr'><strong>Traiani</strong></span> <span class='ocrx_word' id='word_1_41' title='bbox 318 1402 422 1460; x_wconf 85' lang='lat' dir='ltr'><strong>autem</strong></span> <span class='ocrx_word' id='word_1_42' title='bbox 444 1402 544 1460; x_wconf 83' lang='lat' dir='ltr'><strong>aetate</strong></span> <span class='ocrx_word' id='word_1_43' title='bbox 567 1402 598 1465; x_wconf 85' lang='lat' dir='ltr'><strong>et</strong></span> <span class='ocrx_word' id='word_1_44' title='bbox 620 1401 659 1460; x_wconf 83' lang='lat' dir='ltr'><strong>ed</strong></span> <span class='ocrx_word' id='word_1_45' title='bbox 677 1400 855 1478; x_wconf 85' lang='lat' dir='ltr'><strong>prinoipelia</strong></span> <span class='ocrx_word' id='word_1_46' title='bbox 876 1403 1014 1460; x_wconf 87' lang='lat' dir='ltr'><strong>veterum</strong></span> <span class='ocrx_word' id='word_1_47' title='bbox 1032 1418 1130 1476; x_wconf 82' lang='lat' dir='ltr'><strong>opere,</strong></span> 
     </span>
     <span class='ocr_line' id='line_1_7' title="bbox 115 1487 1131 1568; baseline 0 -18"><span class='ocrx_word' id='word_1_48' title='bbox 115 1489 265 1566; x_wconf 89' lang='lat' dir='ltr'><strong>imprimis</strong></span> <span class='ocrx_word' id='word_1_49' title='bbox 288 1487 323 1560; x_wconf 78' lang='lat' dir='ltr'><strong>Q.</strong></span> <span class='ocrx_word' id='word_1_50' title='bbox 345 1488 438 1549; x_wconf 78' lang='lat' dir='ltr'><strong>Mucii</strong></span> <span class='ocrx_word' id='word_1_51' title='bbox 465 1491 497 1548; x_wconf 90' lang='lat' dir='ltr'><strong>et</strong></span> <span class='ocrx_word' id='word_1_52' title='bbox 518 1489 645 1549; x_wconf 85' lang='lat' dir='ltr'><strong>Masurii</strong></span> <span class='ocrx_word' id='word_1_53' title='bbox 668 1488 772 1550; x_wconf 82' lang='lat' dir='ltr'><strong>Sabini</strong></span> <span class='ocrx_word' id='word_1_54' title='bbox 798 1488 873 1549; x_wconf 89' lang='lat' dir='ltr'><strong>iuris</strong></span> <span class='ocrx_word' id='word_1_55' title='bbox 900 1488 999 1550; x_wconf 86' lang='lat' dir='ltr'><strong>oivilis</strong></span> <span class='ocrx_word' id='word_1_56' title='bbox 1027 1489 1131 1568; x_wconf 88' lang='lat' dir='ltr'><strong>libros,</strong></span> 
     </span>
     <span class='ocr_line' id='line_1_8' title="bbox 117 1577 1132 1656; baseline 0.002 -19"><span class='ocrx_word' id='word_1_57' title='bbox 117 1577 323 1638; x_wconf 85' lang='lat' dir='ltr'><strong>commentarii</strong></span> <span class='ocrx_word' id='word_1_58' title='bbox 351 1579 618 1656; x_wconf 77' lang='lat' dir='ltr'><strong>componebantur,</strong></span> <span class='ocrx_word' id='word_1_59' title='bbox 643 1580 675 1638; x_wconf 92' lang='lat' dir='ltr'><strong>et</strong></span> <span class='ocrx_word' id='word_1_60' title='bbox 697 1578 751 1638; x_wconf 85' lang='lat' dir='ltr'><strong>alii</strong></span> <span class='ocrx_word' id='word_1_61' title='bbox 771 1579 906 1655; x_wconf 90' lang='lat' dir='ltr'><strong>priorum</strong></span> <span class='ocrx_word' id='word_1_62' title='bbox 928 1578 1012 1656; x_wconf 87' lang='lat' dir='ltr'><strong>libri,</strong></span> <span class='ocrx_word' id='word_1_63' title='bbox 1035 1579 1132 1639; x_wconf 86' lang='lat' dir='ltr'><strong>veluti</strong></span> 
     </span>
     <span class='ocr_line' id='line_1_9' title="bbox 116 1664 1132 1745; baseline 0.001 -19"><span class='ocrx_word' id='word_1_64' title='bbox 116 1664 267 1727; x_wconf 74' lang='lat' dir='ltr'><strong>Labeonis</strong></span> <span class='ocrx_word' id='word_1_65' title='bbox 285 1667 476 1743; x_wconf 79' lang='lat' dir='ltr'><strong>posteriores,</strong></span> <span class='ocrx_word' id='word_1_66' title='bbox 489 1667 521 1726; x_wconf 91' lang='lat' dir='ltr'><strong>in</strong></span> <span class='ocrx_word' id='word_1_67' title='bbox 534 1666 681 1744; x_wconf 85' lang='lat' dir='ltr'><strong>epitomas</strong></span> <span class='ocrx_word' id='word_1_68' title='bbox 700 1667 923 1745; x_wconf 76' lang='lat' dir='ltr'><strong>redigebantur,</strong></span> <span class='ocrx_word' id='word_1_69' title='bbox 941 1686 1000 1744; x_wconf 90' lang='lat' dir='ltr'><strong>quo</strong></span> <span class='ocrx_word' id='word_1_70' title='bbox 1016 1667 1132 1728; x_wconf 83' lang='lat' dir='ltr'><strong>foetum</strong></span> 
     </span>
    </p>
   </div>
   <div class='ocr_carea' id='block_1_2' title="bbox 16 1755 1131 1834">
    <p class='ocr_par' dir='ltr' id='par_1_2' title="bbox 16 1755 1131 1834">
     <span class='ocr_line' id='line_1_10' title="bbox 16 1755 1131 1834; baseline 0.004 -20"><span class='ocrx_word' id='word_1_71' title='bbox 16 1769 17 1776; x_wconf 53' lang='lat'>¹</span> <span class='ocrx_word' id='word_1_72' title='bbox 117 1757 180 1834; x_wconf 87' lang='lat' dir='ltr'><strong>est,</strong></span> <span class='ocrx_word' id='word_1_73' title='bbox 209 1758 245 1815; x_wconf 92' lang='lat' dir='ltr'><strong>ut</strong></span> <span class='ocrx_word' id='word_1_74' title='bbox 270 1755 341 1815; x_wconf 89' lang='lat' dir='ltr'><strong>libri</strong></span> <span class='ocrx_word' id='word_1_75' title='bbox 367 1755 414 1814; x_wconf 90' lang='lat' dir='ltr'><strong>illi</strong></span> <span class='ocrx_word' id='word_1_76' title='bbox 442 1756 636 1816; x_wconf 78' lang='lat' dir='ltr'><strong>commentati</strong></span> <span class='ocrx_word' id='word_1_77' title='bbox 664 1757 712 1818; x_wconf 85' lang='lat' dir='ltr'><strong>vel</strong></span> <span class='ocrx_word' id='word_1_78' title='bbox 744 1755 902 1833; x_wconf 86' lang='lat' dir='ltr'><strong>epitomati</strong></span> <span class='ocrx_word' id='word_1_79' title='bbox 928 1755 960 1816; x_wconf 93' lang='lat' dir='ltr'><strong>in</strong></span> <span class='ocrx_word' id='word_1_80' title='bbox 984 1775 1044 1816; x_wconf 90' lang='lat' dir='ltr'><strong>usu</strong></span> <span class='ocrx_word' id='word_1_81' title='bbox 1065 1775 1131 1818; x_wconf 88' lang='lat' dir='ltr'><strong>esse</strong></span> 
     </span>
    </p>
   </div>
   <div class='ocr_carea' id='block_1_3' title="bbox 116 1843 1131 2012">
    <p class='ocr_par' dir='ltr' id='par_1_3' title="bbox 116 1843 1131 2012">
     <span class='ocr_line' id='line_1_11' title="bbox 116 1843 1131 1922; baseline 0.002 -18"><span class='ocrx_word' id='word_1_82' title='bbox 116 1845 180 1904; x_wconf 88' lang='lat' dir='ltr'><strong>fere</strong></span> <span class='ocrx_word' id='word_1_83' title='bbox 204 1843 384 1904; x_wconf 69' lang='lat' dir='ltr'><strong>dennerent.</strong></span> <span class='ocrx_word' id='word_1_84' title='bbox 420 1843 548 1922; x_wconf 90' lang='lat' dir='ltr'><strong>denique</strong></span> <span class='ocrx_word' id='word_1_85' title='bbox 569 1844 734 1922; x_wconf 88' lang='lat' dir='ltr'><strong>imperator</strong></span> <span class='ocrx_word' id='word_1_86' title='bbox 751 1844 939 1906; x_wconf 89' lang='lat' dir='ltr'><strong>Iustinianus</strong></span> <span class='ocrx_word' id='word_1_87' title='bbox 961 1863 1030 1906; x_wconf 85' lang='lat' dir='ltr'><strong>eum</strong></span> <span class='ocrx_word' id='word_1_88' title='bbox 1053 1864 1131 1908; x_wconf 85' lang='lat' dir='ltr'><strong>nova</strong></span> 
     </span>
     <span class='ocr_line' id='line_1_12' title="bbox 116 1932 1131 2012; baseline 0.003 -20"><span class='ocrx_word' id='word_1_89' title='bbox 116 1932 246 2010; x_wconf 87' lang='lat' dir='ltr'><strong>Digesta</strong></span> <span class='ocrx_word' id='word_1_90' title='bbox 272 1951 448 2010; x_wconf 87' lang='lat' dir='ltr'><strong>oomponere</strong></span> <span class='ocrx_word' id='word_1_91' title='bbox 476 1933 648 2012; x_wconf 72' lang='lat' dir='ltr'><strong>statuisset,</strong></span> <span class='ocrx_word' id='word_1_92' title='bbox 678 1933 859 1995; x_wconf 82' lang='lat' dir='ltr'><strong>Tribonisno</strong></span> <span class='ocrx_word' id='word_1_93' title='bbox 883 1934 1035 2011; x_wconf 73' lang='lat' dir='ltr'><strong>quaestori</strong></span> <span class='ocrx_word' id='word_1_94' title='bbox 1056 1934 1131 1995; x_wconf 86' lang='lat' dir='ltr'><strong>haee</strong></span> 
     </span>
    </p>
   </div>
   <div class='ocr_carea' id='block_1_4' title="bbox 115 2015 1131 2188">
    <p class='ocr_par' dir='ltr' id='par_1_4' title="bbox 115 2015 1131 2188">
     <span class='ocr_line' id='line_1_13' title="bbox 115 2015 1131 2106; baseline 0.001 -24"><span class='ocrx_word' id='word_1_95' title='bbox 115 2021 274 2083; x_wconf 82' lang='lat' dir='ltr'><strong>mandarit</strong></span> <span class='ocrx_word' id='word_1_96' title='bbox 301 2015 391 2100; x_wconf 72' lang='lat' dir='ltr'><strong>(‘Deo</strong></span> <span class='ocrx_word' id='word_1_97' title='bbox 419 2016 552 2082; x_wconf 87' lang='lat' dir='ltr'><strong>auotore&#39;</strong></span> <span class='ocrx_word' id='word_1_98' title='bbox 580 2041 606 2082; x_wconf 80' lang='lat' dir='ltr'><strong>a</strong></span> <span class='ocrx_word' id='word_1_99' title='bbox 632 2024 697 2084; x_wconf 79' lang='grc'><strong>630</strong></span> <span class='ocrx_word' id='word_1_100' title='bbox 723 2022 794 2084; x_wconf 89' lang='lat' dir='ltr'><strong>Deo.</strong></span> <span class='ocrx_word' id='word_1_101' title='bbox 820 2015 890 2106; x_wconf 81' lang='lat'>15):</span> <span class='ocrx_word' id='word_1_102' title='bbox 917 2017 1072 2083; x_wconf 84' lang='lat' dir='ltr'><strong>‘Iubemue</strong></span> <span class='ocrx_word' id='word_1_103' title='bbox 1096 2067 1131 2085; x_wconf 92' lang='lat'><strong>..</strong></span> 
     </span>
     <span class='ocr_line' id='line_1_14' title="bbox 116 2109 1131 2188; baseline 0.001 -17"><span class='ocrx_word' id='word_1_104' title='bbox 116 2111 202 2172; x_wconf 82' lang='lat' dir='ltr'><strong>robis</strong></span> <span class='ocrx_word' id='word_1_105' title='bbox 233 2110 427 2188; x_wconf 82' lang='lat' dir='ltr'><strong>antiquorum</strong></span> <span class='ocrx_word' id='word_1_106' title='bbox 457 2109 651 2187; x_wconf 86' lang='lat' dir='ltr'><strong>prudentium</strong></span> <span class='ocrx_word' id='word_1_107' title='bbox 674 2157 681 2171; x_wconf 93' lang='lat'><strong>.</strong></span> <span class='ocrx_word' id='word_1_108' title='bbox 701 2157 708 2172; x_wconf 90' lang='lat'><strong>.</strong></span> <span class='ocrx_word' id='word_1_109' title='bbox 727 2157 735 2172; x_wconf 90' lang='lat'><strong>.</strong></span> <span class='ocrx_word' id='word_1_110' title='bbox 757 2112 851 2173; x_wconf 91' lang='lat' dir='ltr'><strong>libros</strong></span> <span class='ocrx_word' id='word_1_111' title='bbox 877 2111 916 2172; x_wconf 88' lang='lat' dir='ltr'><strong>ed</strong></span> <span class='ocrx_word' id='word_1_112' title='bbox 942 2113 991 2172; x_wconf 88' lang='lat' dir='ltr'><strong>ius</strong></span> <span class='ocrx_word' id='word_1_113' title='bbox 1020 2113 1131 2172; x_wconf 86' lang='lat' dir='ltr'><strong>Roma-</strong></span> 
     </span>
    </p>
   </div>
   <div class='ocr_carea' id='block_1_5' title="bbox 14 2199 1131 2372">
    <p class='ocr_par' dir='ltr' id='par_1_5' title="bbox 14 2199 1131 2372">
     <span class='ocr_line' id='line_1_15' title="bbox 14 2199 1131 2280; baseline 0.002 -20"><span class='ocrx_word' id='word_1_114' title='bbox 14 2239 15 2268; x_wconf 55' lang='lat'><strong>,</strong></span> <span class='ocrx_word' id='word_1_115' title='bbox 116 2219 190 2260; x_wconf 88' lang='lat' dir='ltr'><strong>uum</strong></span> <span class='ocrx_word' id='word_1_116' title='bbox 216 2199 402 2276; x_wconf 87' lang='lat' dir='ltr'><strong>pertinentes</strong></span> <span class='ocrx_word' id='word_1_117' title='bbox 430 2202 461 2260; x_wconf 91' lang='lat' dir='ltr'><strong>et</strong></span> <span class='ocrx_word' id='word_1_118' title='bbox 490 2200 591 2278; x_wconf 89' lang='lat' dir='ltr'><strong>legere</strong></span> <span class='ocrx_word' id='word_1_119' title='bbox 618 2203 650 2260; x_wconf 90' lang='lat' dir='ltr'><strong>et</strong></span> <span class='ocrx_word' id='word_1_120' title='bbox 677 2200 808 2280; x_wconf 87' lang='lat' dir='ltr'><strong>elimare,</strong></span> <span class='ocrx_word' id='word_1_121' title='bbox 834 2204 871 2262; x_wconf 93' lang='lat' dir='ltr'><strong>ut</strong></span> <span class='ocrx_word' id='word_1_122' title='bbox 897 2219 934 2260; x_wconf 85' lang='lat' dir='ltr'><strong>ex</strong></span> <span class='ocrx_word' id='word_1_123' title='bbox 959 2201 1006 2260; x_wconf 90' lang='lat' dir='ltr'><strong>bis</strong></span> <span class='ocrx_word' id='word_1_124' title='bbox 1035 2201 1131 2262; x_wconf 88' lang='lat' dir='ltr'><strong>omnis</strong></span> 
     </span>
     <span class='ocr_line' id='line_1_16' title="bbox 14 2279 1130 2372; baseline 0.002 -24"><span class='ocrx_word' id='word_1_125' title='bbox 14 2321 15 2356; x_wconf 58' lang='lat' dir='ltr'>ss</span> <span class='ocrx_word' id='word_1_126' title='bbox 116 2289 246 2349; x_wconf 83' lang='lat' dir='ltr'><strong>materia</strong></span> <span class='ocrx_word' id='word_1_127' title='bbox 273 2288 447 2366; x_wconf 80' lang='lat' dir='ltr'><strong>telligatur,</strong></span> <span class='ocrx_word' id='word_1_128' title='bbox 476 2289 562 2349; x_wconf 87' lang='lat' dir='ltr'><strong>nulla</strong></span> <span class='ocrx_word' id='word_1_129' title='bbox 587 2279 766 2370; x_wconf 85' lang='lat' dir='ltr'><strong>(seeundum</strong></span> <span class='ocrx_word' id='word_1_130' title='bbox 792 2290 873 2368; x_wconf 90' lang='lat' dir='ltr'><strong>quod</strong></span> <span class='ocrx_word' id='word_1_131' title='bbox 898 2289 1042 2367; x_wconf 88' lang='lat' dir='ltr'><strong>possibile</strong></span> <span class='ocrx_word' id='word_1_132' title='bbox 1070 2283 1130 2372; x_wconf 85' lang='lat' dir='ltr'><strong>est)</strong></span> 
     </span>
    </p>
   </div>
   <div class='ocr_carea' id='block_1_6' title="bbox 114 2376 1132 3346">
    <p class='ocr_par' dir='ltr' id='par_1_6' title="bbox 114 2376 1132 3346">
     <span class='ocr_line' id='line_1_17' title="bbox 116 2376 1132 2455; baseline 0.001 -18"><span class='ocrx_word' id='word_1_133' title='bbox 116 2395 213 2454; x_wconf 86' lang='lat' dir='ltr'><strong>neque</strong></span> <span class='ocrx_word' id='word_1_134' title='bbox 241 2376 438 2438; x_wconf 86' lang='lat' dir='ltr'><strong>similitudine</strong></span> <span class='ocrx_word' id='word_1_135' title='bbox 466 2395 564 2455; x_wconf 92' lang='lat' dir='ltr'><strong>neque</strong></span> <span class='ocrx_word' id='word_1_136' title='bbox 594 2378 742 2439; x_wconf 84' lang='lat' dir='ltr'><strong>disoordis</strong></span> <span class='ocrx_word' id='word_1_137' title='bbox 769 2379 996 2440; x_wconf 75' lang='lat' dir='ltr'><strong>derelicta...</strong></span> <span class='ocrx_word' id='word_1_138' title='bbox 1020 2377 1074 2438; x_wconf 89' lang='lat' dir='ltr'><strong>sed</strong></span> <span class='ocrx_word' id='word_1_139' title='bbox 1100 2382 1132 2439; x_wconf 89' lang='lat' dir='ltr'><strong>et</strong></span> 
     </span>
     <span class='ocr_line' id='line_1_18' title="bbox 115 2465 1130 2546; baseline 0 -20"><span class='ocrx_word' id='word_1_140' title='bbox 115 2467 174 2527; x_wconf 87' lang='lat' dir='ltr'><strong>boo</strong></span> <span class='ocrx_word' id='word_1_141' title='bbox 197 2465 367 2526; x_wconf 88' lang='lat' dir='ltr'><strong>studiosum</strong></span> <span class='ocrx_word' id='word_1_142' title='bbox 388 2466 475 2527; x_wconf 86' lang='lat' dir='ltr'><strong>vobis</strong></span> <span class='ocrx_word' id='word_1_143' title='bbox 498 2485 563 2526; x_wconf 90' lang='lat' dir='ltr'><strong>esse</strong></span> <span class='ocrx_word' id='word_1_144' title='bbox 585 2468 734 2542; x_wconf 86' lang='lat' dir='ltr'><strong>volumus,</strong></span> <span class='ocrx_word' id='word_1_145' title='bbox 756 2472 802 2546; x_wconf 91' lang='lat' dir='ltr'><strong>ut,</strong></span> <span class='ocrx_word' id='word_1_146' title='bbox 826 2468 852 2528; x_wconf 89' lang='lat' dir='ltr'><strong>si</strong></span> <span class='ocrx_word' id='word_1_147' title='bbox 875 2467 949 2546; x_wconf 90' lang='lat' dir='ltr'><strong>quid</strong></span> <span class='ocrx_word' id='word_1_148' title='bbox 970 2467 1003 2527; x_wconf 88' lang='lat' dir='ltr'><strong>in</strong></span> <span class='ocrx_word' id='word_1_149' title='bbox 1020 2467 1130 2528; x_wconf 87' lang='lat' dir='ltr'><strong>veteri·</strong></span> 
     </span>
     <span class='ocr_line' id='line_1_19' title="bbox 115 2553 1129 2634; baseline -0.003 -19"><span class='ocrx_word' id='word_1_150' title='bbox 115 2555 173 2616; x_wconf 89' lang='lat' dir='ltr'><strong>bue</strong></span> <span class='ocrx_word' id='word_1_151' title='bbox 195 2573 257 2615; x_wconf 92' lang='lat' dir='ltr'><strong>non</strong></span> <span class='ocrx_word' id='word_1_152' title='bbox 279 2553 355 2614; x_wconf 94' lang='lat' dir='ltr'><strong>bene</strong></span> <span class='ocrx_word' id='word_1_153' title='bbox 377 2554 510 2631; x_wconf 89' lang='lat' dir='ltr'><strong>positum</strong></span> <span class='ocrx_word' id='word_1_154' title='bbox 531 2555 617 2616; x_wconf 88' lang='lat' dir='ltr'><strong>libris</strong></span> <span class='ocrx_word' id='word_1_155' title='bbox 636 2557 798 2617; x_wconf 84' lang='lat' dir='ltr'><strong>invenietis</strong></span> <span class='ocrx_word' id='word_1_156' title='bbox 816 2557 866 2618; x_wconf 81' lang='lat' dir='ltr'><strong>vel</strong></span> <span class='ocrx_word' id='word_1_157' title='bbox 884 2556 1008 2634; x_wconf 86' lang='lat' dir='ltr'><strong>aliquod</strong></span> <span class='ocrx_word' id='word_1_158' title='bbox 1026 2572 1129 2630; x_wconf 90' lang='lat' dir='ltr'><strong>super·</strong></span> 
     </span>
     <span class='ocr_line' id='line_1_20' title="bbox 114 2643 1131 2722; baseline -0.001 -19"><span class='ocrx_word' id='word_1_159' title='bbox 114 2643 212 2704; x_wconf 88' lang='lat' dir='ltr'><strong>fluum</strong></span> <span class='ocrx_word' id='word_1_160' title='bbox 225 2643 275 2705; x_wconf 81' lang='lat' dir='ltr'><strong>vel</strong></span> <span class='ocrx_word' id='word_1_161' title='bbox 292 2643 391 2703; x_wconf 88' lang='lat' dir='ltr'><strong>minus</strong></span> <span class='ocrx_word' id='word_1_162' title='bbox 409 2643 585 2720; x_wconf 85' lang='lat' dir='ltr'><strong>perfeetum,</strong></span> <span class='ocrx_word' id='word_1_163' title='bbox 604 2662 789 2721; x_wconf 80' lang='lat' dir='ltr'><strong>superruens</strong></span> <span class='ocrx_word' id='word_1_164' title='bbox 806 2643 995 2722; x_wconf 90' lang='lat' dir='ltr'><strong>longitudine</strong></span> <span class='ocrx_word' id='word_1_165' title='bbox 1013 2645 1131 2702; x_wconf 81' lang='lat' dir='ltr'><strong>semota</strong></span> 
     </span>
     <span class='ocr_line' id='line_1_21' title="bbox 116 2729 1130 2810; baseline -0.002 -16"><span class='ocrx_word' id='word_1_166' title='bbox 116 2779 147 2794; x_wconf 90' lang='lat'><strong>..</strong></span> <span class='ocrx_word' id='word_1_167' title='bbox 172 2730 254 2810; x_wconf 90' lang='lat' dir='ltr'><strong>quod</strong></span> <span class='ocrx_word' id='word_1_168' title='bbox 279 2732 489 2809; x_wconf 75' lang='lat' dir='ltr'><strong>imper-leolum</strong></span> <span class='ocrx_word' id='word_1_169' title='bbox 516 2735 563 2794; x_wconf 88' lang='lat' dir='ltr'><strong>est</strong></span> <span class='ocrx_word' id='word_1_170' title='bbox 590 2733 733 2809; x_wconf 82' lang='lat' dir='ltr'><strong>replestis</strong></span> <span class='ocrx_word' id='word_1_171' title='bbox 832 2731 889 2792; x_wconf 84' lang='lat' dir='ltr'><strong>hoo</strong></span> <span class='ocrx_word' id='word_1_172' title='bbox 915 2731 1008 2791; x_wconf 87' lang='lat' dir='ltr'><strong>etiam</strong></span> <span class='ocrx_word' id='word_1_173' title='bbox 1034 2729 1130 2792; x_wconf 86' lang='lat' dir='ltr'><strong>nihilo</strong></span> 
     </span>
     <span class='ocr_line' id='line_1_22' title="bbox 115 2819 1131 2900; baseline -0.002 -18"><span class='ocrx_word' id='word_1_174' title='bbox 115 2821 218 2882; x_wconf 88' lang='lat' dir='ltr'><strong>minus</strong></span> <span class='ocrx_word' id='word_1_175' title='bbox 241 2820 438 2899; x_wconf 78' lang='lat' dir='ltr'><strong>observando,</strong></span> <span class='ocrx_word' id='word_1_176' title='bbox 461 2824 505 2900; x_wconf 90' lang='lat' dir='ltr'><strong>ut,</strong></span> <span class='ocrx_word' id='word_1_177' title='bbox 528 2823 554 2882; x_wconf 90' lang='lat' dir='ltr'><strong>si</strong></span> <span class='ocrx_word' id='word_1_178' title='bbox 576 2821 691 2899; x_wconf 88' lang='lat' dir='ltr'><strong>aliquid</strong></span> <span class='ocrx_word' id='word_1_179' title='bbox 712 2821 745 2882; x_wconf 92' lang='lat' dir='ltr'><strong>in</strong></span> <span class='ocrx_word' id='word_1_180' title='bbox 766 2821 918 2882; x_wconf 84' lang='lat' dir='ltr'><strong>veteribus</strong></span> <span class='ocrx_word' id='word_1_181' title='bbox 940 2819 1058 2899; x_wconf 87' lang='lat' dir='ltr'><strong>legibus</strong></span> <span class='ocrx_word' id='word_1_182' title='bbox 1081 2821 1131 2882; x_wconf 87' lang='lat' dir='ltr'><strong>vel</strong></span> 
     </span>
     <span class='ocr_line' id='line_1_23' title="bbox 116 2909 1129 2989; baseline -0.001 -18"><span class='ocrx_word' id='word_1_183' title='bbox 116 2909 398 2989; x_wconf 88' lang='lat' dir='ltr'><strong>eonstitutionibne,</strong></span> <span class='ocrx_word' id='word_1_184' title='bbox 431 2928 505 2989; x_wconf 83' lang='lat' dir='ltr'><strong>quas</strong></span> <span class='ocrx_word' id='word_1_185' title='bbox 536 2910 654 2988; x_wconf 78' lang='lat' dir='ltr'><strong>antiqui</strong></span> <span class='ocrx_word' id='word_1_186' title='bbox 686 2909 719 2970; x_wconf 91' lang='lat' dir='ltr'><strong>in</strong></span> <span class='ocrx_word' id='word_1_187' title='bbox 748 2910 810 2972; x_wconf 88' lang='lat' dir='ltr'><strong>suis</strong></span> <span class='ocrx_word' id='word_1_188' title='bbox 839 2909 925 2970; x_wconf 89' lang='lat' dir='ltr'><strong>libris</strong></span> <span class='ocrx_word' id='word_1_189' title='bbox 954 2913 1129 2988; x_wconf 88' lang='lat' dir='ltr'><strong>posuerunt,</strong></span> 
     </span>
     <span class='ocr_line' id='line_1_24' title="bbox 116 2999 1130 3078; baseline 0.001 -20"><span class='ocrx_word' id='word_1_190' title='bbox 116 3017 176 3059; x_wconf 90' lang='lat' dir='ltr'><strong>non</strong></span> <span class='ocrx_word' id='word_1_191' title='bbox 199 3001 280 3059; x_wconf 85' lang='lat' dir='ltr'><strong>reete</strong></span> <span class='ocrx_word' id='word_1_192' title='bbox 303 3000 449 3075; x_wconf 85' lang='lat' dir='ltr'><strong>seriptum</strong></span> <span class='ocrx_word' id='word_1_193' title='bbox 470 2999 642 3078; x_wconf 83' lang='lat' dir='ltr'><strong>inveniatis,</strong></span> <span class='ocrx_word' id='word_1_194' title='bbox 664 3003 696 3060; x_wconf 88' lang='lat' dir='ltr'><strong>et</strong></span> <span class='ocrx_word' id='word_1_195' title='bbox 714 3000 770 3061; x_wconf 90' lang='lat' dir='ltr'><strong>hoo</strong></span> <span class='ocrx_word' id='word_1_196' title='bbox 787 2999 958 3061; x_wconf 82' lang='lat' dir='ltr'><strong>reformetis</strong></span> <span class='ocrx_word' id='word_1_197' title='bbox 976 3003 1008 3060; x_wconf 92' lang='lat' dir='ltr'><strong>et</strong></span> <span class='ocrx_word' id='word_1_198' title='bbox 1025 2999 1130 3061; x_wconf 86' lang='lat' dir='ltr'><strong>ordine</strong></span> 
     </span>
     <span class='ocr_line' id='line_1_25' title="bbox 116 3087 1130 3168; baseline -0.001 -20"><span class='ocrx_word' id='word_1_199' title='bbox 116 3088 272 3148; x_wconf 87' lang='lat' dir='ltr'><strong>moderato</strong></span> <span class='ocrx_word' id='word_1_200' title='bbox 299 3087 442 3167; x_wconf 64' lang='lat' dir='ltr'><strong>uadetis,</strong></span> <span class='ocrx_word' id='word_1_201' title='bbox 470 3091 505 3148; x_wconf 92' lang='lat' dir='ltr'><strong>ut</strong></span> <span class='ocrx_word' id='word_1_202' title='bbox 530 3088 587 3150; x_wconf 90' lang='lat' dir='ltr'><strong>boo</strong></span> <span class='ocrx_word' id='word_1_203' title='bbox 613 3088 755 3150; x_wconf 81' lang='lat' dir='ltr'><strong>rideatur</strong></span> <span class='ocrx_word' id='word_1_204' title='bbox 777 3135 785 3150; x_wconf 93' lang='lat'><strong>.</strong></span> <span class='ocrx_word' id='word_1_205' title='bbox 804 3134 838 3150; x_wconf 91' lang='lat'><strong>..</strong></span> <span class='ocrx_word' id='word_1_206' title='bbox 861 3088 950 3168; x_wconf 89' lang='lat' dir='ltr'><strong>quasi</strong></span> <span class='ocrx_word' id='word_1_207' title='bbox 976 3089 1015 3148; x_wconf 86' lang='lat' dir='ltr'><strong>ab</strong></span> <span class='ocrx_word' id='word_1_208' title='bbox 1042 3088 1130 3148; x_wconf 91' lang='lat' dir='ltr'><strong>initio</strong></span> 
     </span>
     <span class='ocr_line' id='line_1_26' title="bbox 118 3173 1131 3256; baseline 0 -20"><span class='ocrx_word' id='word_1_209' title='bbox 118 3177 274 3254; x_wconf 84' lang='lat' dir='ltr'><strong>seriptum,</strong></span> <span class='ocrx_word' id='word_1_210' title='bbox 297 3175 378 3254; x_wconf 88' lang='lat' dir='ltr'><strong>quod</strong></span> <span class='ocrx_word' id='word_1_211' title='bbox 400 3195 419 3236; x_wconf 87' lang='lat' dir='ltr'><strong>e</strong></span> <span class='ocrx_word' id='word_1_212' title='bbox 440 3176 526 3238; x_wconf 87' lang='lat' dir='ltr'><strong>vobis</strong></span> <span class='ocrx_word' id='word_1_213' title='bbox 548 3177 678 3238; x_wconf 87' lang='lat' dir='ltr'><strong>eleotum</strong></span> <span class='ocrx_word' id='word_1_214' title='bbox 701 3180 733 3238; x_wconf 92' lang='lat' dir='ltr'><strong>et</strong></span> <span class='ocrx_word' id='word_1_215' title='bbox 754 3173 797 3240; x_wconf 93' lang='lat' dir='ltr'><strong>ibi</strong></span> <span class='ocrx_word' id='word_1_216' title='bbox 819 3177 953 3255; x_wconf 88' lang='lat' dir='ltr'><strong>positum</strong></span> <span class='ocrx_word' id='word_1_217' title='bbox 972 3177 1076 3256; x_wconf 83' lang='lat' dir='ltr'><strong>fuerit,</strong></span> <span class='ocrx_word' id='word_1_218' title='bbox 1099 3179 1131 3237; x_wconf 93' lang='lat' dir='ltr'><strong>et</strong></span> 
     </span>
     <span class='ocr_line' id='line_1_27' title="bbox 117 3266 1131 3346; baseline -0.003 -20"><span class='ocrx_word' id='word_1_219' title='bbox 117 3283 204 3327; x_wconf 84' lang='lat' dir='ltr'><strong>neruo</strong></span> <span class='ocrx_word' id='word_1_220' title='bbox 233 3283 270 3326; x_wconf 84' lang='lat' dir='ltr'><strong>ex</strong></span> <span class='ocrx_word' id='word_1_221' title='bbox 297 3266 519 3342; x_wconf 77' lang='lat' dir='ltr'><strong>comparatione</strong></span> <span class='ocrx_word' id='word_1_222' title='bbox 546 3268 657 3328; x_wconf 87' lang='lat' dir='ltr'><strong>veteris</strong></span> <span class='ocrx_word' id='word_1_223' title='bbox 686 3267 847 3328; x_wconf 84' lang='lat' dir='ltr'><strong>voluminis</strong></span> <span class='ocrx_word' id='word_1_224' title='bbox 876 3266 963 3346; x_wconf 82' lang='lat' dir='ltr'><strong>quasi</strong></span> <span class='ocrx_word' id='word_1_225' title='bbox 990 3266 1131 3328; x_wconf 77' lang='lat' dir='ltr'><strong>vitiosam</strong></span> 
     </span>
    </p>
   </div>
   <div class='ocr_carea' id='block_1_7' title="bbox 118 3348 1130 3514">
    <p class='ocr_par' dir='ltr' id='par_1_7' title="bbox 118 3348 1130 3514">
     <span class='ocr_line' id='line_1_28' title="bbox 118 3348 602 3434; baseline -0.002 -18"><span class='ocrx_word' id='word_1_226' title='bbox 118 3355 299 3432; x_wconf 72' lang='lat' dir='ltr'><strong>seriptum</strong></span> <span class='ocrx_word' id='word_1_227' title='bbox 321 3373 449 3434; x_wconf 89' lang='lat' dir='ltr'><strong>arguere</strong></span> <span class='ocrx_word' id='word_1_228' title='bbox 471 3348 602 3415; x_wconf 85' lang='lat' dir='ltr'><strong>eudest&#39;</strong></span> 
     </span>
     <span class='ocr_line' id='line_1_29' title="bbox 205 3437 1130 3514; baseline -0.005 -10"><span class='ocrx_word' id='word_1_229' title='bbox 205 3442 321 3504; x_wconf 89' lang='lat' dir='ltr'><strong>Deinde</strong></span> <span class='ocrx_word' id='word_1_230' title='bbox 349 3461 375 3503; x_wconf 85' lang='lat' dir='ltr'><strong>a</strong></span> <span class='ocrx_word' id='word_1_231' title='bbox 396 3445 458 3504; x_wconf 82' lang='grc'><strong>533</strong></span> <span class='ocrx_word' id='word_1_232' title='bbox 483 3443 554 3504; x_wconf 88' lang='lat' dir='ltr'><strong>Deo.</strong></span> <span class='ocrx_word' id='word_1_233' title='bbox 579 3447 619 3505; x_wconf 88' lang='lat'><strong>16</strong></span> <span class='ocrx_word' id='word_1_234' title='bbox 647 3443 728 3505; x_wconf 90' lang='lat' dir='ltr'><strong>idem</strong></span> <span class='ocrx_word' id='word_1_235' title='bbox 753 3442 939 3514; x_wconf 83' lang='lat' dir='ltr'><strong>Iustinianue</strong></span> <span class='ocrx_word' id='word_1_236' title='bbox 967 3437 1018 3501; x_wconf 73' lang='lat' dir='ltr'><strong>‘ad</strong></span> <span class='ocrx_word' id='word_1_237' title='bbox 1046 3458 1130 3502; x_wconf 86' lang='lat' dir='ltr'><strong>eena-</strong></span> 
     </span>
    </p>
   </div>
   <div class='ocr_carea' id='block_1_8' title="bbox 120 3521 1131 3612">
    <p class='ocr_par' dir='ltr' id='par_1_8' title="bbox 120 3521 1131 3612">
     <span class='ocr_line' id='line_1_30' title="bbox 120 3521 1131 3612; baseline -0.01 -19"><span class='ocrx_word' id='word_1_238' title='bbox 120 3535 184 3592; x_wconf 85' lang='lat' dir='ltr'><strong>turn</strong></span> <span class='ocrx_word' id='word_1_239' title='bbox 211 3536 243 3593; x_wconf 93' lang='lat' dir='ltr'><strong>et</strong></span> <span class='ocrx_word' id='word_1_240' title='bbox 270 3549 373 3592; x_wconf 88' lang='lat' dir='ltr'><strong>omnes</strong></span> <span class='ocrx_word' id='word_1_241' title='bbox 400 3526 538 3609; x_wconf 91' lang='lat' dir='ltr'><strong>populos&#39;</strong></span> <span class='ocrx_word' id='word_1_242' title='bbox 566 3532 687 3609; x_wconf 87' lang='lat' dir='ltr'><strong>soripeit</strong></span> <span class='ocrx_word' id='word_1_243' title='bbox 714 3525 849 3612; x_wconf 70' lang='lat' dir='ltr'><strong>(³Tenta&#39;</strong></span> <span class='ocrx_word' id='word_1_244' title='bbox 877 3529 897 3605; x_wconf 63' lang='grc' dir='ltr'>ἐ</span> <span class='ocrx_word' id='word_1_245' title='bbox 923 3521 992 3608; x_wconf 88' lang='lat'>10):</span> <span class='ocrx_word' id='word_1_246' title='bbox 1021 3521 1131 3584; x_wconf 73' lang='lat' dir='ltr'><strong>‘Tanta</strong></span> 
     </span>
    </p>
   </div>
   <div class='ocr_carea' id='block_1_9' title="bbox 0 0 1291 3904">
    <p class='ocr_par' dir='ltr' id='par_1_9' title="bbox 0 0 1291 3904">
     <span class='ocr_line' id='line_1_31' title="bbox 0 0 1291 3904; baseline 0 0"><span class='ocrx_word' id='word_1_247' title='bbox 0 0 1291 3904; x_wconf 95' lang='lat' dir='ltr'><strong> </strong></span> 
     </span>
    </p>
   </div>
  </div>
 </body>
</html>
