2590 3902
44 217 46 224 '
169 215 234 280 306
269 215 302 272 V.
322 213 470 268 NERVAE
489 211 535 267 ΕΤ
552 211 705 268 TRAIANI
724 212 829 270 ΤΕΜΡ.
849 211 945 268 IURIS
960 210 1142 268 'CONSULTI

539 431 590 497 De
611 403 823 514 asucopionc.

256 573 308 638 37.
341 571 379 638 D.
398 574 451 655 41,
471 575 501 658 3,
520 574 597 658 8pr.
647 573 767 638 Paulus
800 572 883 637 libro
917 571 1103 637 duodecimo
1138 573 1180 638 ad

169 661 309 726 edictum
334 658 384 748 (P.
398 662 486 748 232).
506 697 547 708 -—
568 660 676 727 Labeo
699 659 854 727 Neratius
877 661 1111 744 responderunt
1133 683 1182 746 ea,

170 771 253 834 quae
277 751 361 815 servi
383 751 590 836 peculiariter
608 750 718 816 nancti
737 754 821 832 sunt,
843 745 884 833 <a
903 748 1032 815 domino
1052 748 1180 814 infante

168 860 296 924 quoque
324 839 374 904 rel
402 839 546 926 furioso>
573 839 708 924 usucapi
735 860 840 924 posse,
868 838 945 922 quia
974 837 1053 903 haec
1081 839 1181 903 etiam

168 929 360 1013 ignorantes
384 928 506 994 domini
530 929 731 1012 usucapiunt.

233 1040 350 1100 ¹Lenel
373 1040 405 1100 P.
430 1041 467 1100 ad
490 1040 573 1099 Paul.
597 1042 696 1098 notat:
723 1033 769 1098 ‘In
791 1038 956 1115 posteriore
980 1038 1070 1098 edicti
1093 1043 1181 1114 parte

168 1132 289 1206 praetor
312 1129 367 1188 ait:
393 1123 472 1190 ‘inve
496 1128 622 1188 vinculis
647 1121 737 1188 esset'
761 1145 820 1186 non
841 1127 942 1186 addito
964 1120 1013 1204 (ut
1030 1127 1062 1185 in
1080 1128 1181 1203 priore

167 1209 270 1300 parte)
294 1218 384 1278 verbo
407 1211 592 1278 ‘servitute't
619 1217 679 1276 lruc
702 1218 818 1294 spectat
840 1217 874 1274 fr.
891 1216 964 1277 232.
1002 1216 1038 1276 cf.
1052 1213 1119 1291 Ulp.
1137 1218 1180 1276 62

168 1308 207 1367 ad
235 1300 570 1382 edict50,17,118'.
622 1305 658 1366 cf.
685 1304 817 1364 eiusdem
844 1305 903 1364 viri
931 1304 1097 1364 doctissimi
1124 1305 1181 1366 Ed.

167 1399 283 1472 perpet.
297 1416 325 1472 p.
342 1398 382 1456 96
407 1414 435 1453 n.
452 1397 501 1456 19.

256 1484 293 1543 cf.
313 1484 348 1542 D.
367 1486 419 1562 41,
439 1486 467 1558 3,
487 1485 528 1543 47
557 1482 670 1542 Paulus
697 1481 775 1541 libro
802 1481 849 1540 III
876 1482 914 1542 ad
936 1481 1103 1542 Neratium.
1147 1479 1183 1542 Si

168 1575 300 1650 emptam
327 1590 391 1632 rem
414 1571 488 1630 mihi
510 1573 686 1647 procurator
713 1571 873 1649 ignorante
900 1589 948 1630 me
971 1589 1037 1630 meo
1061 1572 1181 1632 nomine

168 1660 406 1739 adprehenderit,
416 1661 553 1736 quamvis
567 1659 746 1737 possideam,
762 1679 828 1719 eam
841 1679 900 1719 non
913 1659 1096 1737 usucapione,
1110 1660 1184 1738 quia

167 1753 202 1809 ut
224 1750 398 1826 ignorantes
420 1749 653 1824 usucaperirnus,
675 1748 707 1806 in
729 1749 930 1824 peculiaribus
951 1750 1070 1809 tantum
1088 1749 1181 1808 rebus

168 1840 320 1912 receptum
344 1841 398 1898 est.

521 1991 570 2057 De
591 1992 626 2056 tn
648 2012 713 2056 rem
734 2010 827 2056 versa

257 2134 308 2200 38.
330 2132 368 2198 D.
381 2132 472 2215 15‚3,
484 2133 535 2199 19.
572 2132 692 2198 Paulus
711 2133 793 2199 libro
813 2137 927 2217 quart-o
948 2131 1181 2208 Quaestionum

169 2219 217 2308 (P.
243 2217 353 2308 1315).
387 2257 430 2267 -
461 2220 562 2286 Filius
598 2222 741 2286 familias
777 2224 890 2306 togam
923 2222 1014 2305 emit3
1051 2228 1180 2289 mortuo

169 2312 285 2376 deinde
304 2333 342 2376 eo
361 2314 454 2395 pater
471 2312 626 2396 ignorans
645 2315 678 2375 et
695 2314 812 2396 putans
827 2333 918 2374 suam
933 2332 1004 2375 esse
1019 2309 1181 2377 dedicavit

170 2422 241 2465 eam
265 2401 298 2465 in
321 2400 418 2465 funus
442 2400 520 2465 eius.
556 2398 710 2465 Neratius
729 2399 812 2464 libro
831 2399 919 2483 <...>
936 2398 1180 2483 Responsorum

169 2489 216 2554 ait
239 2490 365 2554 iurem
388 2491 492 2572 patris
516 2510 645 2554 versum
658 2489 783 2572 -videri,
806 2489 838 2552 in
863 2487 989 2552 actione
1013 2493 1120 2553 autem
1140 2489 1181 2555 de

169 2578 296 2664 peculio
324 2578 408 2662 quod
436 2579 470 2642 in
497 2599 604 2643 rerum
632 2582 749 2643 natura
774 2599 840 2641 non
868 2581 966 2657 esset,
989 2598 1053 2640 uno
1082 2576 1180 2643 modo

170 2667 333 2733 aestimari
367 2667 496 2751 debere,
528 2667 556 2732 si
584 2666 658 2732 dolo
686 2668 771 2731 malo
801 2665 868 2729 eius
897 2686 1035 2749 quocum
1062 2671 1182 2751 agatur

168 2757 291 2822 factum
311 2760 404 2821 esset.
441 2755 556 2840 atquin
575 2755 602 2820 si
620 2756 687 2820 filio
707 2759 800 2840 pater
813 2759 926 2838 togam
940 2775 1044 2818 emere
1059 2753 1180 2835 debuit,

168 2846 202 2908 in
225 2866 292 2910 rem
316 2844 418 2929 patris
441 2867 492 2909 res
515 2865 609 2910 versa
631 2850 762 2910 estnon
780 2865 865 2908 nunc
884 2864 947 2928 quo
965 2841 1180 2928 fenerabitur,

169 2933 224 2997 sed
254 2954 316 3018 quo
344 2937 490 3018 ternpore
517 2933 608 3016 emit3
638 2933 733 2997 funus
762 2932 848 2997 enirn
875 2930 935 2994 filii
959 2953 1013 2996 ass
1037 2930 1179 2997 alienum

168 3021 273 3104 patris
301 3023 364 3102 est,
396 3026 429 3084 et
455 3021 517 3084 hoo
544 3018 697 3085 Neratius
727 3042 866 3104 quoque,
899 3021 953 3105 qui
982 3019 1020 3084 de
1048 3020 1082 3084 in
1109 3041 1179 3086 rem

170 3130 263 3173 verso
295 3112 421 3192 patrem
448 3108 554 3172 teneri
580 3109 720 3192 putavit,
753 3109 895 3174 ostendit
921 3107 1088 3194 negotium
1116 3109 1179 3174 hoc

170 3195 217 3275 [id
232 3199 281 3261 est
296 3195 495 3278 sepulturam
511 3199 543 3259 et
557 3195 654 3260 funus
668 3197 740 3279 filii]
755 3198 859 3282 patris
875 3220 944 3262 esse
960 3220 1013 3262 aes
1027 3197 1180 3283 alienum,

169 3305 234 3348 non
256 3282 324 3349 filii.

256 3393 356 3453 Eisele
371 3393 402 3452 Z.
413 3393 439 3452 d
451 3393 636 3470 aaa-seul,
648 3400 681 3458 6:
705 3390 815 3458 ‘Wenn
836 3417 894 3457 nur
912 3397 996 3458 nicht
1014 3398 1067 3458 der
1084 3417 1180 3475 ganzo

169 3481 292 3542 Passus:
325 3485 357 3541 et
387 3483 443 3542 hoc
469 3483 611 3545 Neratius
640 3505 755 3564 quoque
853 3506 913 3547 non
945 3486 1001 3546 filii
1029 3505 1088 3547 von
1120 3487 1179 3546 den

169 3569 395 3647 Kompilatoren
416 3565 477 3632 ist'.
