2590 3902
398 231 423 279 r.
447 225 478 279 n.
497 223 679 280 usserius
698 225 847 282 Priscus
1060 223 1125 294 309

115 388 196 452 ultra
222 392 334 451 librum
356 393 502 452 decimum
525 394 615 453 huius
639 393 737 469 operis
760 395 929 474 fragmenta
951 397 1035 456 nulla
1057 415 1124 472 pro·

114 484 275 557 ponuntur.
325 484 393 540 ante
425 480 597 558 Neratium,
630 484 689 542 nisi
721 484 801 560 quod
833 483 867 554 Q.
898 485 1014 544 Mucius
1047 483 1125 566 ὅρων

116 571 228 630 librum
246 571 429 646 singularem
448 571 617 647 composuit
630 567 657 643 (I
666 591 695 647 p.
707 567 794 650 103),
809 573 941 633 eiusdem
955 575 1125 647 argumenti

114 659 181 717 libri
204 678 264 718 non
286 659 426 718 videntur
450 660 594 720 extitisse.
633 664 702 737 post
720 661 806 719 illum
826 661 1012 738 Regularum
1030 663 1123 723 libros

114 748 215 822 plures
262 747 431 806 ediderunt:
479 748 660 824 Pomponius
706 740 753 830 (P.
785 743 984 832 372-377),
1031 749 1124 810 Gaius

116 831 160 914 (P.
171 830 373 916 css-485),
396 835 539 896 Scaevola
562 829 818 918 (ures-212),
842 838 954 897 Paulus
996 839 1025 898 P.
1040 842 1124 900 1425

116 917 270 1001 -1443),
292 923 425 985 Licinius
448 925 574 985 Rufinus
596 921 643 1001 (P.
656 917 787 1008 1—16),
810 925 959 1002 Ulpianus
993 927 1027 987 P.
1039 930 1124 988 2362

118 1005 274 1094 -2386),
302 1013 471 1074 Marcianus
495 1007 543 1096 (P.
560 1007 762 1096 nra—286),
787 1015 973 1074 Modestinus
997 1008 1045 1096 (P.
1062 1019 1123 1076 173

117 1093 249 1182 -280).
300 1102 351 1179 qui
379 1106 526 1180 quatenus
553 1103 670 1163 Neratii
697 1104 783 1164 libris
811 1105 858 1164 usi
886 1105 959 1177 sint,
988 1105 1125 1179 cognosci

117 1193 233 1271 nequit3
251 1191 283 1248 in
302 1191 462 1250 Modestini
481 1195 599 1250 tantum
618 1210 706 1269 opere
726 1194 759 1252 P.
776 1195 837 1253 187
857 1192 934 1252 libro
952 1210 1012 1250 non
1029 1193 1125 1252 nomi-

116 1284 183 1340 nato
203 1279 322 1338 Neratii
341 1278 488 1339 sententia
507 1281 639 1358 affertur,
658 1283 693 1340 ut
711 1282 840 1342 fortasse
854 1280 1037 1359 Regularum
1055 1280 1126 1339 libri

119 1369 242 1429 subsint.
269 1369 301 1426 in
319 1369 422 1443 paucis
435 1369 555 1429 Neratii
571 1369 811 1446 fragmentorum
829 1371 903 1429 iuris
923 1369 1053 1428 consulti
1065 1387 1125 1427 non

116 1457 290 1533 laudantur,
317 1457 396 1533 quod
423 1477 483 1517 non
510 1456 655 1518 librorum
682 1462 807 1518 naturae
831 1458 987 1519 convenire
1011 1456 1125 1533 reliqua

117 1565 206 1622 opere
225 1545 381 1606 sententiis
403 1545 561 1606 afferendis
577 1548 689 1607 docent.
737 1549 875 1608 extremis
890 1547 984 1625 libris,
999 1564 1125 1622 quorum

118 1635 286 1712 fragmenta
312 1654 373 1694 non
401 1638 517 1710 extant,
541 1635 577 1694 de
599 1636 718 1712 publico
742 1637 807 1696 iure
830 1636 973 1696 Neratius
995 1635 1124 1695 fortasse

118 1723 242 1783 dixerat:
267 1727 346 1782 certe
371 1726 401 1782 et
425 1723 599 1784 Scaevolam
622 1725 658 1784 de
676 1725 793 1785 iudiciis
812 1725 939 1801 publicis
958 1728 989 1784 et
1007 1724 1125 1783 Modes·
1236 1796 1238 1802 y

117 1811 210 1871 tinum
237 1811 274 1870 de
302 1811 474 1871 criminibus
503 1815 533 1873 et
561 1814 597 1872 de
626 1814 794 1890 municipiis
818 1818 849 1874 et
871 1814 993 1874 coloniis
1017 1813 1125 1872 dixisse

118 1903 240 2048 Cmiii
262 1989 440 2066 fragmentis
461 1988 605 2050 librorum
624 1990 808 2067 Regularum
828 1995 858 2050 et
875 1991 1126 2068 Membranarum‚

119 2096 192 2154 quae
215 2077 337 2154 quidem
358 2077 495 2154 integrae
519 2097 554 2137 ex
577 2079 650 2154 ipsis
668 2079 786 2138 Neratii
808 2080 894 2140 libris
916 2081 948 2138 in
965 2079 1126 2139 Iustiniani

118 2165 240 2243 Digesta
266 2166 415 2226 translata
443 2165 614 2244 videantur,
636 2171 763 2245 rectam,
791 2187 866 2246 quae
893 2171 1032 2248 vocatur,
1061 2185 1125 2227 ora-

119 2254 227 2314 tionem
251 2255 378 2326 cursivis
401 2255 512 2316 litteris
535 2258 698 2332 exprimere
722 2258 883 2332 supersedi.

528 2449 637 2510 Liber
659 2450 714 2510 ΙΙΙ.

536 2568 586 2634 De
609 2570 710 2635 tutelo.

209 2677 236 2740 1.
260 2674 299 2741 D.
313 2675 365 2758 26,
384 2677 410 2760 1,
428 2676 476 2740 18.
517 2673 672 2739 Neratius
694 2675 779 2739 libro
803 2674 899 2739 tertio
919 2672 1127 2757 Regularum.

120 2798 160 2808 —
184 2763 335 2828 Feminae
359 2767 482 2828 tutores
507 2763 576 2828 dari
600 2785 664 2828 non
687 2767 832 2847 possunt,
858 2762 933 2846 quia
955 2761 989 2826 id
1012 2782 1127 2825 munus

119 2852 331 2917 masculorum
350 2856 400 2917 est
419 2853 496 2932 [uisi
511 2875 529 2917 a
543 2851 688 2936 principe
702 2851 841 2916 filiorum
856 2851 990 2916 tutelam
1006 2849 1127 2935 specia-

118 2940 189 3004 liter
211 2940 401 3024 postulent}

204 3033 393 3110 Schlesinger
422 3034 453 3094 Z.
471 3035 491 3096 f.
510 3033 572 3094 RG.
591 3035 679 3110 VIH,
694 3037 745 3096 52.
782 3035 880 3095 Eisele
904 3033 934 3094 Z.
950 3035 975 3093 d.
992 3031 1127 3094 Sar-St.

117 3121 151 3197 X,
165 3124 238 3184 316.

203 3225 233 3290 2.
258 3222 296 3288 D.
307 3225 360 3307 26,
369 3225 481 3308 3‚2pr.
523 3223 676 3290 Neratius
700 3225 783 3290 libro
803 3225 899 3290 tertio
918 3224 1126 3309 Regularum.

118 3347 157 3357 —
182 3311 299 3414 Mulier
326 3312 438 3415 liberis
467 3335 532 3378 nou
559 3319 645 3379 recte
675 3316 870 3416 testamento
898 3318 1042 3414 tutorem
1064 3313 1127 3378 dat.

118 3399 1128 3640 tlt.tutti}{stititptttttttt¹⁰tttttt¹tt

118 3598 237 3642 savam
275 3598 340 3642 ore.
