2580 3900
491 177 517 226 ‘1.
534 169 724 226 Paocuuus
1049 162 1114 234 167

100 351 152 418 De
163 353 205 418 iie
217 351 321 434 quiin
334 352 502 433 mentepio
512 351 633 416 cebete
642 352 713 433 fero
721 351 788 415 ieri
800 352 932 416 dicando
941 350 1114 434 amant?

191 465 220 531 1.
252 465 336 547 122,
352 467 493 551 1,11pr.
539 465 639 531 Gaius
666 467 749 530 libro
777 466 883 551 primo
910 467 950 531 ad
973 466 1113 532 edictum

100 555 300 640 provinciale
327 551 377 640 (P.
395 551 463 642 56).
485 592 528 602 —
552 553 587 620 Si
613 555 700 619 idem
728 577 801 619 cum
828 555 941 620 eodem
967 555 1115 639 pluribus

101 645 284 710 actionibus
316 651 407 728 agat,
438 667 575 728 quarum
606 644 809 729 singularum
837 645 1001 728 quantitas
1028 645 1116 709 intra

12 813 13 816 Ἴ
100 733 357 798 iurisdictionem
374 731 565 797 iudicantis1
584 734 636 812 sit,
654 733 856 798 coacervatio
874 755 950 798 vero
970 732 1115 798 omnium

102 823 233 887 excedat
251 821 382 888 modum
399 821 633 886 iurisdictionis
652 821 734 905 eius,
754 820 839 905 apud
857 843 931 887 eum
949 823 1003 908 agi
1018 843 1116 905 posse

102 910 224 977 Sabino
247 907 360 975 Cassio
382 909 518 975 Proculo
540 911 674 994 placuit.

189 1005 287 1064 Gaius
318 1003 414 1063 addit:
446 998 534 1081 ‘quae
565 1005 715 1064 sententia
745 1003 890 1080 rescripto
921 1004 1113 1081 imperatoris

101 1093 250 1156 Antonini
272 1093 448 1152 confirmata
470 1087 537 1152 est'.

190 1197 223 1262 2.
256 1193 296 1259 Ι).
312 1193 390 1258 ibid.
408 1197 428 1275 ξ
446 1195 477 1258 2.
509 1230 552 1240 -
585 1191 620 1258 Si
650 1216 716 1258 una
747 1193 831 1259 actio
863 1194 1042 1260 communis
1074 1192 1119 1258 sit

102 1287 245 1370 plurium
267 1304 489 1367 personarum,
509 1282 611 1348 veluti
632 1281 776 1348 familiae
794 1282 1009 1364 erciscundae,
1031 1303 1118 1347 cem-

104 1375 194 1440 muni
222 1370 412 1454 dividundo,
437 1371 552 1436 finium
578 1371 811 1456 regundorum,
837 1377 947 1460 utrum
971 1371 1119 1455 singulae

104 1467 213 1548 partes
246 1460 439 1546 spectandae
468 1464 545 1525 sunt
571 1461 658 1526 circa
684 1459 937 1526 iurisdictionem
967 1461 1035 1524 eius
1064 1457 1120 1544 qui

105 1551 288 1638 cognoscit,
315 1550 400 1634 quod
422 1549 518 1615 Ofilio
547 1552 581 1614 et
601 1547 741 1614 Proculo
768 1550 890 1634 placet,
918 1549 994 1633 quia
1020 1569 1119 1614 unus-

105 1643 239 1726 quisque
267 1639 306 1704 de
333 1643 426 1723 parte
454 1660 514 1703 sua
541 1638 665 1723 litigat,
691 1659 733 1702 an
759 1639 869 1726 petius
896 1641 967 1704 tota
992 1659 1043 1703 res
1218 1685 1221 1692 ·

357 1780 408 1847 De
422 1782 527 1866 puetis
548 1785 578 1845 et
597 1779 867 1846 ceavmticmtus?

193 1890 224 1954 3.
247 1887 287 1953 D.
301 1887 500 1971 2,14,21,2.
543 1886 665 1951 Paulus
688 1887 771 1952 libro
795 1887 892 1952 tertio
916 1886 957 1950 ad
980 1885 1120 1952 edictum

107 1976 155 2066 (P.
171 1973 273 2064 127⁰).
291 2013 335 2024 —
353 1975 423 2042 Nos
446 2026 471 2040 ..
494 1975 556 2057 his,
579 1975 633 2061 qui
655 1975 692 2040 in
713 1979 830 2041 nostra
850 1977 1012 2059 potestate
1034 1979 1121 2060 sunt,

108 2066 298 2152 paciscendo
321 2065 473 2149 prodesse
496 2086 563 2129 non
583 2086 763 2148 possumus.
801 2064 862 2129 sed
880 2065 975 2129 nobis
994 2064 1028 2128 id
1045 2085 1120 2148 pro·

107 2157 260 2238 futurum,
284 2154 312 2219 si
334 2154 464 2219 nomine
488 2175 599 2218 eorum
622 2153 859 2238 convenimur,
882 2152 1038 2219 Proculus
1062 2154 1121 2218 ait.

454 2294 506 2361 De
526 2296 655 2379 repotiis
673 2296 774 2378 gestae.

196 2406 228 2470 4.
250 2403 290 2468 Ι).
307 2404 343 2486 3,
361 2401 396 2478 5,
416 2404 467 2467 17.
515 2402 637 2467 Paulus
672 2401 757 2466 libro
789 2422 877 2466 nono
909 2400 950 2464 ad
982 2400 1121 2466 edictum

109 2491 157 2582 (P.
173 2494 263 2578 190).
280 2527 318 2539 —
331 2491 489 2556 Proculus
503 2494 536 2555 et
550 2489 693 2576 Pegasus
712 2491 832 2554 bonam
849 2487 945 2554 fidem
965 2511 1047 2572 eum,
1065 2489 1123 2573 qui

109 2585 141 2648 in
161 2581 317 2648 servitute
336 2600 447 2665 gerere
465 2581 582 2665 coepit,
599 2583 764 2664 praestare
783 2578 898 2643 debere
915 2578 1019 2660 aiunt3
1037 2577 1124 2642 ideo·

109 2694 170 2757 que
194 2673 366 2756 quantum,
393 2670 421 2733 si
445 2669 528 2734 elius
552 2670 620 2733 eius
642 2667 776 2751 negotia
802 2666 969 2751 gessisset,
996 2686 1123 2730 servare

109 2760 280 2845 potuisset,
298 2761 426 2823 tantum
449 2780 531 2841 eum,
554 2757 610 2842 qui
633 2779 652 2821 a
676 2759 778 2821 seruet
800 2756 871 2838 ipso
889 2776 956 2820 non
974 2753 1125 2839 exegerit,

109 2850 315 2935 negotiorum
338 2850 504 2932 gestorum
524 2847 650 2911 actione
668 2845 934 2928 praestaturum[,
956 2843 984 2909 si
1003 2843 1124 2932 aliquid

110 2938 227 3004 habuit
249 2937 283 3001 in
305 2935 447 3020 peculio,
475 2935 566 3002 cuius
589 2933 770 2999 retentione
793 2931 827 2998 id
850 2933 970 2998 servari
993 2935 1125 3016 potest].

199 3031 320 3092 Inclusa
342 3029 435 3091 verba
455 3029 581 3090 Pernice
604 3027 779 3088 Triboniani
802 3043 867 3087 esse
890 3029 998 3087 censet.

199 3168 261 3250 Qui
282 3167 447 3233 arbitram
469 3166 645 3249 receperint,
667 3169 704 3231 et
724 3165 905 3230 senteutiam
927 3164 1040 3229 diceet

199 3283 230 3350 5.
253 3282 292 3348 D.
305 3283 336 3362 4,
346 3284 377 3365 8,
386 3283 438 3368 21,
448 3284 479 3348 9.
524 3280 686 3365 Ulpianus
708 3281 792 3346 libro
815 3279 913 3343 tertio
937 3278 1060 3343 decimo
1084 3276 1125 3342 ad

113 3375 251 3442 edictum
272 3369 322 3458 (P.
336 3369 426 3460 460).
444 3409 487 3419 —
508 3369 542 3436 Si
566 3371 636 3454 quis
661 3391 700 3434 ex
718 3366 940 3454 litigatoribus
963 3366 1035 3431 ideo
1059 3386 1126 3430 non

184 3536 199 3584 1
219 3528 418 3599 magistratus?
437 3525 663 3583 duumvirorum?
