2602 3906
252 215 285 270 ΙΙ.
304 215 544 271 INCERTORUM
563 214 791 269 SENTENTIAE
811 214 857 268 ET
876 213 982 268 LIBRI.
1057 213 1122 277 527

115 383 148 444 te
179 378 357 462 depositam
393 383 448 444 aut
484 400 523 443 ex
555 378 758 443 commodato
791 377 851 442 tibi
882 377 1124 461 (permissam)

115 468 279 551 possidere
307 489 410 551 neque
434 467 565 531 reddere
593 467 806 549 constitueris
839 467 1009 531 confestim
1042 470 1122 531 ami-

116 557 197 621 sisse
221 578 271 620 me
294 556 531 640 possessionem
555 555 606 619 vel
625 556 829 639 ignorantem
849 577 1040 640 responsum
1064 561 1122 620 est.

204 645 255 710 43.
279 644 318 711 D.
342 646 395 729 41,
418 646 448 727 2,
469 648 496 727 1,
517 645 567 709 14.
591 643 711 708 Paulus
730 644 813 707 libro
833 643 1122 728 quinquagensimo

116 737 231 818 quarto
256 734 296 798 ad
320 734 467 798 edictum.
492 770 534 778 —
555 782 605 799 ...
624 733 701 797 licet
713 734 952 816 respondeatur,
971 733 1123 816 quamdiu
1174 797 1180 806 ,

116 823 156 886 ab
185 822 248 887 alio
277 844 342 887 non
369 823 573 906 possideatur
597 819 654 908 (sc.
679 843 789 886 servus
814 822 868 905 qui
891 822 924 884 in
947 821 1026 906 fuga
1049 819 1123 907 est),

116 912 251 975 anobis
279 933 351 976 eum
380 911 537 994 possideri
564 910 698 994 ideoque
725 910 855 974 interim
884 931 956 973 eurn
981 913 1122 994 usucapi.

202 1001 254 1065 44.
290 1000 328 1066 D.
347 1001 400 1082 41,
415 999 445 1083 5,
460 1001 488 1083 2,
505 999 533 1063 1.
569 999 715 1063 Iulianus
743 998 825 1063 libro
854 997 1124 1083 quadragensimo

115 1092 229 1172 quarto
254 1088 471 1174 Digestorum.
495 1125 537 1134 —
635 1109 826 1172 responsum
848 1091 898 1152 est
915 1109 1017 1171 neque
1037 1088 1122 1152 colo-

112 1199 191 1242 num
227 1199 330 1262 neque
367 1199 438 1242 euru
474 1177 559 1262 apud
590 1199 683 1260 quem
716 1199 767 1240 res
801 1175 947 1259 deposita
979 1179 1036 1240 aut
1072 1177 1123 1240 cui

114 1267 318 1331 commodata
346 1270 408 1350 est,
436 1265 679 1331 lucrifaciendi
706 1287 802 1331 causa
826 1287 884 1349 pro
907 1265 1023 1329 herede
1051 1287 1125 1328 usu-

112 1377 225 1439 capere
248 1376 352 1439 posse.

202 1443 255 1509 45.
291 1443 330 1508 D.
362 1445 415 1529 41,
444 1445 474 1527 3,
508 1443 558 1528 13,
593 1445 621 1509 1.
658 1443 747 1507 ldern
780 1440 837 1527 (sc.
869 1439 1005 1528 Paulus)
1038 1442 1122 1507 libro

114 1533 230 1616 quinto
254 1532 294 1596 ad
313 1531 487 1598 Plautium.
513 1569 550 1579 -
576 1531 661 1597 Eum
685 1532 740 1616 qui
764 1554 783 1595 a
805 1531 928 1596 furioso
951 1532 1038 1596 bona
1060 1531 1124 1595 fide

116 1623 204 1706 emit,
226 1643 401 1705 usucapere
424 1643 520 1705 posse
543 1643 732 1704 responsum
756 1624 813 1685 est.

204 1710 256 1774 46.
301 1708 340 1775 D.
364 1712 417 1794 41,
440 1712 470 1788 4,
494 1712 571 1794 4pr.
617 1708 789 1774 Iavolenus
813 1709 896 1774 libro
921 1709 1059 1773 secundo
1084 1731 1122 1772 ex

112 1797 249 1864 Plautio.
278 1835 322 1845 -
348 1798 489 1883 Emptor
517 1798 610 1863 fundi
637 1801 762 1882 partem
783 1798 855 1862 eius
880 1797 1019 1862 alienum
1052 1819 1121 1862 esse

112 1910 179 1952 non
211 1888 429 1972 ignoraverat:
473 1910 663 1971 responsum
700 1891 750 1952 est
782 1886 865 1952 nihil
902 1909 975 1950 eum
1012 1909 1050 1951 ex
1083 1908 1122 1950 eo

111 1976 210 2041 fundo
233 1977 304 2042 uca¹
329 1982 507 2060 capturum.

480 2126 530 2192 De
551 2128 753 2193 servitutibus.

201 2244 253 2308 47.
286 2242 326 2308 D.
356 2244 385 2326 8,
417 2244 446 2321 5,
475 2231 525 2322 17,
551 2245 578 2308 1.
610 2241 747 2307 Alfenus
779 2243 861 2307 libro
895 2241 1033 2307 secundo
1066 2240 1121 2305 Di-

112 2336 287 2417 gestorum.
325 2369 360 2378 —
395 2331 475 2398 Cum
503 2332 538 2395 in
568 2332 662 2395 domo
692 2331 764 2396 Gaii
792 2329 846 2395 Sei
872 2331 962 2396 locus
992 2330 1120 2414 quidam

112 2420 244 2485 aedibus
283 2419 368 2485 Anni
406 2421 454 2486 ita
487 2421 634 2501 serviret,
665 2424 702 2484 ut
734 2420 767 2483 in
799 2441 837 2484 eo
870 2420 941 2484 loco
979 2419 1120 2502 positum

111 2510 230 2574 habere
263 2510 313 2574 ius
351 2507 424 2574 Seio
456 2530 521 2573 non
554 2517 647 2590 esset,
679 2512 712 2571 et
743 2506 834 2572 Seius
868 2508 902 2570 in
934 2529 972 2570 eo
1005 2507 1120 2570 silvam

111 2598 260 2680 sevisset,
287 2599 407 2684 inqua
434 2597 528 2661 labra
557 2601 589 2660 et
618 2597 704 2662 tenes
728 2601 755 2661 ct
778 2596 971 2661 cucumellas
995 2595 1121 2678 positas

110 2687 255 2770 haberet,
279 2685 387 2751 Annio
412 2685 581 2751 consilium
606 2707 716 2750 omnes
735 2686 814 2750 iuris
832 2684 929 2768 periti
956 2683 1121 2761 dederunt,

110 2781 148 2841 ut
172 2797 243 2840 cum
265 2797 303 2840 eo
323 2780 445 2860 ageret:
468 2775 517 2839 ius
537 2774 567 2838 ei
587 2796 653 2839 non
672 2795 741 2839 esse
760 2774 794 2836 in
813 2795 851 2837 eo
870 2774 941 2837 loco
961 2794 998 2836 ea
1012 2771 1120 2855 posita

110 2866 231 2930 habere
254 2865 356 2930 invito
381 2887 424 2929 se.

480 2987 530 3053 De
546 2988 748 3071 postliminio.

200 3105 253 3169 48.
276 3103 315 3168 D.
338 3105 390 3185 49,
416 3106 466 3189 15,
489 3103 521 3182 ὅ,
546 3105 575 3169 3.
604 3102 800 3188 Pomponius
824 3102 907 3167 libro
931 3102 1119 3188 trigensimo

111 3194 251 3278 septimo
275 3193 315 3258 ad
339 3191 493 3269 Quintum
511 3193 662 3258 Mucium.
684 3231 725 3239 -
745 3241 797 3258 ...
815 3192 850 3257 in
868 3191 970 3258 Atilio
987 3191 1121 3277 Regulo,

110 3304 207 3368 quem
241 3280 525 3367 Carthaginienses
558 3282 695 3347 Romam
729 3283 893 3366 miserunt,
929 3301 1119 3364 responsum

110 3378 170 3456 est,
193 3393 258 3437 non
283 3391 352 3435 esse
376 3392 448 3435 eum
471 3371 673 3455 postliminio
692 3392 908 3437 reversum...

200 3465 237 3525 of.
260 3465 275 3522 Ι
297 3482 328 3543 p.
352 3466 404 3525 43.

184 3596 198 3643 1
221 3589 295 3646 Trio.
315 3590 399 3658 longa
417 3587 601 3659 possessione.
