2614 3912
448 234 473 286 6.
495 227 702 284 IAVOLDNUS
721 227 870 286 PRISCUS
1097 228 1164 294 443

151 392 325 475 aedificium
347 392 525 476 iomesitmm
546 397 599 472 est,
621 397 785 478 omenque
802 391 955 458 debebitm
971 397 1001 458 et
1016 393 1118 458 sotem
1135 397 1165 458 et

151 482 355 564 meseum.
458 551 508 617 oe
529 552 691 618 moseo
712 551 857 618 omem?

241 659 291 725 16.
314 656 353 723 D.
368 659 399 742 5,
412 659 442 741 3,
455 658 509 724 48.
552 657 723 724 Iavolenus
746 658 830 724 libro
853 658 953 724 tertio
976 680 1016 723 ex
1038 656 1161 725 cassio.
1185 697 1198 734 χ

150 781 196 794 —-
217 747 261 812 Im
282 748 545 813 aestimationibus
567 746 743 812 timeditetis
765 747 811 812 ite
832 749 916 812 omit
931 749 1068 829 pretium
1091 769 1162 813 vom·

149 837 232 901 ditae
253 835 437 920 hereditatis,
459 842 495 901 ot
515 838 551 901 id
571 857 688 919 quoque
709 837 838 920 accedet,
859 837 941 918 qood
956 837 1031 918 ptus
1046 835 1112 917 seit
1128 838 1164 902 im

149 924 321 1008 meditate,
344 927 373 991 si
394 946 432 990 eo
453 926 667 1009 meyotiotioms
687 945 782 990 samse
802 926 912 1002 omiit;
935 925 984 989 sio
1007 930 1109 990 eutem
1126 945 1164 990 es

148 1015 376 1098 fidez'eemmissi
397 1034 500 1097 emsa,
521 1014 603 1079 mihil
625 1014 762 1097 amptius
783 1034 879 1096 qoam
899 1013 980 1097 quod
1000 1013 1081 1080 boma
1103 1015 1164 1097 fide

149 1108 272 1185 amm
474 1172 525 1238 De
545 1172 708 1238 hereditate
731 1172 838 1238 loom.

240 1281 289 1345 17.
313 1278 352 1344 D.
367 1281 420 1363 38,
434 1281 465 1366 2,
478 1281 529 1345 34.
566 1279 738 1345 Iavolenus
760 1278 843 1345 libro
863 1278 961 1345 tertio
980 1300 1019 1344 ex
1040 1276 1162 1346 Cassio.

148 1403 194 1416 —
216 1367 254 1434 Si
276 1368 408 1454 libertos,
431 1389 500 1434 eom
517 1369 594 1434 deos
605 1372 757 1451 patronos
774 1367 903 1451 heberet,
925 1368 1059 1433 eitemm
1072 1383 1164 1450 proe-

150 1456 241 1540 toiit,
263 1457 395 1524 altorem
417 1478 455 1523 es
476 1458 598 1524 semisse
618 1457 691 1538 feeit
711 1456 848 1522 hesim
865 1461 895 1522 et
910 1457 1002 1522 atteri
1018 1461 1163 1523 extraneo

148 1547 303 1612 semissem
315 1546 483 1631 dereliquit,
495 1548 629 1631 semotus
637 1547 758 1629 quidem
768 1551 921 1628 patremus
931 1543 1163 1630 quadrantem¹

149 1636 317 1700 immonem
347 1635 451 1712 behem
483 1636 519 1700 de
548 1641 645 1700 cetera
672 1640 775 1700 aetem
795 1639 888 1717 porte
908 1635 1053 1718 patroni,
1084 1655 1163 1717 quoe

150 1743 246 1808 supro
267 1725 400 1790 debitum
417 1725 446 1790 ei
463 1725 570 1790 retioto
586 1729 638 1803 est,
660 1730 689 1790 et
705 1727 741 1790 de
759 1725 882 1789 semisse
898 1729 1041 1789 extremo
1059 1724 1162 1790 retieto

149 1811 242 1878 atteri
259 1818 393 1895 petrono
412 1834 472 1895 pro
493 1817 565 1879 rote
582 1815 723 1896 portione
743 1813 890 1895 satisfieri
911 1817 1032 1896 oportet.

563 1994 672 2055 Liber
693 1995 746 2057 IV.

512 2096 561 2163 De
583 2098 652 2162 iure
673 2097 799 2163 dotium.

239 2202 290 2267 18.
309 2201 347 2267 D.
357 2202 451 2287 23,4,
465 2203 538 2287 lpr.
569 2201 741 2269 Iavolenus
756 2203 840 2269 libro
856 2207 972 2287 quarto
986 2224 1025 2268 ex
1036 2201 1159 2269 Cassio.

147 2327 191 2338 -
207 2288 331 2357 Poeisei
338 2296 412 2374 post
422 2293 557 2374 nuptias,
575 2294 698 2358 etiamsi
710 2292 791 2358 mihil
804 2297 875 2357 onte
888 2294 1066 2372 memes,
1085 2293 1162 2358 lieet.

239 2380 290 2444 19.
318 2380 358 2445 Ι).
375 2380 452 2445 ibid.
471 2385 491 2459 ξ
508 2383 536 2447 1.
562 2418 600 2428 -
625 2381 724 2446 Poeta
750 2401 829 2462 quoe
855 2383 892 2446 de
917 2383 1071 2447 reddendo
1095 2382 1162 2446 dote

147 2469 244 2554 fient,
271 2470 351 2534 inter
373 2475 476 2534 omnes
497 2471 568 2551 fieri
589 2475 717 2555 oportet,
742 2471 797 2552 qui
819 2475 948 2552 repetere
970 2472 1067 2535 dotem
1090 2473 1118 2534 et
1140 2491 1162 2534 e

148 2557 260 2641 quibes
281 2559 376 2642 repeti
392 2563 501 2642 potest,
523 2579 562 2622 me
583 2559 620 2640 ei,
642 2559 697 2640 qui
717 2578 781 2623 mom
803 2559 953 2640 interfuit,
975 2559 1061 2640 mmet
1079 2558 1161 2622 erbi-

150 2652 235 2712 trmm
257 2651 476 2730 mqmosoeotem
492 2651 622 2729 paetum
643 2667 707 2712 mom
723 2647 833 2729 prosit.

238 2735 290 2801 20.
313 2736 351 2801 D.
366 2737 420 2819 23,
434 2735 463 2819 3,
478 2736 530 2800 64.
566 2734 737 2800 Iavolenus
752 2736 837 2799 libro
853 2738 968 2820 quarto
984 2755 1022 2798 ex
1037 2731 1160 2800 Cassio.

148 2861 193 2873 -
222 2825 299 2891 Post
327 2826 494 2891 divortium
526 2825 637 2890 molier
667 2825 697 2890 si
727 2825 764 2889 de
790 2825 857 2890 dote
883 2822 1053 2909 [moritus]
1079 2823 1161 2890 nme

147 2914 231 2980 eavit
256 2918 295 2997 et,
325 2934 395 2979 eom
422 2914 482 2979 eiii
508 2914 673 2996 emisset,
695 2917 802 2996 postea
829 2913 872 2979 ad
894 2913 1031 2995 priorem
1057 2914 1162 2980 oirmm

146 3003 247 3082 rediit,
270 3004 359 3070 tacite
381 3005 436 3069 dos
457 3005 486 3069 ei
507 3003 740 3086 redinteoretor.

571 3185 681 3246 Liber
702 3186 740 3248 V.

565 3286 616 3353 De
638 3288 746 3354 tutelis.

238 3395 290 3458 21.
313 3393 351 3459 D.
366 3394 419 3472 26,
433 3395 464 3478 2,
478 3395 530 3460 24.
566 3379 738 3459 Iavolenus
756 3393 840 3459 libro
855 3394 968 3478 quinto
983 3416 1022 3459 ex
1036 3392 1161 3460 Cassio.

148 3518 192 3531 —
216 3481 254 3548 Si
271 3482 378 3566 ptmes
401 3487 512 3548 totores
533 3483 606 3565 sint,
627 3503 649 3547 o
664 3488 807 3566 praetore
828 3479 979 3548 tutorem²
993 3484 1079 3564 posoi
1096 3482 1162 3546 titis

222 3609 237 3656 1
258 3602 333 3683 Trio.
353 3602 477 3658 debitam
496 3602 550 3658 sibi
567 3605 685 3672 partem.
758 3607 774 3655 2
796 3602 870 3658 Trio.
890 3603 1054 3656 curatorem.

1187 3742 1231 3749 a.—
