2590 3902
506 248 531 298 3.
549 241 712 298 MINIDIUS
1045 242 1113 307 267

101 405 210 472 Dama
245 425 305 489 per
340 404 558 489 ignorantiam
595 404 676 470 mibi
711 426 770 490 pro
807 426 845 470 co
881 404 1019 470 traditus
1056 409 1114 471 est.

100 495 231 560 Priscus
255 493 303 558 ait
326 515 387 558 usu
408 515 460 558 me
481 516 556 558 eum
578 515 644 558 non
667 497 849 577 cnpbrrurn,
871 493 949 578 qnia
971 493 1004 558 id
1029 494 1114 579 quod

101 588 250 666 emptum
269 603 336 647 non
355 582 406 661 sit,
424 604 483 666 pro
503 586 647 666 emptore
666 603 726 646 usu
740 583 812 666 capi
830 603 897 648 non
915 585 1038 668 potest3
1030 583 1114 648 ·sed

100 673 131 738 si
160 671 278 736 fundus
304 674 431 755 emptus
455 671 499 736 sit
522 675 555 735 et
577 671 749 754 ampliores
771 670 853 735 fines
875 670 1017 755 possessi
1040 672 1115 756 sint,

102 764 210 826 totum
227 779 288 826 iesu
307 758 405 843 capi¹,
429 759 581 843 qnoniam
600 759 793 825 universitas
814 759 881 824 eius
899 760 1113 844 possideatur,

101 870 169 914 non
194 848 342 934 singulae
364 852 482 932 partes.

476 1006 527 1074 De
549 1008 740 1073 cordialibus.

194 1132 245 1196 14.
273 1130 313 1198 D.
334 1131 503 1213 13,1,13.
547 1130 669 1195 Paulus
697 1131 780 1196 libro
807 1131 999 1214 trigensimo
1026 1152 1113 1196 nono

100 1220 144 1284 sd
172 1220 313 1284 edictum
336 1217 385 1306 (P.
403 1217 493 1304 567).
517 1255 559 1266 -
582 1218 633 1284 Ex
660 1223 796 1303 argento
820 1221 974 1304 subrepto
997 1220 1114 1304 pocula
1172 1221 1176 1228 '

102 1309 190 1374 facta
214 1307 340 1373 cundici
361 1329 456 1392 posse
479 1307 644 1373 Fulcinius
668 1309 722 1373 ait.

190 1401 229 1464 of.
248 1400 314 1462 cai.
333 1403 362 1476 2,
380 1404 422 1462 79
452 1397 493 1462 ἦ.
513 1402 540 1461 si
567 1421 603 1461 ex
627 1420 704 1462 auro
733 1403 787 1461 aut
814 1404 938 1479 argento
967 1419 1032 1460 meo
1059 1419 1113 1461 vas

99 1491 226 1568 aliquod
249 1490 354 1550 secans
368 1537 375 1551 .
391 1535 397 1549 .
414 1536 433 1566 .,
462 1484 655 1568 (quaeritur,
676 1492 780 1549 utrum
803 1493 892 1549 tuum
914 1491 954 1549 sit
976 1488 1056 1567 quod
1079 1508 1114 1548 cx

101 1598 168 1640 meo
192 1573 354 1657 effeceris)
379 1597 420 1638 an
442 1598 542 1638 meum
557 1627 563 1639 .
579 1624 586 1638 .
600 1622 609 1640 .
622 1579 675 1638 sod
695 1597 767 1637 eum
781 1624 789 1638 .
803 1621 811 1637 .
824 1578 910 1637 cuius
933 1578 1060 1637 matoria
1082 1581 1114 1638 et

101 1667 273 1727 substantie
306 1667 412 1743 fucrit,
447 1667 524 1726 furti
559 1667 703 1727 adversus
734 1684 806 1725 oum
837 1665 889 1742 qui
921 1666 1112 1742 subripuerit,

100 1757 214 1816 habero
232 1756 392 1831 actionem3
410 1774 464 1814 neo
482 1755 582 1814 minus
597 1755 742 1814 adversus
755 1753 883 1813 cundem
897 1754 1114 1814 condictionem

100 1844 129 1904 ei
162 1837 344 2012 compogcre'
376 1836 430 1925 (sc.
463 1843 590 1903 maxime
619 1843 758 1904 divorsae
791 1843 909 1903 scholae
937 1843 1112 1903 auctoribus

102 1934 203 1993 risum
226 1934 295 1991 est.

163 2102 215 2168 Dc
236 2103 382 2168 musione
403 2104 438 2168 iu
455 2105 676 2185 possmcionem
697 2105 744 2168 rei
765 2107 932 2170 secundae
952 2124 1056 2170 causa.

193 2227 244 2292 15.
266 2225 506 2310 n42,4,.7pr
539 2226 697 2312 Ulpianus
716 2227 800 2294 libro
820 2229 1113 2313 quinquagensimo

101 2336 189 2382 nono
223 2313 264 2379 ad
297 2276 380 2380 ediol
366 2319 435 2380 tum
468 2313 517 2401 (P.
539 2314 717 2402 1.-389)
753 2315 918 2381 Fulcinius
951 2317 1114 2380 existimat

100 2405 279 2470 creditores
302 2405 349 2468 rei
373 2404 548 2468 servandae
571 2426 668 2468 causa
687 2405 803 2470 missos
823 2405 857 2468 in
874 2405 1113 2512 possessionem

100 2516 144 2558 ex
166 2493 218 2558 his
243 2492 341 2557 rebus
365 2493 409 2557 ali
432 2514 498 2557 non
521 2493 644 2556 debere.

530 2672 690 2682 ..nun—a·-

257 2791 299 2874 3.
338 2792 425 2896 (aa)
454 2794 668 2869 ursicius
694 2790 963 2894 (utuinisi).

193 2940 280 3012 Quod
302 2941 334 2999 in
356 2940 518 3000 Iustiniani
540 2941 734 3018 Digestorum
757 2938 934 3018 fragmentis
953 2932 1114 2999 ‘Minicius’

101 3051 122 3091 a
153 3029 318 3106 Pomponio
353 3027 393 3088 ad
425 3028 568 3090 Sabinum
599 3028 742 3089 laudatur
774 3022 825 3103 (D.
850 3031 900 3106 19,
922 3031 949 3106 1,
970 3030 998 3106 6,
1016 3021 1052 3108 4)
1084 3033 1115 3088 et

6 3127 7 3132 ’
100 3119 214 3180 Iuliani
247 3117 316 3176 libri
348 3112 397 3177 ‘ex
427 3110 559 3177 Minicio'
591 3118 641 3178 vel
673 3112 723 3177 ‘ad
752 3111 916 3177 Minicium'
949 3117 1116 3178 afferuntur

6 3205 7 3216 *
102 3201 149 3290 (P.
168 3199 373 3287 843-882),
403 3206 559 3283 disputant
584 3207 644 3268 viri
670 3207 763 3284 docti,
794 3226 867 3265 num
898 3206 924 3265 is
952 3200 1113 3266 ‘Minicius'

99 3297 182 3358 idem
219 3295 261 3357 sit
295 3303 386 3372 atque
422 3295 471 3355 vel
507 3295 559 3354 illo
597 3289 746 3355 ‘Minicius
780 3289 920 3373 Natalis‘‚
956 3294 995 3354 ed
1027 3314 1115 3372 quem

101 3386 267 3447 Traianum
293 3384 481 3460 rescripsisse
508 3382 656 3461 Ulpianus
684 3385 777 3444 refert
804 3377 853 3462 (D.
875 3385 903 3460 2,
924 3384 974 3459 12,
994 3377 1039 3463 9),
1066 3383 1115 3442 vel

99 3469 147 3534 ‘Ia
162 3473 302 3536 Minicius
315 3466 455 3548 Natalis’‚
470 3472 505 3532 de
520 3472 604 3531 cuius
617 3471 780 3532 honoribus
795 3470 859 3531 CIL
867 3471 905 3548 ΙΙ,
914 3472 1008 3530 4510.
1018 3472 1113 3529 4511.

174 3611 189 3659 1
211 3605 287 3662 Trio.
305 3604 392 3674 longo
410 3607 536 3674 temporo
555 3603 627 3674 capi.
