2590 3902
534 201 559 253 3,
578 195 740 252 MINIOIUS
1076 199 1140 264 277

449 375 499 443 Dc
521 381 620 461 operte
642 379 826 445 litotorma.

220 483 262 549 7?
286 482 325 548 D.
340 482 393 568 38,
408 482 502 567 1‚27‚
543 483 687 550 Iulianus
711 485 795 551 libro
819 486 925 571 primo
949 509 987 553 ex
1007 487 1140 553 Minicio

128 570 178 659 (P.
198 569 288 659 849).
317 609 360 620 -
388 570 424 638 Si
454 573 590 639 libertus
624 577 728 640 artem
759 575 953 658 pantomimi
986 581 1142 660 exerceat,

127 687 232 728 verum
268 669 314 727 est
347 665 454 726 debere
490 685 559 726 eum
593 686 653 728 non
691 669 789 729 solum
823 669 881 745 ipsi
912 673 1053 748 patrono,
1089 670 1142 731 sed

129 757 222 816 etiam
249 755 414 815 amicorum
441 756 521 815 ludis
546 756 713 833 gratuitam
736 775 856 832 operam
877 759 1035 836 praebere;
1064 760 1142 819 sicut

130 864 199 904 eum
223 863 342 923 quoque
365 845 522 921 libertum,
546 845 598 922 qui
620 843 798 905 medicinam
821 849 945 921 exercet,
969 867 1073 907 verum
1096 851 1142 908 est

129 936 289 994 voluntate
316 933 436 1009 patroni
464 937 638 993 curaturum
666 933 762 1012 gratis
789 935 900 994 amieos
929 934 999 995 eius.
1044 955 1141 1014 neque

131 1023 211 1083 enim
234 1025 356 1099 oportet
377 1023 551 1099 patronum,
575 1024 611 1081 ut
633 1021 732 1098 operis
754 1021 856 1082 liberti
879 1023 926 1083 sui
948 1026 1065 1103 utatur,
1089 1027 1142 1085 aut

127 1111 215 1172 ludos
240 1129 358 1187 semper
379 1111 478 1170 fecere
500 1114 556 1169 aut
577 1114 743 1189 aegrotare.

466 1305 512 1364 Ex
534 1305 646 1365 Iuliani
668 1307 747 1367 libro
769 1305 809 1366 IL

415 1424 465 1490 De
486 1425 645 1491 vamum
667 1425 856 1510 odlipotione.

219 1531 262 1598 8?
287 1530 490 1612 Ι).45,1,62.
532 1530 621 1596 Idem
645 1528 702 1618 (sc.
716 1529 877 1619 Iulianus)
898 1532 983 1597 libro
1002 1532 1142 1597 secundo

17 1625 18 1650 ¹
130 1643 168 1686 ex
190 1620 322 1686 Minicio
345 1617 394 1707 (P.
409 1618 499 1706 858).
522 1655 564 1666 --
587 1617 704 1686 Servus
727 1624 856 1686 vetante
880 1621 1012 1686 domino
1036 1619 1064 1686 si
1086 1643 1142 1706 pe-

130 1711 259 1776 cuniam
293 1711 334 1775 eb
368 1709 432 1775 alio
463 1709 637 1793 stipulatus
664 1709 721 1793 sit,
752 1709 856 1775 nihilo
884 1710 990 1775 minus
1020 1709 1143 1794 obligat

131 1800 261 1865 domino
285 1799 522 1883 promissorem.

507 1938 557 2006 De
578 1941 772 2024 usucapione.

219 2047 249 2113 9.
277 2047 316 2112 D.
330 2047 383 2129 41,
396 2047 428 2130 4,
441 2047 471 2112 8.
517 2046 608 2112 Idem
630 2042 689 2133 (sc.
710 2043 871 2134 Iulianus)
894 2047 978 2112 libro
1004 2046 1142 2112 secundo

132 2158 169 2201 ex
187 2134 318 2202 Minicio
338 2131 387 2221 (P.
402 2134 489 2214 855).
508 2171 550 2182 —-
570 2133 605 2200 si
628 2136 709 2220 quis,
732 2158 806 2202 cum
825 2136 922 2200 sciret
940 2135 1142 2201 venditorem

130 2224 301 2310 pecuniam
324 2223 436 2290 statim
455 2228 729 2310 consumpturum,
753 2245 862 2290 servos
882 2224 923 2288 ab
942 2246 979 2289 eo
999 2225 1143 2307 emisset,

130 2319 265 2397 plerique
277 2315 496 2395 responderunt
509 2337 578 2378 eum
590 2318 685 2379 nihilo
698 2318 797 2378 minus
811 2319 890 2378 bona
903 2318 961 2378 fide
976 2321 1144 2394 emptorem
1169 2342 1172 2346 ·

132 2425 208 2482 esse,
236 2407 326 2484 idque
353 2405 454 2469 remus
477 2410 531 2467 est.
577 2407 726 2485 quomodo
750 2406 828 2465 enim
850 2406 931 2465 mala
953 2405 1013 2466 fide'
1038 2406 1144 2466 emisse

130 2495 259 2569 videtur,
282 2495 335 2573 qui
357 2514 376 2554 e
399 2495 516 2556 domino
540 2493 633 2557 smitl
668 2495 727 2554 nisi
747 2495 826 2554 forte
845 2498 876 2555 et
892 2495 929 2572 ie,
947 2494 1000 2570 qui
1017 2512 1036 2552 e
1054 2494 1141 2552 luxu·

131 2585 210 2646 rioso
243 2587 275 2644 et
301 2583 438 2660 protinus
467 2586 566 2644 scorto
595 2583 704 2643 deturo
735 2581 892 2662 pecuniam
926 2599 1028 2642 servos
1060 2581 1142 2656 emit,

131 2692 191 2734 non
213 2672 378 2748 usucapiet.
682 2672 686 2680 '

222 2755 285 2821 10?
306 2755 447 2840 1).41‚4,
459 2757 509 2821 10.
545 2754 635 2820 Idem
655 2750 881 2838 (scIulianus)
899 2753 983 2818 libro
1003 2750 1142 2818 secundo

132 2845 172 2910 ad
204 2841 373 2909 Minicium
405 2841 454 2930 (P.
479 2839 569 2931 856).
596 2877 638 2890 -
671 2841 788 2909 Servus
822 2842 952 2908 domino
985 2841 1145 2920 ancillam,

132 2954 228 3019 quam
253 2933 470 3017 subripuerat,
497 2955 556 3017 pro
581 2933 687 3017 capite
710 2954 768 2997 euo
793 2932 895 3016 dedit3
924 2953 962 2997 ea
989 2931 1145 3014 concepit.

132 3022 314 3107 quaesitum
346 3024 411 3100 est,
446 3043 488 3085 an
520 3021 670 3087 dominus
703 3043 775 3086 eum
808 3025 936 3108 partum
969 3040 1145 3104 usucapere

131 3111 244 3196 possit
291 3110 471 3194 respondit:
498 3109 551 3175 hio
574 3110 724 3175 dominus
748 3111 841 3196 quasi
864 3115 992 3195 emptor
1012 3114 1144 3194 partum

132 3219 307 3282 usucapere
325 3203 445 3283 potest,
466 3220 604 3284 namque
623 3221 674 3264 res
694 3199 724 3263 ei
742 3201 835 3265 abest
852 3222 911 3284 pro
929 3200 990 3265 hac
1009 3199 1145 3264 muliere

132 3291 165 3352 et
202 3289 346 3373 [genere]
386 3286 623 3371 quodammodo
660 3287 802 3354 venditio
836 3289 923 3354 inter
954 3309 1081 3353 serrum
1113 3288 1146 3349 et

134 3375 300 3441 dominum
324 3379 492 3440 contracta
515 3381 574 3441 eet.

225 3462 290 3528 11?
313 3463 353 3528 D.
366 3464 419 3548 41,
433 3465 464 3544 2,
478 3464 529 3530 39.
562 3464 653 3529 Idem
666 3463 719 3547 (sc.
734 3463 895 3547 Iulianus)
908 3463 992 3528 libro
1008 3458 1145 3526 secundo

134 3573 173 3616 ex
206 3550 340 3617 Minicio
372 3550 420 3638 (P.
439 3549 528 3637 854).
557 3588 599 3599 -
627 3551 788 3616 Interesse
819 3556 913 3636 puto,
946 3571 1009 3632 que
1040 3549 1149 3609 mente
