2580 3900
166 192 232 256 194
248 192 295 248 III.
305 191 380 247 san
390 189 538 246 CLAUDII
548 189 687 245 NERON.
698 189 842 246 GALBAD
854 189 960 244 TEMP.
971 189 1067 246 IURIS
1077 189 1184 246 CONS.

166 357 220 441 qui
252 355 401 439 putabat,
434 355 463 419 si
495 354 669 419 satisdatur
702 352 862 420 alicuide
883 350 991 435 partc²
1017 354 1187 439 pecuniae,

165 445 312 508 recedere
336 465 408 507 eum
432 465 451 508 a
474 442 665 528 pignoribus
690 442 813 506 debere.

255 554 354 614 Aliam
379 553 415 614 de
437 554 563 633 pignore
586 553 722 613 Atilicini
746 554 927 614 sententiam
948 574 976 615 v.
990 554 1078 631 Resp.
1095 559 1122 614 7.

585 726 637 791 Dc
655 726 760 808 furtis.

257 843 306 908 17.
334 841 374 907 D.
389 841 432 906 30
455 843 497 908 48
507 865 554 927 pr.
600 841 798 925 Pomponius
826 841 911 906 libro
939 846 1030 907 sexto
1059 842 1099 907 ad
1124 841 1182 908 Sa·

164 930 278 996 binum
302 930 350 1014 (P.
364 895 455 1016 4995.
478 967 522 978 -
546 929 581 995 Si
608 928 734 995 heredis
764 951 873 994 servus
900 952 968 994 rem
992 929 1070 1016 (per
1093 932 1182 996 dem-

165 1021 351 1104 nationem>
382 1022 524 1105 legatam
551 1020 721 1104 ignorante
749 1018 878 1084 domino
907 1020 1120 1085 subtraxisset
1148 1024 1183 1086 et

165 1109 371 1193 vendidisset,
394 1107 569 1174 Atilicinus
592 1109 625 1172 in
648 1107 771 1172 factum
793 1107 930 1172 dandam
951 1110 1120 1193 actionem,
1143 1113 1184 1175 ut

165 1200 216 1263 vel
235 1220 337 1263 noxae
357 1220 485 1263 servum
504 1197 632 1262 dederet
652 1196 800 1262 dominus
819 1198 870 1261 vel
889 1219 928 1260 ex
945 1198 1072 1281 peculio
1087 1220 1182 1282 prae-

166 1291 279 1371 staret,
302 1287 387 1371 quod
411 1308 449 1351 ex
472 1287 657 1351 venditione
681 1284 749 1349 eius
773 1285 820 1349 rei
843 1285 985 1351 haberet.

572 1463 622 1528 Dc
644 1465 774 1529 iniuria.

257 1581 305 1646 18.
343 1580 382 1644 D.
405 1579 458 1663 47,
484 1579 662 1662 10,11,o.
717 1577 875 1663 Ulpianus
907 1579 991 1644 libro
1025 1579 1181 1664 quinqua·

165 1670 313 1756 gensimo
342 1669 480 1754 septimo
510 1667 551 1732 ad
579 1668 719 1732 edictum
742 1664 790 1754 (P.
807 1665 916 1754 1344).
940 1668 1183 1734 —Atilicinus

164 1807 195 1823 ..
224 1758 270 1822 ait
297 1760 331 1822 et
360 1761 388 1822 si
414 1758 630 1841 persuaserim
656 1757 752 1822 alicui
775 1754 897 1841 (potius
921 1754 1075 1841 libertol)
1098 1759 1182 1823 alias
1278 1829 1279 1840 .

165 1846 298 1929 nolenti,
318 1850 354 1910 ut
374 1846 455 1911 mihi
474 1845 514 1910 ad
530 1845 681 1910 iniuriam
696 1845 875 1910 faciendam
891 1845 1066 1931 oboediret,
1084 1869 1182 1930 posse
1278 1867 1279 1906 3

164 1935 354 1999 iniuriarum
377 1955 502 1999 mecum
526 1934 589 2020 agi.

564 2111 686 2177 Iudicio
708 2111 786 2176 sisti.

257 2227 306 2291 19.
334 2225 374 2293 D.
388 2228 419 2310 2,
435 2230 486 2311 11,
501 2229 531 2312 4,
545 2229 576 2293 4.
623 2225 781 2311 Ulpianus
807 2227 891 2292 libro
916 2227 1182 2312 septuagensimo

167 2321 281 2401 quarto
316 2316 356 2380 ad
390 2317 530 2382 edictum
559 2313 609 2403 (P.
631 2313 740 2402 1657).
770 2351 807 2362 —
840 2315 1028 2391 Quaesitum
1062 2321 1111 2382 est
1141 2341 1186 2383 an·

165 2404 272 2489 possit
290 2406 462 2484 conveniri,
485 2428 526 2470 ne
544 2406 612 2470 ulla
631 2403 775 2489 exceptio
794 2403 827 2470 in
846 2407 1019 2472 vadimonio
1038 2405 1184 2473 dosert0²

167 2493 336 2560 obiciatur.
380 2500 412 2560 et
440 2495 487 2560 ait
515 2494 690 2559 Atilicinus
718 2495 964 2559 conventionem
991 2494 1088 2560 istam
1115 2518 1183 2561 non

165 2584 306 2739 valeri'o.
335 2672 373 2738 u.
388 2674 419 2753 3,
434 2673 464 2753 3,
478 2674 531 2756 43,
545 2672 575 2738 3.
625 2671 714 2736 uem
743 2670 800 2757 (sa.
818 2669 953 2757 Paulus)
983 2671 1066 2736 saro
1094 2694 1183 2738 nono

167 2761 207 2826 ad
226 2762 365 2827 edictum
384 2758 433 2848 (P.
446 2761 548 2847 185⁸).
561 2798 605 2808 -
620 2759 654 2826 Si
672 2764 862 2846 procurator
881 2765 959 2847 agat
978 2763 1010 2824 et
1028 2782 1183 2844 praesens

167 2851 211 2914 sit
230 2851 374 2914 absentis
394 2872 514 2935 servus,
538 2850 711 2915 Atilicinus
732 2851 778 2914 ait
797 2870 890 2915 servo
910 2847 1095 2929 cavendum,
1114 2872 1182 2915 non

165 2936 378 3021 procuratori.

468 3043 518 3108 Dc
539 3043 714 3109 laeditutts
733 3044 884 3125 petitione.
949 3079 952 3085 ·

256 3159 308 3222 21.
333 3157 371 3221 D.
381 3156 412 3242 5,
421 3159 452 3242 3,
461 3159 513 3222 43.
554 3158 674 3223 Paulus
695 3157 779 3223 libro
798 3159 939 3224 secundo
959 3159 999 3224 ad
1017 3158 1182 3226 Plautium

168 3244 218 3334 (P.
235 3243 343 3332 1081).
371 3281 407 3292 -
434 3246 611 3331 Postquam
638 3247 783 3332 legatum
812 3269 831 3311 a
854 3251 887 3312 te
911 3249 1032 3333 accepi,
1059 3249 1182 3314 heredi·

165 3340 269 3399 tatem
299 3338 386 3418 peto.
435 3336 609 3400 Atilicinus
638 3337 829 3421 quibusdam
855 3337 1015 3421 placuisse
1045 3338 1182 3404 sitnon

239 3497 255 3614 A
274 3490 602 3632 Pdibdeiriapeiromissione
617 3564 728 3620 deserta
742 3564 846 3621 iudicio
865 3565 983 3621 sistendi
997 3582 1082 3622 causa
1096 3565 1181 3622 facta.
