2614 3912
440 221 464 270 o.
488 212 696 270 levoaouos
715 212 864 270 Pmsoos
1091 211 1159 279 445

417 430 467 496 De
490 436 664 496 testameuto
686 431 893 497 manumissis.

217 559 218 564 ’
239 554 290 620 26.
309 553 348 620 D.
358 554 411 637 40,
423 555 451 638 7,
465 555 507 620 28
517 576 564 638 pr.
595 554 766 620 Iavolenus
780 555 863 620 libro
879 557 968 619 sexto
983 576 1022 618 ex
1036 552 1159 619 Cassia.

153 679 192 692 -
209 642 259 709 'Si
290 643 441 710 hereditas
470 645 549 727 eius,
581 645 635 726 qui
666 664 797 722 sororem,
829 644 915 708 iutra
941 644 1006 708 dies
1033 644 1162 726 triptota

149 733 258 798 mortis
280 753 353 798 suae
375 734 404 796 si
425 734 559 798 ratioues
581 733 767 818 reddidisset,
790 733 919 797 tutorum
941 751 1004 796 esse
1021 733 1162 817 iusserat,

143 826 217 906 post
234 823 298 886 dies
316 822 445 904 tripiuta
462 822 551 886 adita
569 826 620 900 est,
643 822 711 886 iure
727 822 847 903 quimm
865 822 968 886 striato
986 823 1033 885 ita
1050 841 1161 886 mumu-

149 913 264 976 missus
282 911 357 976 tum
375 929 437 976 esse
454 931 518 975 mou
530 914 638 993 potest,
656 911 803 992 qumiom
819 911 993 974 eoudioioue
1005 911 1161 993 dedeitum·

150 1001 204 1066 sed
222 999 314 1080 favor
337 1000 484 1064 libertatis
506 1020 538 1064 eo
561 1020 626 1064 rem
646 1000 798 1081 perduxit,
820 1005 855 1063 ut
876 999 1095 1080 respondeatur
1113 1019 1161 1064 eu·

143 1088 263 1173 ptetam
281 1089 495 1168 eoudioiouem,
515 1090 614 1171 siper
632 1108 710 1167 eum,
728 1089 779 1153 eui
796 1089 870 1153 data
888 1092 970 1170 esset,
987 1107 1051 1152 uou
1068 1091 1163 1152 staret

149 1198 210 1262 quo
231 1179 337 1243 miuus
359 1177 535 1260 expleretur.

514 1371 564 1437 De
585 1377 667 1438 statu
691 1372 800 1437 tuteris.

242 1497 294 1562 27.
321 1496 361 1561 D.
380 1497 458 1561 ibid.
476 1499 496 1577 ᾖ
514 1498 541 1561 1.
565 1533 605 1543 -
634 1494 808 1577 Statutiber,
836 1501 1002 1579 autequam
1028 1495 1162 1561 eondioio

153 1587 301 1653 luemus
318 1587 465 1669 optrperit
483 1587 512 1650 si
529 1586 605 1667 quid
621 1589 833 1668 comparasset,
847 1586 966 1666 peculio
986 1585 1082 1668 deputo
1100 1604 1164 1648 uou

153 1695 309 1741 cessurum
334 1676 369 1739 iu
397 1675 484 1740 tetris
509 1673 587 1740 Gaii
609 1673 711 1739 Cassii
732 1676 880 1757 seriptum
902 1678 958 1758 est,
984 1675 1047 1738 uisi
1069 1674 1104 1738 id
1126 1673 1163 1738 te·
1187 1755 1190 1762 ‚

150 1769 259 1849 potum
281 1765 315 1828 iu
338 1769 455 1846 tempus
477 1763 625 1851 libertatis
646 1763 789 1828 eottatum
806 1767 888 1829 esset.
928 1764 1096 1848 uideamus,
1117 1783 1163 1841 ue,

153 1873 223 1918 oum
239 1854 395 1936 petredium
418 1858 446 1917 et
467 1853 666 1918 aeoessiouem
688 1857 716 1916 et
737 1853 933 1918 decessionem
952 1851 1069 1936 tabeat,
1092 1873 1164 1936 oup-

146 1946 290 2020 meutum
316 1963 434 2025 quoque
460 1943 525 2006 eius
546 1942 675 2025 peoutii,
701 1941 730 2006 si
757 1943 844 2007 modo
871 1941 910 2006 ab
936 1941 1041 2006 herede
1063 1941 1092 2006 ei
1113 1940 1165 2006 ab·

153 2033 253 2096 tatmu
279 2051 343 2096 uou
369 2032 421 2110 sit,
450 2031 546 2114 tepato
573 2050 727 2096 cessurum
753 2031 809 2109 sit;
837 2035 866 2096 et
891 2031 991 2114 mapis
1016 2030 1071 2096 aa
1096 2030 1165 2094 iure

152 2121 281 2186 utiomr.

473 2243 522 2309 De
545 2245 643 2327 operis
666 2244 849 2310 libertorum.

246 2369 298 2434 28.
320 2367 360 2434 D.
375 2368 426 2451 38,
443 2369 471 2453 1,
485 2369 538 2433 21.
578 2368 748 2433 Iavolenus
771 2369 855 2433 libro
875 2372 965 2432 sexto
985 2390 1023 2433 ox
1042 2364 1165 2432 Cassio.

147 2467 196 2505 '—
224 2455 339 2540 Operae
360 2459 442 2522 euim
464 2458 562 2538 ma]
585 2459 633 2522 edi
654 2457 759 2522 debeut
780 2457 834 2522 ubi
845 2461 1000 2539 patronus
1017 2459 1165 2538 moratur,

153 2553 280 2630 sumptu
301 2546 413 2633 scilieet
433 2551 462 2609 et
483 2551 606 2611 oeotura
621 2546 759 2629 patrom‘.

245 2635 297 2700 29.
320 2633 359 2699 D.
374 2635 425 2714 38,
441 2636 470 2718 1,
484 2635 536 2700 33.
576 2634 747 2700 Iavolenus
768 2633 851 2698 libro
870 2637 962 2697 sexto
981 2653 1020 2696 ex
1042 2629 1165 2697 Cassio.

159 2760 197 2773 -
214 2724 341 2807 Impoui
358 2744 464 2805 operae
481 2725 535 2806 ita,
553 2728 588 2789 ut
605 2724 669 2805 ipse
683 2723 807 2788 tdertus
818 2742 851 2787 se
864 2721 938 2801 atat,
956 2741 1018 2786 uou
1026 2724 1165 2803 possunt.

651 2918 668 2983 t

247 3045 299 3111 30.
322 3044 361 3110 Ι).
376 3045 474 3130 50,4,
490 3045 540 3111 12.
580 3042 751 3108 Iavolenus
771 3042 854 3107 libro
874 3045 965 3107 sexto
985 3062 1024 3105 ex
1042 3039 1166 3106 Cassio.

159 3169 199 3182 -
225 3131 284 3199 Orsi
305 3135 443 3200 muueris
462 3133 578 3217 parotidi
598 3133 718 3198 oaootio
740 3133 842 3215 datur,
863 3152 927 3196 mom
946 3131 1113 3196 remittitur
1130 3130 1167 3214 ei,

156 3243 196 3288 ue
217 3224 419 3305 mapistratus
440 3224 507 3307 fiat,
529 3224 604 3306 quio
625 3223 661 3288 id
677 3224 720 3287 ad
735 3221 878 3288 hamorem
895 3221 996 3305 mapis
1013 3240 1107 3302 quam
1124 3219 1169 3284 od

156 3331 288 3376 mouera
311 3314 451 3394 pertimet.
496 3319 596 3389 eeteru,
620 3312 739 3390 ommia,
765 3331 843 3393 quoe
868 3312 912 3375 ad
937 3315 1054 3390 tempus
1079 3313 1168 3373 eatra

157 3401 296 3466 ordinem
318 3403 491 3485 euipuutur,
512 3400 604 3466 oduti
626 3400 757 3466 muuitio
779 3401 912 3477 riarum,
935 3398 975 3463 ab
992 3396 1168 3462 huiusmodi

152 3510 289 3574 persorm
311 3492 459 3574 euipeuda
479 3510 543 3556 uou
564 3494 644 3554 suut.
