2596 3902
173 216 217 281 60
243 215 290 271 111.
305 215 381 270 GAII
395 214 542 270 CLAUDII
556 213 691 270 NERON.
702 214 845 270 GALBAE
854 214 960 270 TEMP.
971 215 1067 272 lURlS
1078 213 1180 271 OONS.

174 376 256 444 Cum
279 400 399 457 servus,
427 379 461 442 in
485 400 547 462 quo
570 399 664 442 usum
686 377 828 444 fructum
846 379 1012 462 habemns,
1035 378 1181 462 proprie-

173 468 250 531 tatis
274 467 403 532 domino
427 489 466 532 ex
488 488 523 531 re
545 465 714 532 fructuarii
737 468 789 532 rel
808 489 846 532 ex
865 468 972 551 operis
991 464 1059 532 eius
1078 468 1182 532 nomi·

172 555 275 620 natim
299 556 483 640 stipuletur,
511 556 690 640 adquiritur
711 555 843 622 domino
866 555 1086 640 proprietatis.
1122 556 1180 620 sed

173 667 237 729 qua
269 645 394 710 actione
426 644 621 710 fructuarius
654 644 831 729 reciperare
859 647 964 729 possit
997 667 1015 709 a
1047 645 1182 710 domino

108 772 111 778 ·
172 735 392 818 proprietatis,
410 734 633 815 requirendum
652 737 711 798 est.
743 733 822 797 item
841 734 869 798 si
889 755 999 799 servus
1018 733 1182 798 bonafide

172 823 265 887 nobis
292 823 411 887 serviat
435 827 467 886 et
490 822 522 887 id
547 822 631 906 quod
654 823 749 887 nobis
773 822 941 905 adquirere
963 823 1096 906 poterit,
1123 844 1183 887 no·

174 911 321 976 minatim
336 911 466 976 domino
486 933 544 976 suo
564 911 738 994 stipulatus
758 910 868 996 fuerit,
888 911 918 976 ei
937 910 1094 997 adquiret.
1125 911 1183 976 sed

174 1022 238 1083 qua
266 1000 392 1065 actione
420 1001 454 1065 id
481 1000 659 1083 reciperare
687 1020 873 1082 possumus,
903 1021 1102 1084 quaeremus.
1148 1003 1185 1065 et

172 1110 239 1154 non
262 1089 329 1153 sine
353 1090 478 1154 ratione
502 1093 561 1172 est,
584 1087 667 1168 quod
687 1086 787 1152 Gaius
809 1092 922 1153 noster
941 1088 1031 1172 dixit,
1055 1088 1185 1153 condici

172 1178 263 1283 ici-in
286 1183 421 1262 utroque
444 1200 520 1243 casu
543 1199 639 1261 posse
663 1176 803 1242 domino.

261 1277 367 1350 ‘Gaius
389 1282 504 1351 noster'
531 1307 590 1348 non
613 1288 770 1364 Pomponii
792 1288 845 1348 ille
868 1289 1003 1364 aequalis
1026 1289 1185 1350 habendus

173 1382 229 1456 est,
253 1379 331 1456 quod
354 1380 446 1457 vulgo
469 1377 529 1438 viri
552 1373 634 1437 docti
658 1378 831 1437 existimant
854 1370 906 1459 (cf.
929 1378 1022 1437 Lenel
1046 1377 1077 1438 P.
1101 1379 1185 1454 apud

173 1465 281 1528 Gaium
300 1459 388 1549 482),
412 1467 521 1544 quippe
544 1466 628 1525 euius
654 1469 819 1526 sententiae
842 1485 990 1542 nusquam
1012 1466 1186 1546 laudentur,

172 1555 224 1616 sed
248 1555 377 1616 Cassius.
409 1576 437 1616 v.
461 1574 551 1632 supra
573 1575 601 1631 p.
627 1557 677 1614 19.

451 1725 501 1791 De
522 1727 697 1792 litterarum
719 1727 910 1811 obtipatioae.

261 1850 314 1916 94.
342 1849 413 1917 Gai.
431 1852 461 1934 3,
482 1850 554 1916 133.
578 1887 621 1897 -
650 1850 927 1935 Trausscripticiis
947 1851 1186 1918 ..nominibus

174 1963 213 2005 an
238 1941 424 2025 obligentur
441 1939 613 2025 peregrini,
636 1939 752 2004 merito
772 1940 958 2024 quaeritur.
973 1990 1002 2005 ..
1017 1938 1138 2006 Sabino
1154 1990 1185 2007 ..

172 2033 206 2093 et
228 2026 341 2094 Cassio
366 2028 469 2093 visum
494 2033 556 2110 est,
580 2028 607 2092 si
631 2051 650 2092 a
672 2050 707 2092 re
730 2029 765 2093 in
787 2050 959 2113 personam
982 2030 1041 2094 fiat
1064 2050 1186 2094 nomen

172 2117 478 2203 transscripticium,
507 2117 604 2181 etiam
628 2118 817 2201 peregrinos
841 2118 990 2202 obligari,
1013 2118 1140 2182 sivero
1165 2141 1186 2184 a

172 2227 312 2290 persona
334 2206 369 2270 in
392 2228 578 2290 personam,
601 2227 666 2270 non
690 2206 837 2289 obligari.

460 2382 510 2448 De
531 2383 690 2448 certorum
712 2383 903 2468 oblipatioac.

263 2506 314 2572 95.
341 2507 382 2572 D.
395 2507 448 2588 22,
465 2509 494 2593 1,
507 2507 559 2589 38,
574 2508 603 2572 7.
649 2506 766 2573 Paulus
795 2507 879 2573 libro
909 2513 999 2574 sexto
1026 2507 1066 2573 ad
1089 2506 1187 2574 Plau·

172 2597 255 2662 tium
283 2593 332 2682 (P.
353 2593 462 2682 1132).
489 2633 532 2643 -
560 2592 595 2660 Si
623 2595 782 2662 actionem
810 2597 948 2662 habeam
977 2597 1017 2661 ad
1045 2595 1078 2660 id
1109 2618 1186 2662 con·

172 2685 370 2772 sequendum
398 2685 483 2771 quod
511 2707 616 2750 meum
639 2686 804 2769 nonfuit,
832 2687 932 2751 veluti
955 2709 993 2750 ex
1017 2686 1186 2771 stipulatu,

172 2773 295 2840 fructus
322 2797 389 2839 non
417 2796 608 2860 consequar,
636 2775 765 2839 etiamsi
788 2795 879 2839 mora
902 2776 989 2840 facta
1013 2774 1069 2859 sit;
1097 2777 1187 2859 quod

174 2861 202 2926 si
226 2868 391 2948 acceptum
416 2866 466 2926 est
489 2863 651 2940 iudicium,
674 2867 751 2927 tunc
774 2860 912 2928 Sabinus
936 2867 969 2928 et
990 2861 1121 2928 Cassius
1146 2886 1186 2929 ex

174 2949 337 3034 aequitate
377 2951 501 3015 fructus
543 2972 669 3034 quoque
708 2953 785 3035 post
822 2955 990 3034 acceptum
1030 2951 1186 3018 iudicium

172 3036 385 3123 <perceptos>
409 3038 621 3122 praestandos
644 3042 774 3122 putant,
802 3042 839 3102 ut
861 3060 959 3104 causa
982 3041 1185 3106 restituatur.

130 3124 133 3130 ’
262 3126 314 3192 96.
341 3125 380 3191 D.
401 3127 572 3209 lame,
593 3127 621 3190 1.
665 3125 786 3191 Paulus
813 3127 897 3192 libro
921 3133 1034 3193 octavo
1058 3128 1185 3195 decimo

173 3214 214 3280 ad
247 3214 387 3280 edictum
420 3212 470 3301 (P.
489 3211 578 3301 281).
611 3250 653 3260 -
687 3213 779 3289 Quod
812 3237 884 3280 reus
919 3217 1052 3301 iuravit,
1085 3217 1186 3283 etiam

176 3303 355 3368 fideiussori
377 3303 513 3388 proficit.
554 3325 574 3368 a
591 3303 778 3367 fideiussore
797 3308 945 3370 exactum
962 3305 1184 3370 iusiurandum

174 3393 327 3477 prodesse
359 3392 456 3457 etiam
487 3414 542 3458 reo
570 3391 701 3458 Cassius
733 3395 765 3456 et
792 3392 935 3458 Iulianus
967 3394 1059 3460 aiunt
1093 3393 1182 3478 [narn

173 3481 249 3566 quia
276 3481 310 3545 in
336 3481 444 3546 locum
467 3480 639 3547 solutionis
662 3481 817 3566 succedit,
844 3481 897 3547 hic
920 3504 1046 3567 quoque
1071 3483 1185 3548 eodem

173 3571 243 3637 loco
271 3569 455 3636 habendum
482 3573 561 3656 est],
594 3571 621 3635 si
652 3570 747 3635 modo
775 3571 847 3636 ideo
875 3571 1104 3654 interpositum
1133 3575 1186 3636 est
