2580 3900
273 178 300 226 4.
319 168 504 226 PLAUTIUS.
524 201 556 212 -
577 176 601 226 5.
620 168 790 226 aurnuns
810 169 915 226 omns
1045 170 1110 248 231

98 335 208 403 Nerva
222 334 401 401 Atilicinus
420 335 520 418 aiunt,
538 333 685 419 quamvis
705 334 737 400 id
756 335 943 400 mandatum
963 333 1003 398 ad
1022 338 1113 399 tuam

99 447 166 490 rem
188 425 361 511 pertineat.

305 584 344 650 Si
363 583 492 666 familia
511 583 633 666 furtum
653 584 760 664 fecisse
781 586 905 650 11111111.

189 691 242 757 59.
265 689 306 755 D.
321 690 352 774 9,
364 691 396 771 4,
411 690 463 755 31.
498 689 621 755 Paulus
639 690 722 755 libro
742 691 881 775 septimo
896 691 936 756 ad
949 690 1114 758 Plautium

100 777 150 868 (P.
171 776 285 868 1142).
312 816 350 827 -
376 777 470 857 Quod
497 780 544 843 ait
572 783 714 864 praetor,
742 800 815 843 oum
842 778 966 844 familia
993 780 1114 846 furtum
1247 843 1248 848 ,

102 871 214 953 faciat,
244 871 287 935 ad
310 891 383 935 eum
406 869 537 934 modum
561 890 594 934 se
619 869 779 934 sotionem
803 868 963 952 daturum,
986 873 1022 933 ut
1044 873 1114 933 tan·

101 965 172 1025 tum
195 963 288 1025 actor
310 962 540 1042 consequatur,
563 962 723 1043 quantum
745 958 774 1022 si
798 957 881 1021 liber
903 957 1018 1022 fuisset
1041 978 1115 1023 con·

104 1053 301 1134 sequeretur,
321 1049 498 1133 quaeritur,
514 1051 623 1113 utrum
639 1047 678 1112 ad
693 1047 847 1131 pecuniae
861 1045 1115 1131 praestationem

103 1136 258 1222 respiciat
286 1158 327 1202 an
350 1137 449 1203 etiam
473 1136 514 1201 sd
535 1157 639 1200 noxae
662 1135 870 1218 deditionem,
897 1139 935 1200 ut
957 1136 1063 1217 [puta]
1088 1135 1116 1200 si

105 1248 142 1291 ex
154 1225 270 1309 pretiis
285 1246 388 1290 noxae
403 1223 584 1290 deditorum
599 1225 730 1309 duplum
744 1225 926 1310 colligatur,
944 1226 1115 1308 sequentes

105 1317 249 1380 actiones
272 1313 489 1382 inhibeantur.
531 1311 671 1379 Sabinus
694 1319 727 1378 et
750 1309 881 1379 Oassius
903 1316 1115 1397 1111111111-

104 1402 186 1468 tium
209 1423 337 1488 quoque
358 1423 463 1468 noxae
487 1402 669 1468 deditorum
690 1400 847 1487 imputari
870 1401 993 1468 debere.

253 1579 310 1652 De
331 1581 479 1646 bonorem
495 1582 684 1664 possessione
702 1586 809 1647 contro
831 1581 960 1646 unus.

191 1687 258 1754 60?
282 1688 321 1753 D.
336 1688 389 1770 31,
404 1688 456 1771 12,
469 1689 500 1753 3.
527 1687 646 1752 Paulus
665 1687 750 1753 libro
765 1692 881 1752 octavo
895 1687 936 1752 ad
950 1685 1116 1752 Plautium

105 1773 152 1864 (Ρ.
169 1776 283 1862 1150).
309 1813 345 1824 -
372 1775 535 1842 Paconius
559 1778 618 1842 ait:
642 1778 669 1841 si
691 1780 803 1861 turpes
825 1798 994 1861 personas,
1016 1775 1117 1842 veluti

106 1865 319 1949 meretricem,
356 1887 375 1930 a
411 1869 546 1954 parente
580 1866 802 1950 emancipatus
835 1870 869 1930 et
900 1866 1116 1931 manumissus

105 1954 238 2020 heredes
275 1953 419 2038 fecisset,
458 1959 603 2021 totorum
640 1955 799 2020 bonorum
838 1958 951 2021 contra
987 1955 1116 2020 tabulas

105 2044 269 2127 possessio
290 2044 419 2127 parenti
442 2044 544 2109 datur.

193 2137 316 2196 Paeonii
356 2138 507 2198 sententia
547 2138 675 2198 fortasse
715 2157 735 2197 1
771 2139 892 2199 Plautio
929 2139 1026 2198 relata
1061 2141 1116 2198 est.

106 2227 242 2305 Krueger
263 2246 293 2303 p.
308 2228 381 2287 157.

449 2328 499 2394 De
521 2330 635 2394 domno
658 2329 776 2411 infecto.

194 2437 248 2502 61.
275 2435 314 2501 D.
333 2435 386 2512 39,
405 2435 434 2518 2,
451 2435 547 2516 22,1.
592 2433 682 2499 Idem
711 2431 767 2520 (so.
791 2434 926 2520 Paulus)
952 2435 1036 2499 libro
1066 2435 1117 2500 de·

107 2526 189 2590 cimo
219 2525 260 2590 ad
282 2523 447 2589 Plautium
470 2520 519 2609 (P.
541 2521 651 2611 1179).
675 2561 716 2571 -
740 2522 896 2589 Plautius.
941 2521 976 2588 si
1005 2525 1046 2588 ab
1070 2546 1118 2607 eo,

108 2636 199 2698 quem
235 2614 401 2680 dominum
434 2633 505 2677 esse
536 2633 704 2698 negarem,
735 2612 851 2676 vellem
885 2612 945 2677 sub
976 2613 1037 2677 hac
1065 2634 1117 2677 ex-

108 2705 256 2787 ceptione
280 2702 320 2767 ‘si
344 2701 493 2768 dominus
516 2723 582 2766 non
606 2700 702 2766 esset'
725 2700 887 2785 satisdari,
910 2702 951 2766 ab
975 2723 1013 2767 eo
1031 2722 1117 2785 vero,

108 2814 202 2876 quom
222 2790 389 2857 dominum
409 2811 479 2855 esse
498 2790 645 2874 dicerem,
662 2812 742 2876 pure
758 2790 951 2878 repromitti,
969 2790 1119 2855 constitit

108 2903 172 2947 non
201 2880 319 2945 debere
346 2902 397 2944 me
425 2879 613 2964 impetrare,
642 2879 698 2944 sed
726 2879 842 2944 debere
864 2902 915 2945 me
940 2880 1071 2966 eligere,
1098 2902 1118 2944 a

109 2991 170 3054 quo
196 2969 292 3035 veiim
315 2968 396 3034 mihi
419 2969 533 3034 111111.

533 3097 693 3106 ——-..

384 3214 425 3298 5.
453 3220 675 3295 AUFIDIUS
703 3221 844 3296 OHIUS

196 3366 371 3428 Flauiorum
401 3365 509 3426 aetatis
541 3366 617 3426 iuris
648 3367 763 3443 peritus
795 3367 928 3429 moribus
954 3368 1117 3426 infamatus

112 3446 253 3535 (Martiai
270 3457 299 3534 5,
315 3457 365 3532 61,
381 3457 423 3515 10
445 3448 556 3514 ‘aerior
572 3450 640 3514 hoc'
659 3487 701 3497 -
721 3454 898 3514 describitur
916 3458 1014 3513 autem
1033 3473 1061 3511 a.
1076 3456 1116 3511 89

113 3548 287 3620 procurator
309 3544 464 3604 cuiusdam
482 3543 624 3616 mulieris,
644 3544 761 3621 quires
780 3543 890 3615 uxoris,
908 3542 998 3598 immo
1017 3538 1119 3596 mariti
