2602 3906
297 171 317 224 l.
339 168 511 224 VETERUM
532 168 760 224 SENTENTIAE
780 169 826 223 ET
843 169 948 225 LIBRI.
1061 171 1127 234 513

115 333 296 397 efficeretur
320 354 359 396 ex
384 332 564 397 addictione
593 355 633 396 an
659 333 831 400 adiudicati
854 332 926 398 loco
950 334 1126 399 constitue-

115 426 214 505 retur,
236 426 358 485 veteres
384 422 587 504 quaerebant.

206 510 258 576 38.
291 509 329 574 D.
352 510 404 592 41,
428 510 457 591 3,
480 510 532 576 38.
556 508 644 574 Idem
668 505 725 594 (sc.
745 507 861 595 Gaius)
886 510 970 576 libro
990 512 1126 576 secundo

116 600 237 753 Rserum
266 596 524 663 Cottidianarum
555 597 621 662 sive
644 597 830 662 Aureorum.
858 635 901 646 -
1005 601 1129 665 abolita

195 686 456 773 ..quorundam
495 690 548 751 vet
549 709 639 752 erum
679 688 838 752 sententia
875 688 1127 754 existimantium

117 778 215 842 etiam
239 777 330 841 fundi
352 776 450 842 locive
474 775 541 840 furt
527 779 596 840 tum
618 777 696 840 fieri

207 872 243 931 cf.
267 871 299 929 Π
323 875 338 929 1
365 891 392 945 p
418 872 490 930 383

209 955 260 1020 39.
289 953 327 1020 D.
355 955 407 1033 47,
441 955 471 1038 2,
501 955 552 1038 67,
583 954 611 1017 2.
662 952 780 1018 Paulus
809 955 892 1018 libro
921 879 1057 1061 septimo
1087 957 1127 1021 ad

117 1044 362 1110 Ρ11111111111.-
394 1041 478 1106 Eum
511 1043 565 1127 qni
598 1043 771 1107 mulionem
800 1042 873 1108 dolo
901 1045 1024 1108 malo'
1015 1067 1049 1108 1n
1077 1045 1127 1110 ius

117 1136 274 1214 vocasset,
294 1133 322 1195 si
340 1132 464 1196 interea
483 1131 589 1195 mulae
603 1132 771 1215 perissent,
791 1131 869 1195 furti
885 1133 986 1197 teneri
1001 1137 1126 1199 veteres

117 1220 360 1307 responderunt.

207 1311 260 1375 40.
293 1309 332 1374 D.
365 1309 399 1392 9,
432 1310 465 1391 2,
497 1309 555 1392 27,
587 1310 639 1373 21.
690 1306 853 1394 ,Ulpianus
891 1310 973 1374 libro
1013 1316 1128 1377 octavo

118 1399 243 1464 decimo
263 1398 302 1462 ad
322 1398 471 1463 edictum.
491 1433 530 1443 -
558 1395 592 1462 si
616 1399 687 1482 quis
707 1397 745 1461 de
765 1419 862 1462 manu
881 1399 961 1462 mihi
979 1421 1128 1466 nummos

118 1487 308 1569 excusserit,
351 1485 489 1552 Sabinus
527 1486 688 1551 existimat
730 1486 839 1550 damni
880 1487 1016 1552 iniuriae
1058 1511 1129 1553 1111

118 1578 288 1658 actionem,
317 1575 344 1638 si
372 1575 417 1639 ita
439 1575 602 1660 perierint,
630 1597 671 1638 ne
695 1575 734 1639 ad
759 1575 899 1659 aliquem
923 1578 1130 1660 pervenirent

217 1665 302 1749 quod
335 1665 363 1727 si
396 1664 435 1728 ad
469 1664 608 1748 aliquem
642 1668 868 1748 pervenerunt,
902 1687 963 1749 ope
992 1666 1127 1732 consilio

117 1755 243 1818 furtum
267 1754 387 1818 factum
411 1753 580 1838 agendum,
598 1753 683 1837 quod
707 1757 740 1817 et
764 1753 904 1837 antiquis
928 1755 1058 1838 placuit.

207 1843 259 1908 41.
294 1839 364 1905 Gai.
396 1843 428 1923 3,
465 1841 536 1907 196.
570 1880 611 1887 -
650 1891 684 1907 ..
712 1842 740 1906 11
769 1844 841 1926 quis
874 1844 1026 1908 utendam
1059 1867 1128 1910 rem

117 1932 277 2015 acceperit
314 1952 446 2015 eamque
482 1931 513 1994 in
549 1931 648 1995 alium
680 1953 774 1996 usum
802 1932 1012 2016 transtulerit,
1048 1932 1128 1998 furti

117 2021 293 2105 obligatur,
325 2020 503 2084 veluti...
529 2019 556 2084 si
589 2020 659 2104 quis
693 2042 809 2104 equum
840 2020 990 2103 gestandi
1018 2023 1128 2104 gratia

117 2110 357 2174 commodatum
392 2108 521 2193 longius
559 2108 667 2193 aliquo
702 2109 840 2192 duxerit,
878 2109 964 2194 quod
1001 2116 1126 2176 veteres

117 2199 315 2282 scripserunt
337 2197 375 2260 de
398 2218 436 2261 eo
461 2198 572 2280 quiin
595 2197 695 2261 aciem
718 2197 929 2280 perduxisset.
1069 2251 1076 2266 .

205 2287 258 2350 42.
282 2284 315 2350 C.
331 2287 360 2368 6,
374 2286 405 2369 2,
419 2287 471 2368 22,
488 2289 514 2350 l.
535 2285 882 2370 (1111111111111330.)
894 2323 933 2333 —
949 2335 975 2351 ..
991 2309 1126 2371 quaere-

116 2376 213 2440 batur
232 2375 317 2458 apud
337 2376 486 2458 antiquos
506 2375 614 2458 legum
633 2375 835 2457 interpretes,
855 2376 968 2459 siquis
984 2398 1127 2443 commo-

115 2464 207 2528 davit
231 2465 286 2528 alii
309 2485 377 2526 rem
402 2462 441 2527 ad
464 2485 497 2527 se
516 2463 728 2547 pertinentem
748 2469 780 2528 et
797 2464 870 2546 ipsa
888 2485 939 2526 res
959 2465 1125 2530 subtracta

115 2558 175 2636 est,
203 2575 241 2617 an
271 2553 348 2616 lurti
376 2553 460 2616 actio
489 2552 640 2617 adversus
669 2552 771 2616 furem
799 2551 926 2616 institui
954 2554 1058 2635 possit
1083 2557 1124 2618 ab

116 2664 155 2707 eo
180 2642 235 2726 qui
258 2663 327 2705 rem
350 2642 501 2705 utendam
522 2642 653 2724 accepit.

206 2737 242 2794 ef.
257 2736 272 2792 1
286 2756 314 2811 p.
331 2738 379 2794 ea.

434 2836 482 2901 De
504 2837 662 2901 arboribus
684 2838 816 2901 scaccista

205 2943 258 3007 43.
281 2942 318 3006 Ι).
337 2944 390 3025 47,
415 2945 443 3026 7,
467 2944 487 3007 3
506 2965 550 3027 pr.
577 2941 734 3026 Ulpianus
752 2943 836 3008 libro
856 2942 1125 3027 quadragensimo

116 3032 256 3098 secundo
284 3032 324 3095 ad
353 3031 516 3097 Sabinum.
547 3068 589 3079 -
622 3031 731 3096 Vitem
760 3033 884 3097 arboris
909 3032 1125 3116 appellatione

115 3121 276 3186 contineri
298 3121 442 3204 plerique
465 3125 609 3186 veterum
633 3121 905 3186 existimavernut.

206 3214 242 3274 cf.
258 3213 323 3272 Gai.
337 3217 367 3292 4,
384 3217 434 3274 11.

404 3379 406 3382 .
477 3326 527 3392 De
549 3327 609 3408 1111
631 3326 770 3408 Aquilia.

205 3441 258 3506 44.
281 3441 321 3506 D.
344 3441 374 3525 9,
397 3442 503 3526 2,111,
526 3441 556 3505 4.
578 3440 739 3525 Ulpianus
762 3439 921 3506 librotoct
923 3463 982 3506 avo
1002 3441 1125 3504 decimo

116 3530 156 3595 ad
183 3530 397 3594 edictum—
422 3528 456 3595 si
483 3530 636 3612 plurest
622 3530 745 3593 trabem
770 3528 982 3593 deiecerinte
984 3528 1123 3592 thomi-

171 3645 200 3684 Iu
201 3644 297 3692 timp
298 3644 369 3683 11111111
371 3643 468 3684 (11.1111
484 3643 518 3683 e.d
532 3643 599 3681 Brem
614 3641 683 3692 ,ΙΙ
693 3643 711 3682 2.
883 3635 916 3682 33
