2590 3902
399 211 424 261 4.
449 208 480 264 L.
500 207 680 263 NERATIUS
698 207 844 264 PRISOUS
1059 209 1124 273 333

116 394 173 456 pro
198 371 350 436 libertate
374 369 515 454 dederat,
537 371 692 455 repetisse
716 394 773 455 per
792 371 929 438 iudicem
947 393 1007 436 nec
1025 371 1125 437 fuisse

116 460 311 546 quaesitum,
335 482 378 525 an
400 458 545 523 Domitia
571 459 674 525 sciens
696 459 834 524 liberum
858 461 1042 544 accepisset.

204 572 252 631 De
269 571 453 649 pantomimo
472 571 522 631 vel
540 565 684 631 histrione
698 570 807 633 Paride
822 576 852 632 et
866 572 999 632 Domitia
1012 593 1039 632 r.
1055 574 1124 634 Tac.

116 680 183 720 ann.
214 663 270 738 13,
300 662 451 738 19-22,
497 660 549 737 qui
592 661 646 738 13,
675 663 715 720 27
749 660 785 719 de
821 661 874 720 lite
911 663 985 721 haee
1020 663 1125 722 refert:

116 744 307 827 ‘scripsitque
331 749 441 810 Caesar
464 750 593 823 senatui,
619 749 761 824 privatim
784 749 984 824 expenderent
1006 769 1126 811 oausam

117 839 303 916 libertorum,
322 839 460 916 quotiens
480 857 499 897 a
516 838 651 915 patronis
671 840 871 914 arguerentur
890 883 896 896 .
912 886 917 898 .
933 883 940 898 .
959 857 1013 898 nec
1030 841 1125 899 multo

117 931 186 1004 post
209 931 329 1004 ereptus
353 927 463 987 emitae
490 927 616 986 libertus
638 927 724 986 Paris
748 928 833 1004 quasi
855 927 921 986 iure
944 928 1038 1004 civili,
1067 947 1126 988 non

118 1016 180 1076 sine
203 1016 328 1076 infamia
350 1016 506 1092 principis,
536 1017 620 1076 cuius
647 1017 733 1075 iussu
760 1018 963 1092 perpetratum
992 1016 1126 1093 ingenui-

116 1105 189 1164 tatis
214 1105 359 1165 iudioium
381 1099 466 1164 erat'.

207 1193 294 1264 Quod
315 1195 347 1252 in
365 1193 489 1270 Ulpiani
512 1194 681 1271 fragmento
705 1193 741 1252 de
759 1193 886 1253 Neronis
905 1185 990 1252 ‘filia'
1010 1192 1127 1270 dicitur,

118 1301 176 1342 non
200 1283 339 1360 Neratio,
362 1283 414 1343 sed
437 1282 566 1360 Ulpiano
588 1283 783 1342 tribuendum
804 1281 931 1343 videtur.

207 1401 261 1468 65.
293 1401 332 1466 D.
353 1403 404 1486 13,
426 1405 452 1485 l,
475 1403 524 1486 12,
542 1403 572 1468 2.
626 1401 785 1486 Ulpianus
818 1401 902 1466 libro
935 1400 1126 1484 trigensimo

119 1495 233 1562 octavo
249 1491 289 1555 ad
304 1491 443 1556 edictum
456 1487 508 1578 (P.
522 1487 630 1578 1058).
644 1528 687 1538 -
701 1489 854 1557 Neratius
869 1489 961 1555 libris
970 1488 1128 1556 Membra·

119 1601 234 1645 narum
258 1578 446 1644 Aristonem
469 1579 672 1644 existimasse
695 1579 795 1644 refert
819 1601 901 1664 eum,
924 1579 975 1644 cui
998 1578 1128 1664 pignori

119 1690 170 1734 res
198 1669 276 1734 deta
303 1668 358 1752 sit,
386 1668 501 1734 incerti
527 1667 728 1734 condictione
752 1672 912 1751 acturum,
941 1668 968 1732 si
991 1689 1029 1732 ea
1053 1667 1128 1732 sub-

120 1760 213 1842 repta
236 1760 294 1823 est.

328 1921 379 1982 IX.
407 1921 545 1982 Incerti
567 1923 687 2000 operis
709 1921 923 2001 fragmenta.

211 2041 273 2114 ‘Ad
307 2039 476 2107 Neratinm'
513 2047 607 2108 libros
640 2047 693 2121 IV,
730 2065 857 2123 quorum
893 2048 1062 2122 fragmenta
1098 2047 1130 2106 in

121 2135 283 2196 Iustiniani
305 2134 439 2214 Digestis
462 2135 640 2196 exhibentur
663 2129 710 2216 (P.
731 2129 978 2216 loro-1048),
1000 2135 1130 2196 Paulum

122 2224 276 2300 scripsisse
299 2227 426 2285 constat.
467 2225 661 2302 explanatum
680 2243 750 2285 vero
768 2224 886 2284 Neratii
904 2243 978 2299 opus
998 2243 1016 2283 a
1033 2225 1129 2285 Panlo

122 2331 195 2389 esse,
228 2331 322 2391 neque
355 2313 500 2372 traditum
538 2317 584 2374 est
612 2332 708 2390 neque
740 2316 820 2382 certo
852 2313 990 2388 cognosci
1022 2316 1129 2390 potest.

121 2421 189 2462 cum
211 2402 344 2462 notabile
367 2402 415 2476 sit,
438 2401 527 2461 Pauli
549 2403 589 2461 ad
606 2402 765 2462 Neratium
787 2401 962 2479 fragmentis
985 2401 1018 2461 in
1040 2402 1130 2462 Iusti-

121 2490 204 2550 niani
231 2489 363 2570 Digestis
394 2490 564 2569 fragmenta
590 2490 709 2550 Neratii
735 2509 771 2549 ex
798 2491 1018 2568 Responsornm
1044 2491 1130 2550 libris

122 2579 281 2656 desumpta
302 2597 362 2640 non
384 2598 453 2640 raro
476 2579 584 2656 excipi,
606 2578 714 2640 veluti:

189 2687 225 2744 D.
243 2689 293 2763 15,
308 2689 337 2762 1,
352 2688 403 2748 55.
426 2686 569 2746 Neratius
591 2685 668 2745 libro
692 2685 787 2762 primo
806 2685 1035 2762 Responsorum.

189 2774 226 2835 D.
243 2777 293 2853 15,
309 2777 337 2850 1,
353 2778 404 2836 56.
427 2775 540 2836 Paulus
562 2774 639 2834 libro
661 2773 787 2834 seeundo
811 2775 848 2834 ad
870 2773 1036 2833 Neratium.

189 2863 225 2923 D.
242 2865 292 2939 32,
309 2865 359 2924 24.
426 2864 569 2924 Neratius
591 2863 669 2923 libro
692 2862 820 2922 secundo
843 2863 1070 2940 Responsorum.

190 2951 226 3012 D.
243 2953 294 3030 32,
309 2955 360 3013 25.
427 2952 539 3012 Paulus
563 2952 639 3013 libro
663 2951 759 3030 primo
782 2952 819 3012 ad
843 2951 1009 3012 Neratium.

190 3041 227 3100 D.
243 3043 294 3120 32,
310 3044 360 3102 26.
428 3041 511 3100 Idem
533 3041 610 3102 libro
633 3040 761 3101 secundo
785 3041 823 3100 ad
845 3040 1010 3100 Neratium.

191 3130 227 3190 D.
243 3131 294 3208 33,
310 3134 338 3207 7,
354 3133 405 3191 23.
427 3130 569 3190 Neratius
592 3130 671 3191 libro
694 3130 821 3190 seeundo
843 3129 1073 3205 Responsorum.

190 3216 227 3278 D.
243 3221 295 3296 33,
311 3221 340 3296 7,
355 3223 406 3279 24.
428 3219 541 3279 Paulus
563 3218 640 3279 libro
663 3220 754 3279 tertio
777 3219 815 3278 ad
837 3219 1001 3279 Neratium.

191 3307 229 3366 D.
243 3309 295 3385 47,
312 3310 340 3388 2,
355 3311 406 3370 84.
428 3307 570 3368 Neratius
592 3308 670 3368 libro
693 3308 790 3385 primo
812 3308 1042 3384 Responsorum.

191 3395 228 3456 D.
243 3399 296 3474 47,
311 3399 340 3475 2,
355 3399 407 3458 85.
430 3397 541 3457 Paulus
563 3397 641 3457 libro
664 3395 791 3457 secundo
814 3397 855 3456 ad
875 3397 1041 3472 Neratium,

126 3484 172 3544 vir
200 3485 322 3561 quidam
349 3486 454 3546 doetus
484 3486 535 3563 qui
562 3487 622 3544 iam
649 3486 765 3563 pridem
792 3485 828 3546 de
857 3485 980 3544 Neratio
1012 3485 1132 3560 scripsit

128 3566 165 3652 (1.
180 3571 211 3634 c.
227 3572 334 3653 sichel,
352 3574 434 3651 Lips.
455 3565 566 3654 irae),
584 3573 710 3634 consae
727 3573 796 3634 aas
815 3573 853 3633 aa
870 3573 1028 3633 renuam
1045 3577 1132 3632 noas
1232 3557 1263 3580 ⁴
