2602 3906
191 220 259 296 476
295 220 328 275 v.
348 219 496 274 rervm
516 219 562 274 er
582 219 974 276 TRAIANITEMP.1URIS
994 220 1173 276 consmm

194 384 339 449 dominns
369 404 460 448 snam
491 404 556 447 rem
587 384 788 448 conduxisset.
827 384 964 465 seqnitur
992 403 1074 465 erpo,
1105 388 1142 449 nt
1167 404 1205 449 ne

187 474 411 556 possessionem
431 473 553 554 qnidem
572 473 684 537 locator
701 474 868 555 retinuerit,
890 473 1013 555 ideoqae
1030 471 1204 556 usucapio¹

193 581 257 626 non
279 562 412 626 daraait.
453 563 488 624 in
510 563 681 626 venditione
703 562 784 625 idem
801 562 883 626 iaris
900 565 953 642 est,
975 562 1057 642 qaod
1072 563 1109 624 in
1128 561 1206 626 loco-

197 651 291 732 tionc,
314 655 350 714 nt
371 652 481 731 emptio
503 671 578 715 snae
599 652 646 714 rei
668 650 828 715 consistere
848 670 912 714 non
929 651 1036 731 possit.

690 809 706 873 1

282 916 334 981 33.
367 916 405 979 Ι).
424 914 480 996 50,
502 916 555 998 17,
576 916 647 980 199.
697 914 787 979 Idem
815 911 873 1002 (sa.
900 913 1089 1001 Iavolenus)
1117 915 1203 980 libro

192 1008 285 1068 sexto
317 1003 547 1087 Epistularum.
583 1040 620 1050 -
655 1004 729 1068 Non
759 1009 860 1086 potest
894 1005 962 1069 doio
998 1025 1115 1090 carere,
1151 1006 1205 1087 qai

193 1093 321 1177 imperio
344 1094 543 1176 inanisinanes
565 1113 628 1158 non
643 1093 764 1175 parcit.

596 1293 704 1352 Liber
726 1292 794 1353 VII.
923 1307 924 1312 ’

477 1475 480 1480 ,
566 1401 617 1467 De
640 1406 833 1469 tesmmentis.

282 1519 334 1586 34.
367 1517 406 1584 D.
424 1517 481 1599 50,
503 1520 557 1604 16,
578 1519 649 1583 116.
698 1518 788 1582 Idem
815 1517 873 1603 (sc.
902 1517 1087 1606 Iavolenus)
1116 1521 1205 1585 libro

192 1608 332 1690 septimo
369 1607 604 1690 Epistularum.
642 1645 683 1654 -
717 1607 877 1689 ‘Qaisqnis
911 1608 990 1672 miii
1025 1610 1109 1674 alins
1144 1610 1206 1694 altr

190 1697 312 1779 filiasve
347 1696 431 1760 heres
463 1694 526 1760 sit'.
559 1696 660 1761 Labeo
696 1718 758 1761 non
787 1697 884 1761 rideri
913 1698 1016 1780 titiam
1046 1699 1205 1781 contineri,

191 1784 344 1850 Paocalns
365 1790 481 1851 contra.
525 1785 603 1849 mitri
625 1785 726 1851 Labeo
747 1781 866 1850 aidetnr
887 1787 1046 1850 amborum
1066 1789 1204 1869 Jtprcram

194 1875 293 1956 seqni,
317 1873 468 1938 Procadas
489 1880 619 1938 mentem
641 1876 790 1940 testantis.

87 1965 90 1974 “
280 1960 466 2044 Respondit:
488 1983 550 2026 non
573 1963 683 2044 dabito,
706 1965 783 2045 pain
800 1963 952 2028 Labeonis
969 1964 1119 2028 sententia
1133 1985 1204 2030 aera

194 2070 259 2114 non
280 2052 329 2115 sit.

282 2138 333 2203 35.
357 2136 396 2204 D.
406 2139 457 2222 28,
473 2137 502 2220 5,
513 2139 564 2204 65.
596 2138 686 2204 Idem
700 2135 758 2226 (se.
772 2138 958 2227 Iavolenus)
973 2141 1055 2205 libro
1067 2141 1203 2224 septimo

192 2225 425 2310 Epistularum.
452 2264 488 2273 -
514 2227 595 2293 Eius
622 2248 754 2308 servam,
781 2231 836 2310 qni
857 2233 1080 2311 postmortem
1103 2249 1203 2294 meam

192 2321 288 2382 natas
307 2318 373 2400 erit,
395 2316 531 2382 heredem
548 2318 671 2381 institni
685 2337 774 2401 posse
790 2318 891 2383 Labeo
905 2318 1079 2400 frequenter
1097 2318 1205 2384 scribit

192 2406 283 2488 idqne
309 2427 413 2471 aeram
440 2426 503 2471 esse
524 2406 686 2485 manifesto
709 2411 887 2490 arpnmento
908 2407 1097 2489 comprobat:
1127 2407 1206 2489 qnia

192 2514 297 2560 serens
318 2494 528 2576 hereditarias,
547 2495 733 2576 prinsquam
751 2496 881 2560 adeatnr
897 2495 1056 2578 hereditas,
1078 2495 1203 2560 institui

192 2583 277 2649 ireres
289 2588 392 2667 potest,
410 2586 550 2665 anamais
563 2585 591 2650 is
605 2585 775 2649 testamenti
785 2585 862 2666 facti
876 2589 1006 2666 tempore
1019 2583 1139 2648 nallias
1152 2581 1202 2648 sit.

281 2673 333 2738 36.
357 2671 396 2737 D.
411 2673 507 2756 28,5‚
523 2674 572 2737 11.
613 2673 784 2738 Iavolenus
804 2673 888 2738 libro
909 2672 1046 2757 septimo
1065 2672 1205 2755 Epistu-
1277 2733 1278 2738 ,

191 2759 305 2825 larum.
327 2797 365 2807 -
387 2760 504 2826 ‘Attias
524 2761 617 2842 fandi
635 2759 813 2826 Oorneiiani
834 2761 919 2826 ireres
940 2767 1001 2826 esta
1023 2760 1117 2839 miii·
1141 2763 1204 2826 dno

193 2849 273 2913 Titii
299 2850 385 2915 idias
411 2851 532 2915 insertae
557 2850 676 2915 heredes
702 2849 811 2916 sonte!
857 2850 1008 2915 habebant
1033 2851 1094 2914 dno
1125 2850 1204 2914 I'itii
1276 2863 1277 2912 t

190 2939 357 3020 sensissem,
384 2938 492 3003 Attins
517 2940 683 3023 semissem,
709 2940 799 3021 idone
821 2937 953 3003 Procedo
971 2939 1080 3021 piacet.
1126 2939 1205 3021 qnid
1276 2933 1277 2954 ¹

193 3024 250 3088 tibi
273 3025 417 3091 aidetnr?
1275 3035 1277 3050 ¹

278 3113 462 3196 Respondit:
486 3135 557 3178 aera
579 3120 623 3179 est
643 3114 772 3181 Procaii
794 3117 906 3198 opinio.

602 3271 653 3338 De
675 3274 788 3356 tepetis.

280 3377 333 3442 37.
356 3376 395 3442 D.
405 3379 508 3461 31,41
521 3401 567 3463 pr.
595 3378 683 3444 Idem
699 3379 756 3463 (sc.
765 3380 952 3465 Iavolenus)
966 3382 1050 3447 libro
1061 3384 1204 3468 septimo

188 3463 422 3548 Epistularum.
446 3502 488 3514 —
513 3466 648 3533 ‘Maenio
669 3469 764 3548 sandi
779 3476 903 3552 partem
925 3473 1103 3556 dimidiam,
1134 3471 1205 3538 Seio

262 3592 276 3639 1
298 3586 375 3642 Trio.
394 3587 474 3658 lorgi
491 3589 625 3658 temporie
643 3590 837 3661 praescriptio.
