2614 3912
170 226 233 292 356
270 226 304 280 V.
323 223 472 280 NERVAE
492 221 539 276 ΕΤ
558 221 709 278 TRAIANI
728 219 950 276 unriureins
971 218 1151 276 CONSULTI

535 404 591 470 Aa
611 403 819 469 eabcbcadum,

264 514 314 578 71.
334 512 433 591 D.10,
440 512 470 595 4,
479 510 569 595 3,11.
605 509 765 595 Ulpianus
780 510 864 574 libro
879 508 1054 574 vicensimo
1069 520 1184 594 quarto

172 602 213 668 ad
242 601 382 666 edictum
406 599 454 687 (P.
470 597 557 686 719).
583 637 625 647 -
728 599 840 663 definit
866 597 1019 664 Neratius
1047 597 1185 664 iudicem

172 691 212 756 ad
245 688 461 756 exhibendum
492 689 650 754 hactenus
683 709 888 773 cognoscere,
925 711 965 752 an
997 689 1119 753 iustam
1152 694 1186 753 et

170 780 373 864 probabilem
398 800 529 843 causam
551 777 671 842 habeat
695 777 841 860 actioniS,
859 781 992 862 propter
1015 799 1110 861 quam
1131 798 1186 842 ex·

170 868 277 934 hiberi
300 868 362 933 sibi
385 866 552 932 desideret.

261 958 312 1023 72.
335 955 376 1020 D.
387 957 438 1037 10,
446 956 515 1038 4‚9‚
524 957 553 1020 8.
593 954 753 1039 Ulpianus
772 955 856 1019 lib'ro
874 954 1050 1020 vicensimo
1069 959 1185 1038 quarto

172 1046 213 1111 ad
237 1045 376 1111 edictum
401 1044 450 1130 (P.
467 1041 554 1129 722).
579 1079 622 1090 —·
645 1091 672 1108 ..
696 1043 864 1128 utilitates,
888 1043 916 1108 si
940 1065 1021 1128 quae
1046 1042 1185 1109 amissae

173 1138 249 1200 sunt
272 1135 313 1200 ob
336 1134 398 1199 hoo
421 1132 506 1217 quod
529 1154 595 1198 uon
618 1132 789 1197 exhibetur
811 1133 862 1198 rel
886 1133 1011 1197 tardius
1034 1131 1110 1217 quid
1135 1155 1186 1197 ex-

171 1224 317 1307 hibetur,
339 1221 557 1288 aestimandae
581 1244 600 1286 a
623 1221 727 1286 iudice
751 1225 835 1286 sunt.
881 1226 914 1286 et
936 1221 1008 1286 ideo
1031 1220 1186 1287 Neratius

172 1314 219 1378 ait
251 1313 427 1378 utilitatem
459 1311 578 1376 actoris
610 1311 719 1375 venire
751 1311 787 1374 in
813 1309 1087 1391 aestimationem,
1117 1332 1187 1376 non

172 1403 284 1487 quanti
312 1423 364 1466 res
393 1400 445 1484 sit,
473 1419 552 1482 puae
577 1400 712 1484 utilitas,
735 1399 855 1484 inquit,
877 1400 1032 1466 laterclum
1054 1400 1188 1466 mimis

171 1492 231 1557 erit
250 1510 345 1574 qurum
367 1510 416 1555 res
438 1491 503 1554 crit.

580 1611 630 1678 De
645 1613 775 1696 peculio.

263 1721 313 1785 73.
337 1719 376 1784 Ι).
388 1719 439 1799 15,
453 1722 480 1803 1,
493 1718 541 1800 ll,
552 1719 581 1783 3.
623 1716 783 1804 Ulpianus
804 1719 888 1784 libro
908 1719 1082 1784 vicensimo
1100 1741 1186 1784 nono

173 1808 214 1874 ad
242 1808 383 1873 edictum
412 1806 461 1892 (P.
482 1805 588 1893 852⁶).
616 1844 660 1854 —
687 1807 750 1873 Est
778 1857 807 1872 ..
835 1807 1044 1892 quaestionis,
1075 1829 1117 1871 an
1143 1808 1187 1890 id,

174 1895 260 1982 quod
284 1896 432 1961 dominus
457 1897 555 1961 semel
578 1895 709 1961 deduxit
728 1918 800 1962 cum
819 1898 1053 1982 conveniretur,
1076 1919 1187 1962 rursus

174 1986 203 2051 si
235 1983 457 2069 conveniatur,
490 1984 528 2049 de
557 1985 685 2068 peculio
714 1986 851 2050 eximere
880 1985 1008 2069 debeat,
1041 2006 1084 2050 an
1109 2008 1187 2051 vero

173 2073 274 2138 veluti
299 2074 440 2138 solutum
463 2073 492 2137 ei
516 2073 663 2138 videatur
686 2075 785 2139 semel
809 2074 895 2140 facta
916 2075 1116 2140 deductione.
1154 2079 1188 2140 et

171 2161 327 2228 Neratius
342 2164 375 2226 et
387 2161 495 2227 Nerva
509 2165 635 2246 putant,
649 2163 727 2227 item
736 2161 883 2228 Iulianus
899 2163 983 2229 libro
999 2163 1188 2229 duodecimo

174 2250 297 2334 scribit,
321 2251 349 2315 si
372 2249 499 2336 quidem
524 2251 661 2316 abstulit
682 2252 744 2317 hoc
768 2251 806 2316 de
829 2253 964 2337 peculio,
986 2273 1053 2318 non
1071 2252 1188 2318 debere

174 2339 299 2424 deduci,
336 2339 364 2404 si
396 2361 471 2404 vero
505 2339 638 2406 eandem
669 2341 864 2424 positionem
896 2342 1017 2425 peculii
1047 2342 1188 2427 reliquit,

174 2430 289 2494 debere
313 2451 386 2493 eum
409 2428 572 2494 deducere.

507 2589 651 2673 Dcpositi
672 2591 719 2656 vel
740 2595 855 2657 contra.

264 2699 315 2762 74.
339 2697 378 2762 Ι).
394 2697 445 2776 16,
460 2697 489 2777 3,
505 2699 534 2779 1,
548 2698 600 2763 21.
641 2696 803 2782 Ulpianus
826 2697 909 2762 libro
933 2696 1124 2782 trigensimo
1149 2698 1190 2762 ad

175 2785 315 2852 edictum
344 2783 393 2872 (P.
413 2785 501 2871 895).
528 2821 569 2833 —
599 2783 690 2873 (Non
716 2789 843 2851 tantum
871 2785 1065 2870 praeteritus
1094 2786 1190 2852 dolus

174 2875 209 2938 in
230 2875 377 2958 depositi
404 2874 530 2939 actione
557 2876 677 2954 veniet,
706 2874 762 2940 sed
790 2875 889 2940 etiam
913 2875 1054 2954 futurus,
1081 2875 1190 2941 idest

175 2966 251 3046 post
274 2963 366 3027 litem
390 2960 628 3049 contestatam.)
670 2964 743 3028 inde
767 2964 879 3030 scribit
897 2963 1063 3049 Neratius,
1086 2964 1114 3028 si
1137 2986 1189 3029 res

176 3049 323 3133 deposita
351 3050 419 3114 sine
447 3048 522 3115 dolo
550 3052 636 3116 malo
665 3053 785 3117 amissa
813 3054 856 3117 sit
884 3056 916 3117 et
938 3056 1014 3138 post
1036 3051 1190 3119 iudicium

177 3146 346 3222 acceptum
369 3138 611 3222 reciperaretur,
633 3138 736 3205 nihilo
760 3141 867 3207 minus
890 3147 977 3206 recte
1000 3142 1041 3207 ad
1059 3143 1191 3209 restitu-

175 3226 299 3292 tionem
317 3247 408 3290 reum
427 3228 576 3311 compelli
594 3249 653 3292 neo
670 3227 784 3294 debere
800 3231 934 3315 absolvi,
952 3231 1016 3296 nisi
1030 3231 1189 3296 restituat.

175 3314 261 3379 idem
284 3313 436 3380 Neratius
456 3315 512 3398 ait,
534 3317 681 3401 quamvis
700 3323 776 3384 tuuc
795 3324 901 3385 tecum
921 3319 1061 3405 depositi
1081 3325 1191 3386 actum

177 3403 234 3487 sit,
267 3426 339 3469 cum
371 3404 561 3469 restituendi
594 3405 781 3472 facultatem
813 3429 879 3475 non
912 3408 1032 3474 habeas
1065 3408 1191 3476 horreis

176 3491 260 3558 forte
279 3493 385 3578 clusis,
403 3495 522 3579 tamen,
541 3495 569 3560 si
587 3498 663 3560 aute
682 3496 982 3564 condemnationem
997 3498 1191 3564 restituendi

177 3580 367 3648 facultatem
397 3583 532 3669 habeas,
565 3584 840 3652 condemnandum
873 3591 906 3653 te
935 3588 1000 3653 nisi
1027 3587 1191 3672 restituas,
