2590 3902
505 226 529 274 3.
547 217 710 274 MINICIUS
1040 221 1105 288 285

388 399 437 466 De
458 401 563 482 fructu
583 401 677 482 fandi
700 401 817 484 leuato?

184 506 249 572 34?
278 507 317 572 D.
331 508 385 590 22,
401 508 431 592 1,
444 507 495 571 26.
541 505 632 571 Idem
654 505 711 590 (sc.
726 506 885 593 Iulianus)
908 509 993 575 libro
1018 515 1107 576 sexto

97 619 135 660 ex
148 595 281 661 Minicio
296 592 345 682 (P.
353 596 439 674 880).
451 632 493 643 -
507 594 719 660 Venationem
733 595 856 662 fructus
871 597 963 662 fundi
976 601 1108 684 negavit

97 706 178 764 esse,
202 683 267 749 nisi
291 685 414 749 fructus
438 684 529 748 fundi
553 707 591 749 ex
614 685 783 750 venatione
806 691 899 752 const
919 691 943 752 t.

184 798 221 856 ef.
241 795 378 856 Cassium
399 797 433 856 D.
452 798 602 875 7,1,9,5
628 815 719 872 supra
740 819 769 874 p.
785 800 837 856 44.

383 967 434 1034 De
455 969 603 1036 locatione
624 970 825 1034 conductione.

183 1074 249 1142 35?
278 1073 363 1158 D.2,
380 1077 429 1156 14,
444 1073 495 1140 56.
540 1074 630 1140 Idem
654 1070 884 1161 (salulianus)
908 1075 991 1140 libro
1016 1082 1106 1144 sexto

98 1166 136 1232 ad
164 1163 332 1231 Minicium
357 1159 407 1249 (P.
421 1161 510 1248 876).
536 1199 575 1212 -
602 1162 636 1228 si
664 1163 863 1246 convenerit,
890 1185 930 1230 ne
959 1164 1107 1232 dominus

97 1278 115 1320 a
147 1255 264 1320 colono
297 1252 373 1336 quid
405 1254 542 1336 peteret,
575 1257 608 1316 et
640 1253 727 1318 iusta
759 1273 855 1318 causa
884 1255 1107 1320 conventionis

96 1343 208 1425 fuerit,
235 1341 338 1406 nihilo
367 1343 472 1405 minus
501 1340 634 1406 colonus
663 1363 683 1404 a
705 1339 834 1407 domiuo
858 1345 967 1426 petere
990 1346 1107 1426 potest.

184 1431 237 1498 36.
265 1429 304 1495 Ι).
320 1429 370 1513 19,
388 1432 416 1512 1,
431 1430 460 1510 6,
474 1431 505 1496 4.
550 1429 746 1513 Pomponius
769 1430 852 1495 libro
875 1452 961 1496 nono
986 1431 1026 1496 ad
1051 1429 1108 1496 Sa-

96 1522 209 1587 binum
233 1516 282 1605 (P.
298 1517 386 1602 555).
412 1554 450 1566 -
552 1519 580 1582 si
602 1539 660 1584 vas
683 1519 763 1584 mihi
786 1518 965 1586 vendideris
989 1521 1045 1601 ita,
1071 1523 1108 1584 ut

15 1607 16 1668 i
97 1611 283 1676 adfirmares
307 1609 484 1691 integrum,
508 1608 535 1671 si
557 1606 591 1672 id
614 1607 777 1693 integrum
799 1629 864 1672 non
888 1608 944 1687 sit,
967 1614 1108 1674 etiamid

15 1737 17 1786 ,
97 1704 175 1781 quod
199 1721 234 1762 ec
257 1701 376 1762 nomine
394 1701 583 1777 perdiderim,
601 1701 769 1777 praestabis
784 1701 871 1778 mihi,
894 1697 1019 1764 sivero
1043 1719 1109 1764 non

15 1793 16 1866 ᾗ
96 1787 127 1851 id
160 1790 269 1852 actum
301 1786 357 1868 sit,
384 1788 421 1849 ut
452 1785 616 1870 integrum
648 1789 807 1869 praestes,
839 1785 949 1850 dolum
986 1789 1108 1852 malum

15 1879 16 1902 ¹
97 1876 266 1940 dumtaxat
289 1877 455 1959 praestare
477 1876 511 1938 te
535 1873 658 1938 debere.
700 1873 810 1940 Labeo
832 1882 946 1940 contra
963 1876 1058 1959 putat
1077 1881 1109 1941 et

15 1987 16 2034 ξ
96 1964 177 2029 illud
206 1963 312 2029 solum
339 1961 589 2045 observandum,
621 1966 659 2026 ut
689 1962 754 2027 nisi
785 1962 819 2030 in
850 1965 1047 2030 contrarium
1075 1965 1108 2029 id

15 2043 16 2066 ³
97 2061 205 2119 actum
232 2053 289 2135 sit,
323 2050 508 2116 omnimodo
535 2050 699 2136 integrum
727 2053 885 2136 praestari
913 2053 1040 2137 debeat,
1077 2060 1109 2118 et

15 2183 16 2216 ᾗ
98 2150 144 2208 est
166 2165 280 2209 verum.
323 2139 408 2224 quod
433 2140 522 2203 etin
545 2139 660 2206 locatis
683 2139 779 2205 doliis
803 2142 1031 2224 praestandum
1053 2139 1107 2207 Sa-

98 2230 211 2295 binum
235 2227 441 2313 respondisse
465 2227 615 2294 Minicius
638 2228 745 2293 refert.

433 2404 483 2470 De
505 2408 539 2471 iu
561 2427 626 2470 rem
648 2408 772 2472 mtiouc.

15 2551 16 2560 .
185 2513 250 2580 37?
279 2513 318 2578 D.
334 2513 363 2594 6,
380 2515 407 2594 1,
422 2513 473 2578 59.
519 2511 664 2578 Iulianus
692 2510 775 2578 libro
799 2517 889 2578 sexto
914 2535 953 2578 ex
975 2511 1107 2580 Minicio

98 2602 146 2691 (P.
160 2601 251 2688 877).
274 2639 317 2648 —
337 2599 514 2667 Habitator
537 2602 571 2665 in
595 2601 700 2666 aliena
724 2600 869 2666 aedificia
892 2602 1050 2666 fenestras
1075 2606 1107 2667 et

97 2692 183 2758 ostia
196 2690 359 2776 imposuit,
379 2690 489 2755 eadem
503 2693 576 2774 post
592 2711 713 2753 annum
727 2689 876 2754 dominus
891 2690 1108 2756 aedificiorum

97 2781 245 2866 dempsit.
269 2801 396 2866 quaero,
406 2779 434 2843 is
449 2779 505 2864 qui
517 2778 717 2862 imposuerat
725 2780 877 2861 possetne
888 2801 925 2844 ea
934 2778 1107 2844 vindicare.

97 2869 266 2954 respondit
296 2889 406 2954 posse,
437 2889 514 2932 nam
546 2888 628 2950 quae
660 2866 773 2931 alienis
806 2867 969 2932 aedificiis·
988 2889 1108 2934 conexa

99 2962 219 3042 essent,
247 2979 285 3022 ea
309 2955 461 3041 quamdiu
484 2955 595 3020 iuncta
616 2960 798 3041 manerent,
826 2957 998 3023 eorundem
1022 2958 1107 3023 aedi-

97 3048 241 3112 ficiorum
261 3068 340 3131 esse,
359 3046 455 3110 simul
474 3048 569 3130 atque
587 3045 660 3110 inde
675 3044 804 3132 dempta
819 3050 936 3132 essent,
954 3047 1106 3114 continuo

98 3138 133 3201 in
154 3135 326 3222 pristinam
352 3145 483 3199 causam
507 3133 631 3198 reverti.
1028 3135 1031 3141 ’

74 3244 78 3255 ·
187 3226 239 3292 38.
268 3223 352 3308 1).6,
368 3223 462 3305 1,61.
506 3221 653 3288 Iulianus
680 3224 764 3290 libro
792 3229 883 3290 sexto
911 3247 950 3290 ex
975 3224 1107 3292 Minicio

99 3313 147 3400 (Ρ.
171 3310 261 3400 878).
293 3349 335 3360 -
368 3310 520 3378 Minicius
557 3313 787 3398 interrogatus,
825 3313 852 3377 si
890 3315 961 3399 quis
993 3336 1108 3381 navem

98 3423 191 3470 suam
228 3402 336 3470 aliena
371 3400 508 3466 materia
543 3399 719 3483 refecisset,
755 3423 833 3466 num
867 3402 968 3466 nihilo
1002 3404 1107 3469 minus

99 3491 241 3556 eiusdem
263 3492 355 3556 navis
379 3491 530 3554 maneret.
572 3490 740 3574 respondit
763 3511 899 3554 manere.
942 3488 996 3554 sed
1020 3491 1048 3554 si
1071 3492 1105 3554 in

99 3579 299 3646 aedificanda
321 3601 359 3644 ea
381 3578 467 3643 idem
490 3577 634 3662 fecisset,
656 3600 721 3642 non
744 3599 846 3660 posse.
