2568 3912
232 248 265 301 II.
285 246 523 302 incautorum
543 245 769 302 saudauma
788 247 834 301 ΕΤ
851 247 956 302 LIBRI.
1033 247 1099 311 545

182 412 232 475 71.
261 409 299 474 D.
317 410 489 493 18,1,66,
506 412 533 475 1.
575 409 771 494 Pomponius
798 410 881 476 libro
905 411 1097 497 trigensimo

90 501 196 585 primo
225 499 266 563 ad
290 498 442 575 Quintum
466 497 618 564 Mucium.
639 535 677 545 —
704 497 738 563 Si
760 497 840 581 qual
864 500 1000 565 servitus
1024 522 1098 565 ven·

90 589 169 654 ditis
191 587 331 673 praediis
356 587 524 652 deberetur
547 608 605 653 nec
624 589 924 653 commemoraverit
942 589 1099 671 venditor,

93 678 149 742 sed
181 678 284 742 sciens
318 698 387 740 esse
415 675 581 740 reticuerit
607 681 640 739 et
668 677 709 740 ob
736 676 770 740 id
798 698 855 760 per
881 677 1100 762 ignorantiam

92 768 140 831 rei
162 770 289 850 emptor
311 786 376 830 non
398 764 518 830 utendo
541 786 597 846 per
619 761 794 829 tanatum*
817 786 886 829 eam
911 767 1099 830 servitutem

91 855 245 937 amiserit,
264 853 393 938 quidam
409 902 439 919 ..
457 855 574 937 putant
592 853 791 918 venditorem
809 854 912 918 teneri
931 875 970 917 cx
989 859 1098 938 empto

91 944 134 1008 ob
159 944 277 1009 dolum.

184 1033 234 1097 72.
263 1030 301 1095 D.
316 1030 368 1111 21,
382 1033 412 1112 2,
427 1030 479 1110 69,
494 1031 523 1095 3.
561 1028 715 1095 Scaevola
736 1030 820 1095 libro
839 1030 977 1096 secundo
997 1031 1101 1108 Quae·

91 1121 244 1186 stionum.
280 1157 316 1168 -
353 1119 436 1196 Quid
465 1169 516 1203 ..‚
549 1119 605 1204 qui
636 1119 759 1184 iussum
791 1119 900 1184 decem
927 1119 1001 1185 dare
1029 1142 1102 1204 pro·
1184 1161 1186 1167 ·

9 1223 11 1228 ’
92 1209 222 1276 nuntiat
257 1208 374 1294 viginti
407 1207 482 1272 dare
512 1208 640 1291 debere,
672 1229 780 1273 nonne
812 1209 845 1274 in
879 1209 1100 1274 condicionem
1166 1257 1167 1262 .

92 1297 268 1363 mentitur?
363 1296 493 1382 quidam
513 1295 779 1361 existimaverunt
795 1297 858 1362 hoc
877 1319 1003 1382 quoque
1022 1319 1099 1362 casu

89 1381 322 1453 circatoritutcru³
345 1385 501 1451 contrahi.

438 1552 486 1609 Dc
507 1551 615 1610 anana
637 1551 761 1610 venditu.

185 1662 236 1726 73.
255 1661 294 1726 D.
307 1661 356 1744 18,
367 1662 395 1741 7,
406 1661 477 1744 tipr.
501 1658 589 1723 Idem
605 1659 663 1742 (sc.
673 1659 883 1744 Papinianus)
897 1662 982 1725 libro
996 1662 1100 1726 vicen·

91 1752 178 1816 simo
202 1751 339 1834 septimo
359 1749 601 1825 Quaestionum.
617 1785 656 1794 —
678 1746 713 1812 Si
732 1749 878 1814 venditor
896 1750 936 1814 ab
956 1756 1101 1834 emptore

94 1839 226 1921 caverit,
248 1861 287 1902 ne
311 1859 403 1903 serva
425 1837 704 1901 manumitteretur
721 1859 802 1902 neve
821 1838 1046 1923 prostituatur,
1070 1843 1102 1904 et

91 1929 203 2012 aliquo
230 1926 317 1992 facto
346 1929 458 1991 contra
486 1948 581 2011 quam
609 1924 714 1991 fuerat
742 1931 910 2011 exceptum
938 1928 1104 1995 evincatur

93 2021 153 2082 aut
184 2016 285 2082 libera
314 2016 483 2098 iudicetur,
511 2019 545 2078 et
575 2036 613 2079 ex
645 2015 802 2100 stipulatu
830 2038 933 2099 poena
964 2020 1103 2101 petatur,

92 2107 161 2171 doli
185 2105 405 2189 exceptionem
428 2103 558 2189 quidam
582 2103 783 2169 obstaturam
806 2108 929 2189 putant.

184 2218 219 2276 af.
243 2217 319 2294 n,1
345 2236 372 2292 p.
387 2217 460 2276 491.

189 2396 237 2454 Dc
259 2359 397 2468 aaaron
418 2396 578 2454 venditione
599 2394 643 2452 cel
665 2395 802 2452 uceticae
821 2395 1014 2452 'conductione

186 2514 236 2577 74.
256 2512 325 2577 Gai.
337 2512 450 2596 3,147.
467 2548 505 2558 -
521 2559 547 2576 ..
563 2515 734 2595 quaeritur,
750 2512 864 2574 sicum
880 2511 1009 2575 aurifice
1024 2510 1104 2575 mihi

92 2602 292 2684 convenerit,
316 2605 353 2666 ut
374 2602 403 2665 is
428 2623 465 2664 ex
488 2621 567 2664 auro
592 2622 648 2664 suo
668 2600 748 2663 certi
766 2597 916 2683 ponderis
935 2603 1104 2682 certaeque

94 2693 219 2756 formae
243 2691 357 2755 anulos
380 2689 460 2753 mihi
482 2689 617 2772 faceret,
644 2694 676 2752 et
699 2687 857 2770 acceperit
885 2687 974 2751 verbi
997 2689 1105 2772 gratia

93 2780 246 2846 denarios
270 2776 336 2863 00,
363 2783 470 2842 utrum
499 2777 619 2860 emptio
648 2781 680 2840 et
701 2776 843 2841 venditio
867 2797 908 2839 an
930 2777 1048 2840 locatio
1073 2786 1105 2841 et

93 2869 267 2936 conductio
286 2866 505 2932 contrahatur.
596 2865 755 2949 plerisque
772 2864 895 2949 placuit
908 2865 1105 2949 emptionem

94 2965 130 3022 et
153 2956 368 3023 venditionem
392 2955 549 3020 contrahi.

457 3113 508 3179 Dc
529 3115 748 3180 commuuione.
844 3091 849 3104 ⁸

189 3231 240 3297 75.
268 3231 306 3296 Ι).
325 3232 381 3309 43,
401 3232 459 3314 20,
477 3232 508 3295 4.
554 3229 699 3294 Iulianus
726 3229 809 3294 libro
837 3228 1105 3313 quadragensimo

97 3323 203 3405 primo
232 3319 450 3404 Digestorum.
480 3357 520 3366 -
626 3319 710 3383 inter
743 3340 811 3402 eos,
844 3317 884 3383 ad
916 3339 996 3403 quos
1028 3337 1106 3381 usus

189 3485 203 3531 1
226 3476 274 3531 Fr.
294 3494 363 3531 cum.

190 3554 206 3601 2
226 3547 303 3602 Trio.
321 3549 456 3602 statutum
474 3549 592 3615 tempus.

190 3625 206 3672 3
227 3619 303 3673 Trio.
322 3617 469 3672 evictionis
488 3616 706 3686 stipulationem.

152 3716 495 3766 numerumnunerum
509 3717 607 3754 Bremcr.
628 3715 688 3765 11,a.
862 3706 895 3754 35
