2596 3902
516 214 540 264 t.
560 207 746 264 PROOULUS
1074 212 1139 276 145

125 369 282 435 exhausta
305 369 349 434 sit
373 391 443 435 mea
466 370 602 456 integra,
626 376 658 436 et
680 372 774 437 illam
797 373 1003 439 vindicavero
1028 371 1086 462 (so.
1101 380 1138 440 ut

125 456 302 546 caducam),
326 456 457 524 Cassius
481 460 723 526 confundendas
742 483 812 527 osse
831 465 942 546 partes
961 463 1137 550 existimat,

125 547 278 613 Proculus
302 550 424 614 eontra.

211 636 263 701 25.
294 636 332 701 D.
347 635 399 717 35,
414 637 443 719 2,
457 636 510 720 45,
526 639 554 702 1.
596 637 713 702 Paulus
736 639 820 704 libro
844 641 1069 726 sexagensimo
1093 642 1132 706 ad

125 725 264 790 edietum
293 722 342 810 (P.
363 723 451 811 724).
479 764 521 772 -
548 725 587 790 In
615 725 667 790 his
695 727 828 812 legatis,
862 750 943 812 quae
972 731 1031 795 sub
1060 752 1136 797 oon-

125 814 247 880 dioione
270 814 384 879 relicta
407 818 493 899 sunt,
522 814 678 880 Proculus
701 817 850 900 putabat,
874 839 945 882 oum
969 820 1138 902 quaeritur

125 902 161 968 de
184 903 258 988 lege
280 901 435 985 Falcidia,
458 906 585 968 tantum
609 925 679 969 esse
698 905 731 968 in
750 906 867 990 legato,
891 906 1006 990 quanti
1023 909 1135 973 venire

123 995 270 1078 possunt3
299 991 385 1076 quod
414 992 441 1056 si
469 996 533 1076 est,
561 997 594 1057 et
615 992 762 1058 deductio
787 995 833 1059 sio
856 999 964 1078 potest
986 995 1071 1078 fieri,
1098 1001 1137 1061 ut

123 1084 251 1146 tantum
277 1080 427 1145 videatur
454 1080 576 1162 deberi,
603 1081 717 1174 quanti
744 1103 862 1147 nomon
885 1083 993 1148 venire
1016 1088 1134 1168 potest.

460 1245 506 1305 De
527 1247 681 1320 usufructu
704 1248 803 1322 leuato.

213 1348 266 1414 26.
289 1345 327 1411 D.
343 1347 372 1430 l,
383 1348 412 1431 8,
424 1347 475 1428 10,
485 1347 516 1412 2.
560 1344 721 1432 Ulpianus
744 1349 828 1414 libro
853 1350 1137 1434 septimodecimo

123 1437 162 1501 ad
191 1435 350 1501 Sabinum
378 1432 426 1523 (P.
446 1432 559 1523 2576).
587 1473 629 1484 -
658 1486 692 1503 ..
720 1438 747 1502 si
776 1438 822 1504 sio
849 1439 980 1504 relictus
1009 1439 1051 1503 sit
1079 1437 1138 1524 (so.

122 1548 198 1591 usus
232 1520 369 1611 fruetus)
412 1523 472 1589 ‘illi
506 1525 618 1590 domus
650 1548 744 1591 usum
775 1525 932 1592 fructuml
965 1527 1136 1592 habitandi

123 1611 241 1698 oausa',
273 1616 381 1678 utrum
405 1612 646 1679 habitationem
675 1615 778 1680 solam
810 1638 851 1681 an
877 1637 954 1681 vero
983 1620 1015 1680 et
1042 1638 1136 1682 usum

122 1705 264 1768 fructum
287 1702 415 1787 habeat,
444 1702 625 1768 videndum.
671 1708 704 1768 et
725 1702 900 1770 Proeulus²
926 1708 959 1770 et
982 1703 1135 1770 Neratius

121 1795 239 1879 putant
265 1791 368 1857 solam
392 1790 630 1858 habitationem
653 1792 805 1878 legatam.

211 1881 265 1946 27.
297 1879 336 1944 D.
357 1880 386 1964 7,
407 1881 435 1962 1,
456 1881 554 1966 19pr.
603 1881 801 1967 Pomponius
833 1883 917 1948 libro
950 1883 1064 1969 quinto
1095 1883 1135 1949 ad

123 1968 278 2036 Sabinum
308 1965 357 2056 (P.
377 1967 467 2052 469).
494 2007 536 2017 —
564 1969 720 2036 Proculus
757 1974 851 2055 putat
887 1972 1010 2037 insulae
1044 1993 1138 2039 usum

119 2055 276 2142 fructum³
305 2079 401 2141 posse
428 2058 475 2123 ita
502 2060 616 2144 legari,
649 2062 685 2123 ut
712 2059 742 2124 ei
770 2061 907 2126 servitus
936 2061 1134 2146 imponatur,

124 2169 203 2234 qnae
233 2147 328 2211 alteri
355 2146 481 2211 insulae
506 2147 720 2213 hereditariae
744 2149 912 2232 debeatur,
939 2148 1001 2215 hoo
1025 2150 1137 2216 modo:
1186 2176 1189 2183 ·

123 2235 162 2301 ‘si
189 2236 246 2301 ille
273 2234 386 2299 heredi
412 2257 484 2303 meo
513 2237 700 2320 promiserit
725 2260 783 2323 per
811 2259 844 2303 se
872 2260 937 2304 non
960 2238 1044 2323 fore,
1072 2261 1136 2325 quo

123 2326 221 2390 altius
241 2345 279 2389 ea
299 2324 445 2391 aedifitia
464 2325 631 2412 tollantur,
648 2330 719 2391 tum
738 2327 767 2391 ei
786 2346 897 2392 eorum
914 2327 1133 2393 aedificiorum

121 2436 216 2480 usum
252 2412 393 2478 frustum
429 2413 470 2478 do
507 2414 593 2499 lego'
629 2415 681 2481 vel
718 2415 776 2481 sie:
814 2415 954 2481 ‘aedium
991 2416 1132 2502 illarum,

122 2503 227 2587 quoad
260 2500 372 2585 altius,
404 2524 500 2586 quam
533 2504 581 2567 uti
611 2526 698 2568 nuno
728 2513 817 2589 sunt,
850 2504 1036 2570 aedificatas
1064 2526 1130 2570 non

122 2595 231 2672 arunt,
254 2590 304 2654 illi
327 2591 585 2656 usumfructum
609 2593 649 2657 do
674 2591 770 2677 lego?

212 2680 264 2746 28.
292 2678 331 2743 D.
347 2680 375 2760 7,
390 2679 421 2761 5,
434 2682 463 2746 3.
509 2679 667 2764 Ulpianus
695 2681 779 2746 libro
808 2684 919 2745 octavo
944 2680 1067 2746 decimo
1091 2681 1132 2746 ad

122 2767 280 2834 Sabinum
289 2765 470 2855 (Pasaob).
481 2805 523 2815 —
533 2768 612 2835 Post
626 2769 711 2855 quod
726 2765 920 2856 (susenatus
933 2769 1135 2857 consultum)

122 2858 267 2923 omnium
299 2878 407 2922 rerum
438 2879 515 2923 usus
546 2858 670 2938 fructus
702 2858 805 2942 legari
837 2858 967 2941 poterit.
1023 2879 1064 2922 an
1098 2867 1132 2924 et

120 2945 312 3011 nominum?
349 2945 457 3012 Nerva
475 2949 618 3032 negavit3
637 2947 692 3012 sed
773 2943 903 3012 Cassius
924 2953 955 3012 et
971 2945 1129 3014 Proculus

122 3035 326 3116 existimant,
350 3057 445 3117 posse
468 3036 581 3121 legari.

213 3124 265 3190 29.
297 3123 336 3188 Ι).
355 3124 428 3207 7,9,
443 3125 519 3210 lpr.
569 3124 728 3209 Ulpianus
756 3126 839 3192 libro
869 3127 1135 3211 septuagensimo

123 3233 209 3279 nono
234 3213 275 3278 ad
299 3211 438 3277 edietum
459 3211 689 3301 (P.1724).-
710 3213 744 3280 Si
765 3236 843 3281 nans
862 3214 986 3280 fruetus
1004 3217 1136 3282 nomine

121 3323 156 3366 re
184 3301 307 3367 tradita
334 3302 527 3366 satisdatum
553 3325 621 3368 non
649 3305 759 3386 fuerit,
786 3302 942 3368 Prooulus
970 3303 1016 3368 ait
1041 3325 1136 3387 posse

196 3447 210 3496 1
231 3440 280 3496 m.
301 3458 366 3496 usus
385 3440 500 3497 fruetus.
562 3415 566 3422 ι

195 3519 211 3566 2
231 3513 271 3567 aio
290 3513 447 3582 Stephanus
466 3515 503 3568 ad
521 3512 584 3567 Bas.
602 3518 644 3578 16,
658 3517 683 3581 8,
700 3517 741 3581 10,
764 3511 896 3565 ‘Priscus’
917 3509 983 3565 libri
1001 3508 1100 3562 nostri.
1212 3555 1235 3557 .,

195 3589 211 3636 3
231 3583 279 3639 Fi.
298 3581 427 3638 insulam.
464 3585 611 3640 secuudum
631 3583 748 3638 Grueom
766 3581 943 3636 uueudutum.

177 3681 275 3732 Inrispr.
290 3683 411 3724 antehadr.
425 3682 476 3724 roll.
490 3681 524 3723 ed.
538 3683 638 3722 Bremer.
659 3679 693 3731 11,
701 3681 719 3718 2.
943 3670 977 3718 10
