<?xml version="1.0" encoding="UTF-8"?>
<!DOCTYPE html PUBLIC "-//W3C//DTD XHTML 1.0 Transitional//EN"
    "http://www.w3.org/TR/xhtml1/DTD/xhtml1-transitional.dtd">
<html xmlns="http://www.w3.org/1999/xhtml" xml:lang="en" lang="en">
 <head>
  <title>
</title>
<meta http-equiv="Content-Type" content="text/html;charset=utf-8" />
  <meta name='ocr-system' content='tesseract 3.04.00' />
  <meta name='ocr-capabilities' content='ocr_page ocr_carea ocr_par ocr_line ocrx_word'/>
</head>
<body>
  <div class='ocr_page' id='page_1' title='image "./iurisprudentiae03bremgoog_0490.png"; bbox 0 0 2602 3906; ppageno 0'>
   <div class='ocr_carea' id='block_1_1' title="bbox 166 203 1147 269">
    <p class='ocr_par' dir='ltr' id='par_1_1' title="bbox 166 203 1147 269">
     <span class='ocr_line' id='line_1_1' title="bbox 166 203 1147 269; baseline -0.013 1"><span class='ocrx_word' id='word_1_1' title='bbox 166 205 235 269; x_wconf 85' lang='grc'><em>460</em></span> <span class='ocrx_word' id='word_1_2' title='bbox 271 204 304 259; x_wconf 88' lang='lat' dir='ltr'><em>V.</em></span> <span class='ocrx_word' id='word_1_3' title='bbox 323 204 473 259; x_wconf 81' lang='lat' dir='ltr'><strong>NERVAE</strong></span> <span class='ocrx_word' id='word_1_4' title='bbox 492 203 538 259; x_wconf 84' lang='lat' dir='ltr'><em>ET</em></span> <span class='ocrx_word' id='word_1_5' title='bbox 557 204 710 260; x_wconf 84' lang='lat' dir='ltr'><strong>TRAIANI</strong></span> <span class='ocrx_word' id='word_1_6' title='bbox 728 203 835 260; x_wconf 80' lang='grc' dir='ltr'><strong>ΤΕΜΡ.</strong></span> <span class='ocrx_word' id='word_1_7' title='bbox 853 204 949 259; x_wconf 73' lang='lat' dir='ltr'>IURJS</span> <span class='ocrx_word' id='word_1_8' title='bbox 968 203 1147 260; x_wconf 79' lang='lat' dir='ltr'>CONSULTI</span> 
     </span>
    </p>
   </div>
   <div class='ocr_carea' id='block_1_2' title="bbox 163 368 1184 984">
    <p class='ocr_par' dir='ltr' id='par_1_2' title="bbox 168 368 1184 538">
     <span class='ocr_line' id='line_1_2' title="bbox 168 368 1184 450; baseline 0.002 -18"><span class='ocrx_word' id='word_1_9' title='bbox 168 369 306 448; x_wconf 88' lang='lat' dir='ltr'><em>interest,</em></span> <span class='ocrx_word' id='word_1_10' title='bbox 336 373 441 432; x_wconf 90' lang='lat' dir='ltr'><em>atram</em></span> <span class='ocrx_word' id='word_1_11' title='bbox 472 389 510 432; x_wconf 87' lang='lat' dir='ltr'><em>ea</em></span> <span class='ocrx_word' id='word_1_12' title='bbox 541 369 751 433; x_wconf 75' lang='lat' dir='ltr'><em>numeratione</em></span> <span class='ocrx_word' id='word_1_13' title='bbox 776 368 911 450; x_wconf 86' lang='lat' dir='ltr'><em>peaania</em></span> <span class='ocrx_word' id='word_1_14' title='bbox 942 368 986 433; x_wconf 95' lang='lat' dir='ltr'><em>ad</em></span> <span class='ocrx_word' id='word_1_15' title='bbox 1016 389 1084 434; x_wconf 87' lang='lat' dir='ltr'><em>eam</em></span> <span class='ocrx_word' id='word_1_16' title='bbox 1113 368 1184 434; x_wconf 92' lang='lat' dir='ltr'><em>sine</em></span> 
     </span>
     <span class='ocr_line' id='line_1_3' title="bbox 168 458 882 538; baseline -0.003 -14"><span class='ocrx_word' id='word_1_17' title='bbox 168 477 264 524; x_wconf 79' lang='lat' dir='ltr'><em>caasa</em></span> <span class='ocrx_word' id='word_1_18' title='bbox 286 477 329 521; x_wconf 93' lang='lat' dir='ltr'><em>an</em></span> <span class='ocrx_word' id='word_1_19' title='bbox 346 477 405 538; x_wconf 91' lang='lat' dir='ltr'><em>per</em></span> <span class='ocrx_word' id='word_1_20' title='bbox 427 458 685 538; x_wconf 79' lang='lat' dir='ltr'><em>acceptilationem</em></span> <span class='ocrx_word' id='word_1_21' title='bbox 705 458 882 538; x_wconf 83' lang='lat' dir='ltr'><em>pervenerit.</em></span> 
     </span>
    </p>

    <p class='ocr_par' dir='ltr' id='par_1_3' title="bbox 163 544 1184 984">
     <span class='ocr_line' id='line_1_4' title="bbox 260 544 1183 628; baseline 0.003 -19"><span class='ocrx_word' id='word_1_22' title='bbox 260 546 290 610; x_wconf 89' lang='lat'><em>6.</em></span> <span class='ocrx_word' id='word_1_23' title='bbox 314 544 354 609; x_wconf 88' lang='lat' dir='ltr'><em>D.</em></span> <span class='ocrx_word' id='word_1_24' title='bbox 368 546 420 627; x_wconf 78' lang='lat'><em>23,</em></span> <span class='ocrx_word' id='word_1_25' title='bbox 435 546 464 624; x_wconf 87' lang='lat'><em>3,</em></span> <span class='ocrx_word' id='word_1_26' title='bbox 478 547 531 610; x_wconf 78' lang='lat'><em>57.</em></span> <span class='ocrx_word' id='word_1_27' title='bbox 569 544 739 610; x_wconf 84' lang='lat' dir='ltr'><em>Iavolenus</em></span> <span class='ocrx_word' id='word_1_28' title='bbox 758 546 842 611; x_wconf 88' lang='lat' dir='ltr'><em>libra</em></span> <span class='ocrx_word' id='word_1_29' title='bbox 862 546 966 628; x_wconf 85' lang='lat' dir='ltr'><em>primo</em></span> <span class='ocrx_word' id='word_1_30' title='bbox 986 567 1025 610; x_wconf 84' lang='lat' dir='ltr'><em>ex</em></span> <span class='ocrx_word' id='word_1_31' title='bbox 1043 544 1183 612; x_wconf 76' lang='lat' dir='ltr'><em>Flauiis.</em></span> 
     </span>
     <span class='ocr_line' id='line_1_5' title="bbox 169 631 1182 716; baseline 0 -18"><span class='ocrx_word' id='word_1_32' title='bbox 169 670 212 680; x_wconf 91' lang='lat'>-</span> <span class='ocrx_word' id='word_1_33' title='bbox 236 635 386 716; x_wconf 89' lang='lat' dir='ltr'><em>Naptara</em></span> <span class='ocrx_word' id='word_1_34' title='bbox 411 634 477 716; x_wconf 72' lang='lat' dir='ltr'><em>filio</em></span> <span class='ocrx_word' id='word_1_35' title='bbox 502 634 647 716; x_wconf 80' lang='lat' dir='ltr'><em>familias</em></span> <span class='ocrx_word' id='word_1_36' title='bbox 672 637 702 698; x_wconf 91' lang='lat' dir='ltr'><em>si</em></span> <span class='ocrx_word' id='word_1_37' title='bbox 725 655 825 700; x_wconf 81' lang='lat' dir='ltr'><em>socero</em></span> <span class='ocrx_word' id='word_1_38' title='bbox 847 636 945 699; x_wconf 87' lang='lat' dir='ltr'><em>dotem</em></span> <span class='ocrx_word' id='word_1_39' title='bbox 967 636 1012 698; x_wconf 90' lang='lat' dir='ltr'><em>ita</em></span> <span class='ocrx_word' id='word_1_40' title='bbox 1035 631 1182 698; x_wconf 84' lang='lat' dir='ltr'><em>dixerit¹:</em></span> 
     </span>
     <span class='ocr_line' id='line_1_6' title="bbox 169 722 1184 807; baseline 0 -19"><span class='ocrx_word' id='word_1_41' title='bbox 169 722 262 807; x_wconf 70' lang='lat' dir='ltr'><em>‘qaod</em></span> <span class='ocrx_word' id='word_1_42' title='bbox 286 724 373 805; x_wconf 74' lang='lat' dir='ltr'><em>filias</em></span> <span class='ocrx_word' id='word_1_43' title='bbox 400 729 471 787; x_wconf 78' lang='lat' dir='ltr'><em>tara</em></span> <span class='ocrx_word' id='word_1_44' title='bbox 493 723 571 788; x_wconf 80' lang='lat' dir='ltr'><em>milii</em></span> <span class='ocrx_word' id='word_1_45' title='bbox 593 724 686 802; x_wconf 90' lang='lat' dir='ltr'><em>debet,</em></span> <span class='ocrx_word' id='word_1_46' title='bbox 714 725 748 788; x_wconf 93' lang='lat' dir='ltr'><em>id</em></span> <span class='ocrx_word' id='word_1_47' title='bbox 769 725 834 788; x_wconf 90' lang='lat' dir='ltr'><em>doti</em></span> <span class='ocrx_word' id='word_1_48' title='bbox 857 724 912 788; x_wconf 86' lang='lat' dir='ltr'><em>tibi</em></span> <span class='ocrx_word' id='word_1_49' title='bbox 934 723 1012 801; x_wconf 90' lang='lat' dir='ltr'><em>erit’,</em></span> <span class='ocrx_word' id='word_1_50' title='bbox 1039 725 1184 788; x_wconf 72' lang='lat' dir='ltr'><em>interesse</em></span> 
     </span>
     <span class='ocr_line' id='line_1_7' title="bbox 163 811 1184 896; baseline -0.001 -19"><span class='ocrx_word' id='word_1_51' title='bbox 163 817 250 896; x_wconf 87' lang='lat' dir='ltr'><em>pato,</em></span> <span class='ocrx_word' id='word_1_52' title='bbox 272 817 379 876; x_wconf 91' lang='lat' dir='ltr'><em>atram</em></span> <span class='ocrx_word' id='word_1_53' title='bbox 399 811 461 895; x_wconf 78' lang='lat' dir='ltr'><em>pm·</em></span> <span class='ocrx_word' id='word_1_54' title='bbox 483 813 625 894; x_wconf 87' lang='lat' dir='ltr'><em>obiipatio</em></span> <span class='ocrx_word' id='word_1_55' title='bbox 647 833 691 876; x_wconf 92' lang='lat' dir='ltr'><em>aa</em></span> <span class='ocrx_word' id='word_1_56' title='bbox 708 813 814 895; x_wconf 86' lang='lat' dir='ltr'><em>patris</em></span> <span class='ocrx_word' id='word_1_57' title='bbox 830 813 999 894; x_wconf 87' lang='lat' dir='ltr'><em>perseoatio</em></span> <span class='ocrx_word' id='word_1_58' title='bbox 1019 817 1048 876; x_wconf 92' lang='lat' dir='ltr'><em>et</em></span> <span class='ocrx_word' id='word_1_59' title='bbox 1064 813 1101 876; x_wconf 91' lang='lat' dir='ltr'><em>in</em></span> <span class='ocrx_word' id='word_1_60' title='bbox 1117 832 1184 876; x_wconf 91' lang='lat' dir='ltr'><em>rem</em></span> 
     </span>
     <span class='ocr_line' id='line_1_8' title="bbox 168 899 1182 984; baseline -0.001 -18"><span class='ocrx_word' id='word_1_61' title='bbox 168 922 290 966; x_wconf 84' lang='lat' dir='ltr'><em>versam</em></span> <span class='ocrx_word' id='word_1_62' title='bbox 322 899 471 966; x_wconf 69' lang='lat' dir='ltr'><em>dictioni²</em></span> <span class='ocrx_word' id='word_1_63' title='bbox 503 902 702 966; x_wconf 88' lang='lat' dir='ltr'><em>eontineatnr.</em></span> <span class='ocrx_word' id='word_1_64' title='bbox 752 922 828 965; x_wconf 93' lang='lat' dir='ltr'><em>nam</em></span> <span class='ocrx_word' id='word_1_65' title='bbox 855 902 883 965; x_wconf 85' lang='lat' dir='ltr'><em>si</em></span> <span class='ocrx_word' id='word_1_66' title='bbox 910 902 945 965; x_wconf 92' lang='lat' dir='ltr'><em>id</em></span> <span class='ocrx_word' id='word_1_67' title='bbox 974 902 1056 984; x_wconf 78' lang='lat' dir='ltr'><em>qaod</em></span> <span class='ocrx_word' id='word_1_68' title='bbox 1080 901 1182 982; x_wconf 73' lang='lat' dir='ltr'><em>filiam</em></span> 
     </span>
    </p>
   </div>
   <div class='ocr_carea' id='block_1_3' title="bbox 165 990 1186 1782">
    <p class='ocr_par' dir='ltr' id='par_1_4' title="bbox 165 990 1186 1782">
     <span class='ocr_line' id='line_1_9' title="bbox 169 990 1184 1073; baseline -0.003 -17"><span class='ocrx_word' id='word_1_69' title='bbox 169 991 245 1056; x_wconf 89' lang='lat' dir='ltr'><em>dare</em></span> <span class='ocrx_word' id='word_1_70' title='bbox 262 995 376 1072; x_wconf 87' lang='lat' dir='ltr'><em>oportet</em></span> <span class='ocrx_word' id='word_1_71' title='bbox 392 991 599 1072; x_wconf 76' lang='lat' dir='ltr'><em>sipnificatam</em></span> <span class='ocrx_word' id='word_1_72' title='bbox 618 996 669 1070; x_wconf 90' lang='lat' dir='ltr'><em>est,</em></span> <span class='ocrx_word' id='word_1_73' title='bbox 693 994 755 1054; x_wconf 90' lang='lat' dir='ltr'><em>tota</em></span> <span class='ocrx_word' id='word_1_74' title='bbox 767 991 911 1073; x_wconf 77' lang='lat' dir='ltr'><em>pecnnia,</em></span> <span class='ocrx_word' id='word_1_75' title='bbox 934 991 969 1054; x_wconf 91' lang='lat' dir='ltr'><em>in</em></span> <span class='ocrx_word' id='word_1_76' title='bbox 987 1010 1079 1071; x_wconf 79' lang='lat' dir='ltr'><em>qaam</em></span> <span class='ocrx_word' id='word_1_77' title='bbox 1097 990 1184 1070; x_wconf 72' lang='lat' dir='ltr'><em>filias</em></span> 
     </span>
     <span class='ocr_line' id='line_1_10' title="bbox 170 1077 1184 1162; baseline -0.002 -18"><span class='ocrx_word' id='word_1_78' title='bbox 170 1079 321 1161; x_wconf 82' lang='lat' dir='ltr'><em>obiipatns</em></span> <span class='ocrx_word' id='word_1_79' title='bbox 347 1084 403 1162; x_wconf 88' lang='lat' dir='ltr'><em>est,</em></span> <span class='ocrx_word' id='word_1_80' title='bbox 428 1077 578 1144; x_wconf 71' lang='lat' dir='ltr'><em>dictioni²¹</em></span> <span class='ocrx_word' id='word_1_81' title='bbox 599 1081 679 1144; x_wconf 90' lang='lat' dir='ltr'><em>dotis</em></span> <span class='ocrx_word' id='word_1_82' title='bbox 701 1080 918 1156; x_wconf 83' lang='lat' dir='ltr'><em>continebitar;</em></span> <span class='ocrx_word' id='word_1_83' title='bbox 946 1079 996 1144; x_wconf 93' lang='lat' dir='ltr'><em>sia</em></span> <span class='ocrx_word' id='word_1_84' title='bbox 1018 1083 1119 1142; x_wconf 92' lang='lat' dir='ltr'><em>aatem</em></span> <span class='ocrx_word' id='word_1_85' title='bbox 1141 1078 1184 1158; x_wconf 89' lang='lat' dir='ltr'><em>id,</em></span> 
     </span>
     <span class='ocr_line' id='line_1_11' title="bbox 171 1168 1183 1251; baseline -0.003 -19"><span class='ocrx_word' id='word_1_86' title='bbox 171 1171 253 1251; x_wconf 79' lang='lat' dir='ltr'><em>qaod</em></span> <span class='ocrx_word' id='word_1_87' title='bbox 269 1173 391 1250; x_wconf 91' lang='lat' dir='ltr'><em>patrem</em></span> <span class='ocrx_word' id='word_1_88' title='bbox 414 1169 449 1233; x_wconf 90' lang='lat' dir='ltr'><em>de</em></span> <span class='ocrx_word' id='word_1_89' title='bbox 465 1169 585 1250; x_wconf 83' lang='lat' dir='ltr'><em>poentio</em></span> <span class='ocrx_word' id='word_1_90' title='bbox 608 1169 654 1233; x_wconf 89' lang='lat' dir='ltr'><em>aei</em></span> <span class='ocrx_word' id='word_1_91' title='bbox 676 1168 712 1232; x_wconf 91' lang='lat' dir='ltr'><em>ia</em></span> <span class='ocrx_word' id='word_1_92' title='bbox 733 1189 798 1232; x_wconf 90' lang='lat' dir='ltr'><em>rem</em></span> <span class='ocrx_word' id='word_1_93' title='bbox 820 1189 904 1232; x_wconf 89' lang='lat' dir='ltr'><em>oerso</em></span> <span class='ocrx_word' id='word_1_94' title='bbox 919 1173 1079 1248; x_wconf 86' lang='lat' dir='ltr'><em>praestare</em></span> <span class='ocrx_word' id='word_1_95' title='bbox 1096 1187 1183 1248; x_wconf 90' lang='lat' dir='ltr'><em>opor·</em></span> 
     </span>
     <span class='ocr_line' id='line_1_12' title="bbox 170 1256 1186 1341; baseline -0.002 -19"><span class='ocrx_word' id='word_1_96' title='bbox 170 1256 291 1341; x_wconf 73' lang='lat' dir='ltr'><em>te[be]t,</em></span> <span class='ocrx_word' id='word_1_97' title='bbox 315 1259 477 1322; x_wconf 88' lang='lat' dir='ltr'><em>aestimare</em></span> <span class='ocrx_word' id='word_1_98' title='bbox 499 1257 612 1321; x_wconf 79' lang='lat' dir='ltr'><em>debebit</em></span> <span class='ocrx_word' id='word_1_99' title='bbox 627 1262 778 1339; x_wconf 79' lang='lat' dir='ltr'><em>qnoniam</em></span> <span class='ocrx_word' id='word_1_100' title='bbox 796 1259 838 1322; x_wconf 90' lang='lat' dir='ltr'><em>sit</em></span> <span class='ocrx_word' id='word_1_101' title='bbox 855 1277 887 1321; x_wconf 89' lang='lat' dir='ltr'><em>eo</em></span> <span class='ocrx_word' id='word_1_102' title='bbox 906 1261 1035 1339; x_wconf 89' lang='lat' dir='ltr'><em>tempore</em></span> <span class='ocrx_word' id='word_1_103' title='bbox 1055 1257 1088 1320; x_wconf 91' lang='lat' dir='ltr'><em>id</em></span> <span class='ocrx_word' id='word_1_104' title='bbox 1104 1256 1186 1338; x_wconf 81' lang='lat' dir='ltr'><em>qaod</em></span> 
     </span>
     <span class='ocr_line' id='line_1_13' title="bbox 170 1343 1185 1428; baseline -0.002 -18"><span class='ocrx_word' id='word_1_105' title='bbox 170 1343 311 1424; x_wconf 81' lang='lat' dir='ltr'><em>dieitar³‚</em></span> <span class='ocrx_word' id='word_1_106' title='bbox 338 1351 374 1410; x_wconf 92' lang='lat' dir='ltr'><em>at</em></span> <span class='ocrx_word' id='word_1_107' title='bbox 399 1366 435 1409; x_wconf 93' lang='lat' dir='ltr'><em>ea</em></span> <span class='ocrx_word' id='word_1_108' title='bbox 462 1366 584 1410; x_wconf 92' lang='lat' dir='ltr'><em>samma</em></span> <span class='ocrx_word' id='word_1_109' title='bbox 611 1347 691 1410; x_wconf 90' lang='lat' dir='ltr'><em>dotis</em></span> <span class='ocrx_word' id='word_1_110' title='bbox 717 1366 778 1410; x_wconf 90' lang='lat' dir='ltr'><em>esse</em></span> <span class='ocrx_word' id='word_1_111' title='bbox 801 1347 949 1428; x_wconf 88' lang='lat' dir='ltr'><em>oideatnr,</em></span> <span class='ocrx_word' id='word_1_112' title='bbox 976 1366 1038 1426; x_wconf 75' lang='lat' dir='ltr'><em>aaa</em></span> <span class='ocrx_word' id='word_1_113' title='bbox 1062 1349 1185 1426; x_wconf 86' lang='lat' dir='ltr'><em>patrem</em></span> 
     </span>
     <span class='ocr_line' id='line_1_14' title="bbox 170 1432 1185 1518; baseline -0.001 -19"><span class='ocrx_word' id='word_1_114' title='bbox 170 1455 203 1500; x_wconf 92' lang='lat' dir='ltr'><em>eo</em></span> <span class='ocrx_word' id='word_1_115' title='bbox 226 1440 357 1518; x_wconf 89' lang='lat' dir='ltr'><em>tempore</em></span> <span class='ocrx_word' id='word_1_116' title='bbox 377 1435 439 1516; x_wconf 74' lang='lat' dir='ltr'><em>(itii</em></span> <span class='ocrx_word' id='word_1_117' title='bbox 461 1435 583 1498; x_wconf 86' lang='lat' dir='ltr'><em>nomine</em></span> <span class='ocrx_word' id='word_1_118' title='bbox 605 1436 803 1498; x_wconf 84' lang='lat' dir='ltr'><em>condemnari</em></span> <span class='ocrx_word' id='word_1_119' title='bbox 824 1432 999 1516; x_wconf 74' lang='lat' dir='ltr'><em>operarer.</em></span> <span class='ocrx_word' id='word_1_120' title='bbox 1040 1435 1138 1515; x_wconf 80' lang='lat' dir='ltr'><em>[qaod</em></span> <span class='ocrx_word' id='word_1_121' title='bbox 1154 1433 1185 1498; x_wconf 88' lang='lat' dir='ltr'><em>si</em></span> 
     </span>
     <span class='ocr_line' id='line_1_15' title="bbox 171 1523 1185 1607; baseline -0.002 -19"><span class='ocrx_word' id='word_1_122' title='bbox 171 1544 236 1589; x_wconf 87' lang='lat' dir='ltr'><em>aaa</em></span> <span class='ocrx_word' id='word_1_123' title='bbox 253 1525 403 1588; x_wconf 83' lang='lat' dir='ltr'><em>evidenter</em></span> <span class='ocrx_word' id='word_1_124' title='bbox 421 1523 578 1607; x_wconf 74' lang='lat' dir='ltr'><em>apparuit,</em></span> <span class='ocrx_word' id='word_1_125' title='bbox 595 1525 631 1587; x_wconf 92' lang='lat' dir='ltr'><em>de</em></span> <span class='ocrx_word' id='word_1_126' title='bbox 648 1525 736 1588; x_wconf 89' lang='lat' dir='ltr'><em>anias</em></span> <span class='ocrx_word' id='word_1_127' title='bbox 753 1524 864 1586; x_wconf 84' lang='lat' dir='ltr'><em>matter</em></span> <span class='ocrx_word' id='word_1_128' title='bbox 882 1523 1063 1604; x_wconf 84' lang='lat' dir='ltr'><em>abtipatione</em></span> <span class='ocrx_word' id='word_1_129' title='bbox 1080 1523 1185 1604; x_wconf 89' lang='lat' dir='ltr'><em>sensit,</em></span> 
     </span>
     <span class='ocr_line' id='line_1_16' title="bbox 165 1611 1186 1696; baseline -0.003 -19"><span class='ocrx_word' id='word_1_130' title='bbox 165 1614 447 1695; x_wconf 88' lang='lat' dir='ltr'><em>praesamptionem</em></span> <span class='ocrx_word' id='word_1_131' title='bbox 474 1611 517 1676; x_wconf 92' lang='lat' dir='ltr'><em>ad</em></span> <span class='ocrx_word' id='word_1_132' title='bbox 541 1612 603 1694; x_wconf 73' lang='lat' dir='ltr'><em>filii</em></span> <span class='ocrx_word' id='word_1_133' title='bbox 629 1611 762 1676; x_wconf 86' lang='lat' dir='ltr'><em>debitam</em></span> <span class='ocrx_word' id='word_1_134' title='bbox 789 1617 923 1693; x_wconf 81' lang='lat' dir='ltr'><em>spectare</em></span> <span class='ocrx_word' id='word_1_135' title='bbox 945 1611 1109 1676; x_wconf 80' lang='lat' dir='ltr'><em>verisimile</em></span> <span class='ocrx_word' id='word_1_136' title='bbox 1131 1616 1186 1696; x_wconf 89' lang='lat' dir='ltr'><em>est,</em></span> 
     </span>
     <span class='ocr_line' id='line_1_17' title="bbox 172 1701 925 1782; baseline -0.001 -18"><span class='ocrx_word' id='word_1_137' title='bbox 172 1702 237 1765; x_wconf 90' lang='lat' dir='ltr'><em>nisi</em></span> <span class='ocrx_word' id='word_1_138' title='bbox 258 1702 479 1766; x_wconf 85' lang='lat' dir='ltr'><em>evidentissime</em></span> <span class='ocrx_word' id='word_1_139' title='bbox 501 1702 692 1765; x_wconf 80' lang='lat' dir='ltr'><em>contrariam</em></span> <span class='ocrx_word' id='word_1_140' title='bbox 714 1701 925 1782; x_wconf 73' lang='lat' dir='ltr'><em>adprobatur]</em></span> 
     </span>
    </p>
   </div>
   <div class='ocr_carea' id='block_1_4' title="bbox 260 1811 984 1889">
    <p class='ocr_par' dir='ltr' id='par_1_5' title="bbox 260 1811 984 1889">
     <span class='ocr_line' id='line_1_18' title="bbox 260 1811 984 1889; baseline -0.001 -18"><span class='ocrx_word' id='word_1_141' title='bbox 260 1813 296 1871; x_wconf 83' lang='lat' dir='ltr'><em>at.</em></span> <span class='ocrx_word' id='word_1_142' title='bbox 321 1811 510 1880; x_wconf 79' lang='lat' dir='ltr'><em>Gradanwitz</em></span> <span class='ocrx_word' id='word_1_143' title='bbox 534 1812 564 1871; x_wconf 89' lang='lat' dir='ltr'><em>Z.</em></span> <span class='ocrx_word' id='word_1_144' title='bbox 588 1811 616 1870; x_wconf 84' lang='lat' dir='ltr'><em>d.</em></span> <span class='ocrx_word' id='word_1_145' title='bbox 641 1812 767 1872; x_wconf 68' lang='lat' dir='ltr'><em>Sam-St.</em></span> <span class='ocrx_word' id='word_1_146' title='bbox 792 1811 865 1889; x_wconf 85' lang='lat' dir='ltr'><strong>VII,</strong></span> <span class='ocrx_word' id='word_1_147' title='bbox 889 1814 984 1888; x_wconf 69' lang='lat' dir='ltr'><em>iieq.</em></span> 
     </span>
    </p>
   </div>
   <div class='ocr_carea' id='block_1_5' title="bbox 473 1984 888 2067">
    <p class='ocr_par' dir='ltr' id='par_1_6' title="bbox 473 1984 888 2067">
     <span class='ocr_line' id='line_1_19' title="bbox 473 1984 888 2067; baseline -0.002 -18"><span class='ocrx_word' id='word_1_148' title='bbox 473 1984 522 2049; x_wconf 90' lang='lat' dir='ltr'><em>De</em></span> <span class='ocrx_word' id='word_1_149' title='bbox 543 1984 718 2050; x_wconf 86' lang='lat' dir='ltr'><em>bereditatis</em></span> <span class='ocrx_word' id='word_1_150' title='bbox 735 1985 888 2067; x_wconf 90' lang='lat' dir='ltr'><em>petitione.</em></span> 
     </span>
    </p>
   </div>
   <div class='ocr_carea' id='block_1_6' title="bbox 175 2098 1292 2272">
    <p class='ocr_par' dir='ltr' id='par_1_7' title="bbox 175 2098 1292 2272">
     <span class='ocr_line' id='line_1_20' title="bbox 262 2098 1292 2190; baseline 0.001 -27"><span class='ocrx_word' id='word_1_151' title='bbox 262 2100 291 2163; x_wconf 78' lang='lat'><em>7.</em></span> <span class='ocrx_word' id='word_1_152' title='bbox 313 2099 354 2164; x_wconf 91' lang='lat' dir='ltr'><em>D.</em></span> <span class='ocrx_word' id='word_1_153' title='bbox 368 2100 398 2184; x_wconf 79' lang='lat'><em>5,</em></span> <span class='ocrx_word' id='word_1_154' title='bbox 413 2100 442 2182; x_wconf 85' lang='lat'><em>3,</em></span> <span class='ocrx_word' id='word_1_155' title='bbox 455 2101 508 2164; x_wconf 85' lang='lat'><em>44.</em></span> <span class='ocrx_word' id='word_1_156' title='bbox 551 2098 723 2170; x_wconf 79' lang='lat' dir='ltr'><em>Iavolenus</em></span> <span class='ocrx_word' id='word_1_157' title='bbox 747 2098 830 2164; x_wconf 91' lang='lat' dir='ltr'><em>libro</em></span> <span class='ocrx_word' id='word_1_158' title='bbox 855 2099 959 2183; x_wconf 88' lang='lat' dir='ltr'><em>primo</em></span> <span class='ocrx_word' id='word_1_159' title='bbox 984 2121 1022 2162; x_wconf 83' lang='lat' dir='ltr'><em>ox</em></span> <span class='ocrx_word' id='word_1_160' title='bbox 1046 2099 1186 2164; x_wconf 79' lang='lat' dir='ltr'><em>Plautia.</em></span> <span class='ocrx_word' id='word_1_161' title='bbox 1291 2145 1292 2190; x_wconf 26' lang='grc' dir='ltr'>ι</span> 
     </span>
     <span class='ocr_line' id='line_1_21' title="bbox 175 2186 1292 2272; baseline -0.001 -18"><span class='ocrx_word' id='word_1_162' title='bbox 175 2225 212 2236; x_wconf 86' lang='lat'><em>-</em></span> <span class='ocrx_word' id='word_1_163' title='bbox 242 2186 320 2254; x_wconf 81' lang='lat' dir='ltr'><em>Oeam</em></span> <span class='ocrx_word' id='word_1_164' title='bbox 343 2189 384 2268; x_wconf 90' lang='lat' dir='ltr'><em>is,</em></span> <span class='ocrx_word' id='word_1_165' title='bbox 411 2189 466 2270; x_wconf 79' lang='lat' dir='ltr'><em>qai</em></span> <span class='ocrx_word' id='word_1_166' title='bbox 488 2189 619 2271; x_wconf 78' lang='lat' dir='ltr'><em>tepatnm</em></span> <span class='ocrx_word' id='word_1_167' title='bbox 642 2209 679 2253; x_wconf 86' lang='lat' dir='ltr'><em>en</em></span> <span class='ocrx_word' id='word_1_168' title='bbox 702 2192 877 2253; x_wconf 86' lang='lat' dir='ltr'><em>testamento</em></span> <span class='ocrx_word' id='word_1_169' title='bbox 893 2190 1041 2272; x_wconf 74' lang='lat' dir='ltr'><em>percepit,</em></span> <span class='ocrx_word' id='word_1_170' title='bbox 1068 2187 1187 2253; x_wconf 85' lang='lat' dir='ltr'><em>beredi-</em></span> <span class='ocrx_word' id='word_1_171' title='bbox 1291 2243 1292 2262; x_wconf 59' lang='lat'><strong>.</strong></span> 
     </span>
    </p>
   </div>
   <div class='ocr_carea' id='block_1_7' title="bbox 170 2277 1190 2540">
    <p class='ocr_par' dir='ltr' id='par_1_8' title="bbox 170 2277 1190 2540">
     <span class='ocr_line' id='line_1_22' title="bbox 172 2277 1187 2359; baseline 0 -17"><span class='ocrx_word' id='word_1_172' title='bbox 172 2282 264 2342; x_wconf 82' lang='lat' dir='ltr'><em>iatam</em></span> <span class='ocrx_word' id='word_1_173' title='bbox 285 2279 376 2359; x_wconf 89' lang='lat' dir='ltr'><em>petit,</em></span> <span class='ocrx_word' id='word_1_174' title='bbox 404 2278 432 2342; x_wconf 91' lang='lat' dir='ltr'><em>si</em></span> <span class='ocrx_word' id='word_1_175' title='bbox 459 2277 591 2359; x_wconf 78' lang='lat' dir='ltr'><em>iepatam</em></span> <span class='ocrx_word' id='word_1_176' title='bbox 618 2298 804 2359; x_wconf 78' lang='lat' dir='ltr'><em>qaooamqae</em></span> <span class='ocrx_word' id='word_1_177' title='bbox 830 2279 919 2342; x_wconf 92' lang='lat' dir='ltr'><em>modo</em></span> <span class='ocrx_word' id='word_1_178' title='bbox 946 2278 1100 2342; x_wconf 83' lang='lat' dir='ltr'><em>redditam</em></span> <span class='ocrx_word' id='word_1_179' title='bbox 1121 2298 1187 2342; x_wconf 86' lang='lat' dir='ltr'><em>aon</em></span> 
     </span>
     <span class='ocr_line' id='line_1_23' title="bbox 170 2367 1190 2450; baseline -0.001 -18"><span class='ocrx_word' id='word_1_180' title='bbox 170 2368 225 2445; x_wconf 86' lang='lat' dir='ltr'><em>sit,</em></span> <span class='ocrx_word' id='word_1_181' title='bbox 252 2367 365 2432; x_wconf 74' lang='lat' dir='ltr'><em>indicis</em></span> <span class='ocrx_word' id='word_1_182' title='bbox 389 2367 491 2450; x_wconf 78' lang='lat' dir='ltr'><em>affinio</em></span> <span class='ocrx_word' id='word_1_183' title='bbox 514 2367 692 2442; x_wconf 83' lang='lat' dir='ltr'><em>continetur,</em></span> <span class='ocrx_word' id='word_1_184' title='bbox 718 2371 754 2431; x_wconf 91' lang='lat' dir='ltr'><em>at</em></span> <span class='ocrx_word' id='word_1_185' title='bbox 774 2367 882 2431; x_wconf 86' lang='lat' dir='ltr'><em>viatori</em></span> <span class='ocrx_word' id='word_1_186' title='bbox 904 2367 1028 2446; x_wconf 85' lang='lat' dir='ltr'><em>dedacto</em></span> <span class='ocrx_word' id='word_1_187' title='bbox 1050 2386 1083 2431; x_wconf 90' lang='lat' dir='ltr'><em>eo</em></span> <span class='ocrx_word' id='word_1_188' title='bbox 1105 2367 1190 2448; x_wconf 80' lang='lat' dir='ltr'><em>qaod</em></span> 
     </span>
     <span class='ocr_line' id='line_1_24' title="bbox 172 2454 665 2540; baseline -0.006 -19"><span class='ocrx_word' id='word_1_189' title='bbox 172 2457 288 2540; x_wconf 81' lang='lat' dir='ltr'><em>aceepit</em></span> <span class='ocrx_word' id='word_1_190' title='bbox 308 2457 487 2522; x_wconf 90' lang='lat' dir='ltr'><em>restitaatar</em></span> <span class='ocrx_word' id='word_1_191' title='bbox 508 2454 665 2521; x_wconf 76' lang='lat' dir='ltr'><em>hereditas</em></span> 
     </span>
    </p>
   </div>
   <div class='ocr_carea' id='block_1_8' title="bbox 595 2672 764 2733">
    <p class='ocr_par' dir='ltr' id='par_1_9' title="bbox 595 2672 764 2733">
     <span class='ocr_line' id='line_1_25' title="bbox 595 2672 764 2733; baseline 0 -1"><span class='ocrx_word' id='word_1_192' title='bbox 595 2672 703 2733; x_wconf 86' lang='lat' dir='ltr'><em>Liber</em></span> <span class='ocrx_word' id='word_1_193' title='bbox 724 2672 764 2733; x_wconf 89' lang='grc' dir='ltr'><em>ΙΙ.</em></span> 
     </span>
    </p>
   </div>
   <div class='ocr_carea' id='block_1_9' title="bbox 474 2793 891 2877">
    <p class='ocr_par' dir='ltr' id='par_1_10' title="bbox 474 2793 891 2877">
     <span class='ocr_line' id='line_1_26' title="bbox 474 2793 891 2877; baseline -0.007 -18"><span class='ocrx_word' id='word_1_194' title='bbox 474 2793 524 2859; x_wconf 90' lang='lat' dir='ltr'><em>De</em></span> <span class='ocrx_word' id='word_1_195' title='bbox 545 2795 694 2877; x_wconf 88' lang='lat' dir='ltr'><em>emptione</em></span> <span class='ocrx_word' id='word_1_196' title='bbox 714 2793 891 2858; x_wconf 80' lang='lat' dir='ltr'><em>venditione.</em></span> 
     </span>
    </p>
   </div>
   <div class='ocr_carea' id='block_1_10' title="bbox 167 2907 1192 3435">
    <p class='ocr_par' dir='ltr' id='par_1_11' title="bbox 167 2907 1192 3435">
     <span class='ocr_line' id='line_1_27' title="bbox 263 2907 1190 2992; baseline -0.001 -18"><span class='ocrx_word' id='word_1_197' title='bbox 263 2910 292 2974; x_wconf 89' lang='lat'><em>8.</em></span> <span class='ocrx_word' id='word_1_198' title='bbox 316 2908 355 2973; x_wconf 88' lang='lat' dir='ltr'><em>D.</em></span> <span class='ocrx_word' id='word_1_199' title='bbox 366 2910 418 2992; x_wconf 87' lang='lat'><em>18,</em></span> <span class='ocrx_word' id='word_1_200' title='bbox 428 2910 458 2992; x_wconf 79' lang='lat'><em>2,</em></span> <span class='ocrx_word' id='word_1_201' title='bbox 470 2909 519 2975; x_wconf 88' lang='grc'><em>19.</em></span> <span class='ocrx_word' id='word_1_202' title='bbox 555 2907 727 2973; x_wconf 82' lang='lat' dir='ltr'><em>Iavolenus</em></span> <span class='ocrx_word' id='word_1_203' title='bbox 740 2909 824 2972; x_wconf 93' lang='lat' dir='ltr'><em>libro</em></span> <span class='ocrx_word' id='word_1_204' title='bbox 840 2908 979 2973; x_wconf 82' lang='lat' dir='ltr'><em>seeundo</em></span> <span class='ocrx_word' id='word_1_205' title='bbox 994 2929 1033 2972; x_wconf 83' lang='lat' dir='ltr'><em>ex</em></span> <span class='ocrx_word' id='word_1_206' title='bbox 1047 2907 1190 2973; x_wconf 80' lang='lat' dir='ltr'><em>Plautio.</em></span> 
     </span>
     <span class='ocr_line' id='line_1_28' title="bbox 172 2998 1188 3079; baseline 0 -17"><span class='ocrx_word' id='word_1_207' title='bbox 172 3033 218 3044; x_wconf 92' lang='lat'>-</span> <span class='ocrx_word' id='word_1_208' title='bbox 239 2998 354 3062; x_wconf 87' lang='lat' dir='ltr'><em>Fando</em></span> <span class='ocrx_word' id='word_1_209' title='bbox 379 3000 415 3062; x_wconf 89' lang='lat' dir='ltr'><em>in</em></span> <span class='ocrx_word' id='word_1_210' title='bbox 441 2999 522 3062; x_wconf 91' lang='lat' dir='ltr'><em>diem</em></span> <span class='ocrx_word' id='word_1_211' title='bbox 549 2999 669 3062; x_wconf 83' lang='lat' dir='ltr'><em>addicto</em></span> <span class='ocrx_word' id='word_1_212' title='bbox 696 2999 725 3062; x_wconf 92' lang='lat' dir='ltr'><em>si</em></span> <span class='ocrx_word' id='word_1_213' title='bbox 746 3002 852 3079; x_wconf 85' lang='lat' dir='ltr'><em>postea</em></span> <span class='ocrx_word' id='word_1_214' title='bbox 874 2999 1010 3079; x_wconf 89' lang='lat' dir='ltr'><em>pretinm</em></span> <span class='ocrx_word' id='word_1_215' title='bbox 1034 2998 1188 3062; x_wconf 78' lang='lat' dir='ltr'><em>adiectam</em></span> 
     </span>
     <span class='ocr_line' id='line_1_29' title="bbox 173 3086 1189 3168; baseline 0.002 -19"><span class='ocrx_word' id='word_1_216' title='bbox 173 3091 218 3150; x_wconf 92' lang='lat' dir='ltr'><em>est</em></span> <span class='ocrx_word' id='word_1_217' title='bbox 248 3090 277 3150; x_wconf 91' lang='lat' dir='ltr'><em>et</em></span> <span class='ocrx_word' id='word_1_218' title='bbox 305 3087 442 3167; x_wconf 86' lang='lat' dir='ltr'><em>oeaditor</em></span> <span class='ocrx_word' id='word_1_219' title='bbox 472 3087 536 3150; x_wconf 89' lang='lat' dir='ltr'><em>atio</em></span> <span class='ocrx_word' id='word_1_220' title='bbox 566 3087 664 3165; x_wconf 88' lang='lat' dir='ltr'><em>fando</em></span> <span class='ocrx_word' id='word_1_221' title='bbox 696 3087 841 3167; x_wconf 86' lang='lat' dir='ltr'><em>appiiaito</em></span> <span class='ocrx_word' id='word_1_222' title='bbox 868 3107 938 3150; x_wconf 91' lang='lat' dir='ltr'><em>eam</em></span> <span class='ocrx_word' id='word_1_223' title='bbox 963 3086 1067 3168; x_wconf 84' lang='lat' dir='ltr'><em>ipsam</em></span> <span class='ocrx_word' id='word_1_224' title='bbox 1091 3086 1189 3168; x_wconf 82' lang='lat' dir='ltr'><em>fandi</em></span> 
     </span>
     <span class='ocr_line' id='line_1_30' title="bbox 167 3173 1187 3258; baseline 0.001 -19"><span class='ocrx_word' id='word_1_225' title='bbox 167 3175 335 3257; x_wconf 86' lang='lat' dir='ltr'><em>posteriori</em></span> <span class='ocrx_word' id='word_1_226' title='bbox 366 3175 496 3258; x_wconf 90' lang='lat' dir='ltr'><em>emptori</em></span> <span class='ocrx_word' id='word_1_227' title='bbox 526 3175 648 3238; x_wconf 84' lang='lat' dir='ltr'><em>addiait</em></span> <span class='ocrx_word' id='word_1_228' title='bbox 678 3180 706 3239; x_wconf 90' lang='lat' dir='ltr'><em>et</em></span> <span class='ocrx_word' id='word_1_229' title='bbox 736 3173 771 3237; x_wconf 92' lang='lat' dir='ltr'><em>id</em></span> <span class='ocrx_word' id='word_1_230' title='bbox 800 3176 867 3239; x_wconf 89' lang='lat' dir='ltr'><em>sine</em></span> <span class='ocrx_word' id='word_1_231' title='bbox 897 3174 965 3240; x_wconf 91' lang='lat' dir='ltr'><em>dolo</em></span> <span class='ocrx_word' id='word_1_232' title='bbox 996 3175 1079 3241; x_wconf 90' lang='lat' dir='ltr'><em>maio</em></span> <span class='ocrx_word' id='word_1_233' title='bbox 1104 3176 1187 3256; x_wconf 78' lang='lat' dir='ltr'><em>feeit,</em></span> 
     </span>
     <span class='ocr_line' id='line_1_31' title="bbox 167 3262 1192 3346; baseline 0.003 -21"><span class='ocrx_word' id='word_1_234' title='bbox 167 3263 273 3345; x_wconf 90' lang='lat' dir='ltr'><em>priori</em></span> <span class='ocrx_word' id='word_1_235' title='bbox 294 3264 422 3344; x_wconf 91' lang='lat' dir='ltr'><em>emptori</em></span> <span class='ocrx_word' id='word_1_236' title='bbox 443 3262 593 3343; x_wconf 81' lang='lat' dir='ltr'><em>obiipatas</em></span> <span class='ocrx_word' id='word_1_237' title='bbox 615 3283 678 3326; x_wconf 92' lang='lat' dir='ltr'><em>noa</em></span> <span class='ocrx_word' id='word_1_238' title='bbox 699 3263 764 3326; x_wconf 89' lang='lat' dir='ltr'><em>erit.</em></span> <span class='ocrx_word' id='word_1_239' title='bbox 805 3284 881 3327; x_wconf 91' lang='lat' dir='ltr'><em>nam</em></span> <span class='ocrx_word' id='word_1_240' title='bbox 902 3265 1045 3346; x_wconf 78' lang='lat' dir='ltr'><em>aaamms</em></span> <span class='ocrx_word' id='word_1_241' title='bbox 1067 3284 1130 3328; x_wconf 92' lang='lat' dir='ltr'><em>non</em></span> <span class='ocrx_word' id='word_1_242' title='bbox 1153 3264 1192 3328; x_wconf 90' lang='lat' dir='ltr'><em>id</em></span> 
     </span>
     <span class='ocr_line' id='line_1_32' title="bbox 173 3351 1191 3435; baseline 0.004 -21"><span class='ocrx_word' id='word_1_243' title='bbox 173 3355 309 3430; x_wconf 87' lang='lat' dir='ltr'><em>tantam,</em></span> <span class='ocrx_word' id='word_1_244' title='bbox 336 3352 418 3432; x_wconf 80' lang='lat' dir='ltr'><em>qaod</em></span> <span class='ocrx_word' id='word_1_245' title='bbox 443 3355 479 3413; x_wconf 90' lang='lat' dir='ltr'><em>in</em></span> <span class='ocrx_word' id='word_1_246' title='bbox 501 3351 581 3414; x_wconf 88' lang='lat' dir='ltr'><em>diem</em></span> <span class='ocrx_word' id='word_1_247' title='bbox 603 3352 759 3416; x_wconf 80' lang='lat' dir='ltr'><em>addictam</em></span> <span class='ocrx_word' id='word_1_248' title='bbox 781 3357 858 3430; x_wconf 91' lang='lat' dir='ltr'><em>erat,</em></span> <span class='ocrx_word' id='word_1_249' title='bbox 885 3354 939 3417; x_wconf 92' lang='lat' dir='ltr'><em>sed</em></span> <span class='ocrx_word' id='word_1_250' title='bbox 959 3353 1049 3418; x_wconf 83' lang='lat' dir='ltr'><em>alind</em></span> <span class='ocrx_word' id='word_1_251' title='bbox 1070 3373 1191 3435; x_wconf 73' lang='lat' dir='ltr'><em>paeone</em></span> 
     </span>
    </p>
   </div>
   <div class='ocr_carea' id='block_1_11' title="bbox 246 3505 1186 3578">
    <p class='ocr_par' dir='ltr' id='par_1_12' title="bbox 246 3505 1186 3578">
     <span class='ocr_line' id='line_1_33' title="bbox 246 3505 1186 3578; baseline 0.002 -18"><span class='ocrx_word' id='word_1_252' title='bbox 246 3511 261 3560; x_wconf 90' lang='lat'>1</span> <span class='ocrx_word' id='word_1_253' title='bbox 284 3507 358 3562; x_wconf 74' lang='lat' dir='ltr'><em>Trio.</em></span> <span class='ocrx_word' id='word_1_254' title='bbox 377 3505 545 3575; x_wconf 77' lang='lat' dir='ltr'><em>promiserit.</em></span> <span class='ocrx_word' id='word_1_255' title='bbox 610 3511 626 3560; x_wconf 76' lang='lat'>2</span> <span class='ocrx_word' id='word_1_256' title='bbox 648 3505 722 3562; x_wconf 83' lang='lat' dir='ltr'><em>Trib.</em></span> <span class='ocrx_word' id='word_1_257' title='bbox 741 3506 927 3576; x_wconf 80' lang='lat' dir='ltr'><em>promissioni.</em></span> <span class='ocrx_word' id='word_1_258' title='bbox 988 3515 1004 3563; x_wconf 81' lang='grc'><strong>8</strong></span> <span class='ocrx_word' id='word_1_259' title='bbox 1026 3509 1102 3564; x_wconf 83' lang='lat' dir='ltr'><em>Trib.</em></span> <span class='ocrx_word' id='word_1_260' title='bbox 1121 3523 1186 3578; x_wconf 86' lang='lat' dir='ltr'><em>pro-</em></span> 
     </span>
    </p>
   </div>
   <div class='ocr_carea' id='block_1_12' title="bbox 84 3576 629 3648">
    <p class='ocr_par' dir='ltr' id='par_1_13' title="bbox 84 3576 629 3648">
     <span class='ocr_line' id='line_1_34' title="bbox 84 3576 629 3648; baseline 0 -16"><span class='ocrx_word' id='word_1_261' title='bbox 84 3589 87 3595; x_wconf 87' lang='grc'><em>“</em></span> <span class='ocrx_word' id='word_1_262' title='bbox 172 3578 303 3633; x_wconf 75' lang='lat' dir='ltr'><em>mittitur.</em></span> <span class='ocrx_word' id='word_1_263' title='bbox 376 3583 393 3630; x_wconf 80' lang='lat'>4</span> <span class='ocrx_word' id='word_1_264' title='bbox 412 3576 459 3633; x_wconf 74' lang='lat' dir='ltr'><em>Fr.</em></span> <span class='ocrx_word' id='word_1_265' title='bbox 478 3578 629 3648; x_wconf 76' lang='lat' dir='ltr'><em>oportebit.</em></span> 
     </span>
    </p>
   </div>
   <div class='ocr_carea' id='block_1_13' title="bbox 0 0 1315 3906">
    <p class='ocr_par' dir='ltr' id='par_1_14' title="bbox 0 0 1315 3906">
     <span class='ocr_line' id='line_1_35' title="bbox 0 0 1315 3906; baseline 0 0"><span class='ocrx_word' id='word_1_266' title='bbox 0 0 1315 3906; x_wconf 95' lang='lat' dir='ltr'><em> </em></span> 
     </span>
    </p>
   </div>
  </div>
 </body>
</html>
