2580 3900
196 199 259 264 218
284 198 330 256 IV.
345 197 561 252 VESPASIANI
575 198 649 253 ΤΙΤΙ
662 197 857 254 DOMITLANI
868 197 975 254 TEMP.
988 196 1084 254 IURIS
1100 197 1203 254 CONS.

279 370 341 451 Qui
362 371 528 436 arbitrium
549 371 728 454 receperint,
750 375 785 436 ut
805 371 987 436 cambuttam
1009 371 1122 434 dicam.

276 484 327 549 25.
354 484 393 549 D.
407 487 438 566 4,
454 487 483 567 8,
499 486 550 569 32,
566 487 595 551 8.
640 484 760 550 Paulus
786 485 870 549 libro
892 485 989 549 tertio
1013 485 1137 550 decimo
1163 485 1203 548 ad

187 574 327 638 edietum
356 571 406 660 (P.
426 571 527 661 251⁰).
554 610 597 620 —
626 572 660 638 si
693 596 803 638 servus
832 574 1102 658 compromiserit,
1135 596 1203 638 non

186 663 367 748 cogendum
394 663 498 728 dicere
527 663 721 727 sententiam
745 663 917 745 arbitrum,
944 683 1002 726 nec
1026 661 1053 726 si
1076 663 1202 745 dixerit,

186 772 309 834 poenae
323 752 560 816 exsecutionem
571 751 708 816 dandum
718 751 757 814 de
767 751 892 833 peculio
902 754 997 833 putat
1007 749 1201 815 Octauenus.

275 845 311 904 cf.
330 845 431 905 Nerva
453 845 532 904 filius
555 845 591 906 D.
608 847 658 922 15,
674 848 703 922 1,
718 846 746 917 3,
762 847 780 903 8
807 837 912 926 (supra
934 865 963 919 p.
979 837 1024 926 8).

274 929 327 993 26.
353 928 483 1014 Fragm.
506 929 544 992 de
567 928 707 993 formula
730 927 875 992 Fabiana
897 923 1045 1014 (Oolleot.
1060 928 1134 992 libr.
1151 927 1201 992 ΙΙΙ

184 1039 215 1099 p.
230 1017 318 1100 300).
339 1053 377 1064 -
469 1018 507 1081 de
530 1016 590 1082 illo
614 1016 787 1101 quaeritur,
811 1017 839 1080 si
858 1039 917 1100 pro
936 1017 1071 1082 muliere
1090 1017 1201 1082 dotem

185 1101 321 1188 dederit,
350 1107 420 1191 quis
447 1109 592 1170 teneatur
613 1105 675 1168 hac
698 1105 848 1170 formula.
894 1105 949 1170 sed
973 1106 1007 1170 in
1029 1107 1200 1190 proposito

185 1199 218 1258 et
244 1192 415 1260 Iavolenus
444 1195 613 1258 confitetur
640 1215 713 1258 cum
736 1194 807 1258 viro
831 1194 992 1258 actionem
1016 1215 1087 1258 esse
1111 1200 1144 1259 et
1167 1195 1200 1259 id

184 1283 219 1346 irs
236 1285 282 1348 rei
297 1284 428 1347 uxoriae
443 1284 591 1348 actionem
604 1282 762 1347 dissoluto
777 1282 984 1349 matrimonio
998 1304 1064 1347 non
1079 1284 1200 1348 venire.

184 1369 367 1436 Octauenus
390 1374 540 1435 manente
563 1370 693 1454 quidem
713 1371 919 1435 matrimonio
937 1393 1033 1454 posse
1052 1372 1106 1455 agi
1126 1393 1199 1437 cnm

183 1460 300 1524 marito
334 1463 367 1524 et
398 1465 472 1543 post
503 1459 692 1544 divortium,
724 1464 899 1544 antequam
932 1460 1041 1524 dotem
1072 1460 1198 1544 reddat3

183 1549 268 1632 quod
291 1548 319 1612 si
341 1547 527 1632 reddiderit,
553 1570 625 1612 cum
648 1549 797 1632 muliere,
820 1552 853 1613 et
876 1549 903 1612 si
927 1548 1004 1632 quid
1028 1549 1200 1616 retinuerit

183 1638 334 1721 maritus,
357 1659 430 1701 oum
453 1642 599 1722 utroque.

243 1795 379 1878 Siquid
399 1801 505 1861 contro
528 1796 622 1880 tepem
644 1801 805 1862 serratorum
826 1797 998 1862 consultetur
1018 1797 1138 1878 fartum

584 1905 647 1950 esse
668 1887 794 1950 dicetur.

269 1991 321 2054 27.
353 1990 392 2055 D.
410 1991 594 2074 20,3,1,2.
639 1989 825 2056 Marcianus
854 1992 938 2057 libro
967 1992 1126 2076 singulari
1155 1993 1196 2057 ad

181 2078 353 2143 formulam
377 2079 642 2162 hypothecariam
666 2075 718 2165 (P.
736 2077 803 2167 35).
828 2117 869 2128 -
974 2081 1002 2143 si
1025 2080 1196 2164 praedium

180 2167 252 2252 quis
275 2167 457 2252 litigiosum
480 2168 609 2251 pignori
633 2169 806 2253 acceperit,
834 2192 875 2233 an
898 2168 1084 2252 exceptione
1108 2193 1197 2234 sum-

180 2255 356 2320 movendus
372 2255 436 2320 sit?
460 2265 493 2321 et
502 2255 685 2321 Octauenus
698 2258 836 2341 putabat
851 2259 948 2323 etism
960 2257 994 2322 in
1003 2257 1196 2342 pignoribus

180 2345 285 2409 locum
310 2345 430 2408 habere
453 2345 682 2430 exceptionem.

267 2438 436 2499 Marcianus
464 2439 560 2498 addit:
589 2433 679 2515 ‘quod
707 2438 751 2497 ait
773 2439 917 2499 Scaevola
1023 2439 1197 2520 procedere,

179 2527 269 2587 utin
293 2527 382 2586 rebus
406 2528 566 2587 mobilibus
590 2527 725 2602 exceptio
749 2523 1000 2587 locum-habeat'.

267 2616 379 2694 Agitur
397 2617 433 2676 de
452 2617 625 2693 exceptione
642 2635 678 2675 ex
692 2616 789 2676 edicto
803 2615 944 2693 Augusti,
964 2635 1023 2691 quo
1037 2615 1196 2692 litigiosus

178 2706 290 2765 fundus
313 2725 331 2764 a
354 2724 413 2765 non
435 2706 605 2781 possidente
625 2705 791 2779 comparari
809 2704 987 2780 prohibetur
1005 2701 1056 2782 (fr.
1071 2704 1107 2763 do
1125 2706 1196 2766 iure

177 2793 241 2853 fisci
260 2792 279 2870 ξ
300 2786 344 2875 8),
367 2795 465 2854 danda
484 2788 565 2875 (Gai.
585 2796 614 2872 4,
636 2787 725 2854 llll.
768 2795 804 2853 ef.
824 2794 916 2854 Lenel
935 2793 1032 2852 Ediet.
1052 2813 1080 2869 p.
1101 2787 1196 2877 406).

177 2882 305 2942 fortusse
331 2884 367 2941 dc
391 2883 500 2942 fiducia
524 2882 694 2944 Octauenus
718 2883 803 2942 dixit.

533 3111 572 3220 4'.
605 3145 840 3219 purumne

267 3285 341 3345 iuris
365 3285 482 3361 peritus
505 3285 608 3346 (tassio
632 3289 663 3346 et
681 3289 808 3349 Proculo
831 3291 928 3350 minor
950 3294 1033 3366 netu,
1057 3293 1196 3354 ceterum

179 3375 264 3436 nobis
283 3376 415 3452 ignotus,
439 3375 491 3452 qui
513 3376 588 3435 iuris
612 3379 819 3437 consultorum
842 3380 991 3455 responsis
1014 3378 1197 3458 colligendis

177 3467 208 3523 et
240 3463 408 3542 digerendis
439 3483 560 3540 operam
587 3465 708 3526 uidetur
735 3467 861 3527 dedisse.
913 3473 992 3528 certe
1019 3467 1116 3544 ipsius
1146 3490 1196 3531 re-

178 3572 288 3630 sponsa
310 3571 371 3612 non
393 3553 564 3614 traduntur.
