2602 3906
354 209 361 230 ·
429 201 453 248 6.
476 192 681 248 IAVOLENUS
700 193 848 249 PRISOUS
1075 192 1142 258 465

128 357 238 439 frrerit,
269 357 409 420 adiretnr
438 377 529 421 neone
554 356 674 438 pupilli
704 355 866 434 hereditas,
898 377 968 422 eam
996 378 1033 421 ea
1061 357 1143 422 bana

129 446 246 512 amissa
272 465 293 508 a
314 444 474 510 substituto
496 444 657 509 hereditate
679 446 722 508 ad
743 447 903 510 creditores
925 467 987 510 non
1009 448 1141 526 pertine·

128 535 212 600 hant.
258 554 304 598 me
326 534 407 598 illnd
428 535 562 598 maxime
584 534 688 610 morit,
713 535 795 615 qnod
810 535 1057 616 praeceptoribus
1080 537 1143 601 tais

127 624 228 706 plaeet
248 643 347 687 narem
369 642 430 687 esse
453 625 672 687 testamentum.

220 711 403 794 Respondit:
430 713 510 793 qnod
526 715 653 793 praetor
672 711 746 792 filio,
768 712 823 792 qni
839 733 861 775 a
873 717 1009 793 paterna
1026 713 1143 777 heredi·

130 805 193 866 tote
214 820 246 865 se
268 801 406 882 abstinet,
423 805 571 882 praestat,
593 819 632 863 ne
653 799 740 864 bonis
753 801 859 880 patris
876 801 941 864 oias
958 802 1088 866 venditis
1106 803 1142 866 in

129 911 200 955 enm
222 890 301 954 aetio
319 891 415 973 detur,
438 887 524 971 (nt),
546 889 667 952 mnretsi
678 893 786 971 postea
804 889 832 953 ei
849 889 999 954 hereditas
1016 890 1143 974 obvenit,

130 978 330 1043 ereditomhns
356 999 419 1042 non
445 979 563 1061 reddat,
591 978 672 1041 idem
699 978 733 1041 in
760 977 919 1042 srrhstitnto
947 978 1013 1057 filio
1037 978 1144 1043 herede

131 1068 316 1132 servandam
347 1087 409 1130 non
441 1071 495 1150 est,
527 1067 673 1148 qnoniam
704 1066 766 1147 dlii
788 1066 903 1146 pndori
925 1067 1076 1148 pareitar,
1109 1072 1146 1131 nt

124 1157 234 1240 potins
250 1157 355 1238 patris
376 1176 470 1237 qaam
488 1155 553 1219 eins
571 1154 650 1218 bona
667 1159 803 1238 oeneant,
826 1155 929 1236 itaqae
946 1156 981 1218 in
999 1155 1041 1237 id,
1063 1157 1146 1236 qnod
1277 1183 1280 1190 ’

126 1248 235 1329 postea
257 1246 285 1308 ei
307 1245 433 1322 obradit,
455 1244 534 1308 aelio
552 1244 749 1308 oreditorihas
767 1245 941 1325 denepatnn
963 1244 1039 1324 qnia
1056 1245 1091 1308 id
1107 1263 1145 1308 ea

131 1334 300 1399 adoentleio
336 1334 524 1414 adprisitnm
560 1336 616 1410 est,
656 1352 719 1396 non
753 1353 808 1413 per
840 1338 961 1414 patrem
998 1333 1041 1395 ad
1075 1353 1145 1396 erem

124 1423 272 1506 permenii.
331 1427 365 1487 at
404 1442 473 1485 enm
509 1421 689 1486 sribstitntns
705 1429 707 1434 “
723 1421 788 1501 filio
824 1420 1020 1492 hereditatem
1056 1421 1145 1505 adiit,

124 1515 293 1596 postquam
313 1511 456 1594 papillas
477 1530 508 1575 se
525 1514 675 1592 paternae
696 1511 853 1574 misenerit
873 1510 1045 1593 hereditati,
1074 1515 1145 1574 tane

128 1599 283 1664 hereditas
304 1605 333 1664 et
348 1600 453 1681 patris
474 1603 503 1662 et
524 1599 585 1679 pta
603 1619 668 1663 ana
686 1603 730 1663 est
745 1603 775 1662 et
791 1601 826 1663 in
844 1600 929 1663 omni
946 1619 1016 1662 aere
1033 1599 1144 1680 alieno,

131 1689 214 1769 qnod
241 1691 297 1752 ant
317 1688 421 1770 patris
441 1692 498 1752 ant
518 1688 580 1770 din·
600 1687 707 1768 faerit,
736 1689 829 1752 etiam
852 1689 967 1751 inritas
989 1687 1074 1752 heres
1097 1687 1145 1752 ala

134 1776 266 1858 lipatm‚·
284 1781 313 1841 et
329 1777 584 1858 quemadmodem
601 1776 729 1840 lrlreram
747 1779 775 1840 ei
792 1797 855 1841 non
873 1781 917 1841 est
930 1776 1145 1858 oblipationem

129 1863 370 1949 <hereditariam
396 1865 572 1950 reonsare>,
599 1870 634 1929 at
660 1885 723 1929 non
745 1867 932 1945 omnimodo,
959 1865 988 1929 si
1009 1886 1071 1930 non
1095 1867 1144 1930 de·

129 1955 280 2038 fenditnr,
311 1955 411 2036 ipsias
442 1955 520 2019 bona
547 1959 686 2036 veneant,
717 1953 765 2018 ita
790 1975 829 2017 ne
854 1974 997 2035 separare
1022 1955 1145 2036 qnidem

130 2063 184 2108 aes
206 2044 342 2108 alienam
358 2045 462 2126 patris
484 2047 513 2108 et
533 2043 595 2125 pla
609 2044 734 2124 poterit·
758 2063 816 2124 qno
834 2063 909 2107 oasa
927 2042 1086 2127 efdoietnr,
1107 2047 1145 2109 nt

128 2132 329 2198 oreditorihns
346 2133 381 2196 in
398 2153 469 2196 enm
486 2132 565 2197 aetio
583 2132 655 2196 dari
672 2131 782 2197 debeat.
819 2133 901 2212 qnod
916 2133 945 2196 si
962 2132 1145 2198 substitutas

129 2220 217 2286 heres
243 2220 436 2286 hereditatem
461 2242 525 2286 non
550 2222 674 2303 adierit,
702 2221 900 2285 oreditoribus
919 2221 1021 2302 patris
1044 2222 1078 2285 in
1101 2223 1144 2303 id,

127 2311 213 2392 qnod
236 2311 379 2392 papillas
409 2309 544 2391 reliqait,
576 2311 655 2375 aetio
681 2311 754 2373 dari
779 2329 842 2372 non
869 2308 963 2386 debet,
995 2310 1144 2390 qnoniam

131 2419 226 2481 neque
253 2398 368 2481 pnpilli
399 2399 478 2463 hona
507 2399 610 2463 oenire
641 2399 747 2463 dehent
769 2402 897 2479 propter
928 2417 981 2462 aes
1006 2399 1145 2464 alienam

125 2488 231 2570 patris
257 2507 351 2570 nepae
373 2487 409 2551 in
431 2487 516 2553 bonis
537 2488 638 2568 patris
660 2491 704 2551 est
724 2487 805 2569 qaod
821 2486 965 2569 papillas
987 2488 1144 2568 adquisiit.

545 2681 595 2746 De
617 2681 732 2764 tepetis.

222 2798 252 2862 2.
285 2795 323 2861 D.
342 2798 394 2879 31,
412 2798 466 2862 40.
515 2796 603 2861 Idem
632 2792 690 2884 (sc.
713 2793 899 2883 Iavolenus)
926 2796 1011 2860 libro
1038 2798 1144 2882 primo

132 2884 367 2968 Epistularum.
392 2922 432 2933 -
457 2883 495 2952 Si
516 2885 631 2952 daobas
653 2887 748 2950 serris
766 2887 840 2951 meis
857 2887 960 2950 eadem
977 2906 1027 2950 res
1045 2885 1147 2967 lepata

128 2979 177 3039 est
189 2979 218 3039 et
230 2976 356 3040 alterins
368 2976 447 3040 seroi
460 2977 584 3040 nomine
597 2975 640 3038 ad
652 2995 698 3038 me
711 2995 779 3038 eam
788 2976 941 3056 pertimere
954 2975 1032 3056 nolo,
1049 2979 1144 3040 totam

132 3063 176 3128 ad
196 3083 244 3127 me
260 3065 434 3147 pertinebit,
457 3065 532 3146 qnia
549 3068 672 3146 partem
694 3063 822 3128 alterins
839 3064 919 3128 servi
936 3085 994 3145 per
1012 3065 1145 3130 alteram

127 3171 253 3324 {gratim
275 3154 414 3235 adquiro,
431 3153 560 3235 perinde
581 3173 617 3217 ae
638 3154 667 3218 si
689 3173 753 3217 meo
775 3157 804 3216 et
820 3153 948 3217 alterins
966 3174 1051 3218 seroo
1068 3158 1147 3219 esset

180 3245 275 3306 atam.
406 3289 409 3296 .
937 3268 939 3274 ¹

305 3361 307 3368 “
430 3349 479 3414 De
500 3349 648 3431 emptione
669 3349 846 3413 venditione,

224 3462 254 3527 3.
285 3460 325 3528 D.
344 3463 398 3544 41,
416 3465 447 3546 3,
466 3464 516 3528 19.
565 3463 736 3528 Iavolenus
768 3461 851 3527 libro
879 3463 984 3545 prlmo
1013 3462 1143 3545 Epistu-

132 3551 249 3616 larum.
279 3587 317 3597 -
347 3551 384 3617 Si
414 3552 566 3616 hominem
597 3553 709 3635 emisti,
740 3555 788 3630 at,
819 3552 848 3615 si
876 3551 983 3632 aliana
1009 3552 1144 3615 eondioia

187 3663 284 3713 Iurlnpr.
297 3665 415 3707 antehtdr.
429 3664 478 3705 rell.
492 3665 527 3706 ed.
541 3665 640 3706 Bromer.
663 3665 696 3717 11,
705 3667 724 3706 2.
899 3659 932 3708 30
