2570 3904
109 167 161 222 XII

109 337 145 396 de
175 337 286 399 morde.
340 338 423 420 Car,
440 339 588 415 dimit-il,
616 358 655 399 au
682 340 789 401 monde
816 340 868 418 n’y
894 358 913 399 a
940 339 1032 402 livros
1055 344 1124 402 taut

105 427 229 501 beaulx,
252 431 321 488 tant
344 433 462 506 aornts,
485 431 553 489 tant
576 429 706 508 elegans,
730 448 844 490 comme
867 433 936 490 scut
958 429 1002 489 les
1024 433 1123 492 textas

109 515 146 575 de
168 516 361 594 rannerus,
376 518 451 577 mais
474 518 505 577 la
527 519 657 579 brodure
681 518 816 597 d'iceulx,
839 519 912 578 c'sst
936 519 1070 580 assavoir
1092 520 1124 580 la

109 605 200 667 Glose
223 607 260 667 de
280 607 421 684 Accurse,
446 610 492 667 est
514 611 582 667 tant
605 607 688 682 salle,
711 610 779 667 tant
795 607 913 667 ¹infame
936 610 967 667 st
989 609 1124 687 puuaise,

108 713 166 775 qus
194 714 227 756 oe
255 696 332 756 n'est
361 715 419 775 que
447 696 555 756 ordurc
583 701 615 757 st
640 689 800 757 villenie.'¹
850 698 902 756 sod
929 696 991 756 iarn
1019 698 1125 758 eodem

108 787 243 863 tempore
269 785 349 862 apud
372 785 524 863 Bituriges
547 786 594 846 ius
618 786 745 846 docebat
767 785 932 845 Andreas
953 786 1123 846 Aloiatus

108 866 383 956 (rasa-1550),
410 894 467 951 quo
496 874 620 934 laudato
648 873 806 953 Savignius
833 877 935 934 noster
962 875 1060 952 operis
1086 876 1124 935 de

107 964 183 1024 iuris
206 964 332 1024 Romani
360 963 487 1023 historia
514 963 671 1039 compositi
695 963 786 1023 finem
808 955 907 1023 feeit.²
953 957 1041 1023 ‘illud
1062 984 1124 1024 uon

109 1047 261 1130 diffiteor',
276 1052 375 1131 inquit
388 1046 551 1126 AJciatus³,
571 1045 608 1112 ‘si
623 1053 816 1129 antiquorum
829 1052 903 1112 iuris
918 1053 1124 1113 consultorum

109 1160 200 1219 opera
223 1144 368 1216 extarent,
387 1189 393 1202 .
410 1188 439 1201 ..
463 1140 599 1201 Accursii
622 1145 653 1202 et
676 1142 728 1219 qui
746 1144 815 1218 post
834 1160 904 1200 eum
927 1141 1123 1219 scripserunt,

108 1231 230 1291 minime
252 1231 434 1291 necessarias
458 1231 578 1289 suturas
601 1231 694 1290 fuisse
716 1224 962 1290 lucubrationes?
1115 1296 1116 1300 ,

196 1319 410 1396 Inscriptiones
434 1319 494 1378 iam
515 1337 569 1396 pro
588 1323 673 1396 parte
692 1319 990 1397 quidem'restitutae
1009 1321 1122 1396 quanto

109 1412 209 1470 essent
234 1409 306 1469 usui
337 1409 376 1467 ad
407 1411 544 1468 veterum
574 1408 767 1484 prudentium
800 1408 893 1468 libros
906 1453 908 1459 ι
921 1407 1122 1468 restituendos

108 1516 177 1559 curn
198 1497 409 1576 perspexisset,
427 1497 581 1557 Iacobus
601 1496 772 1558 Ouiacius
789 1489 1040 1579 (1522-1590)
1059 1497 1122 1557 fers

107 1588 176 1646 iude
200 1606 237 1646 ex
259 1605 286 1646 a.
308 1587 393 1647 1547
418 1585 549 1662 undiquc
572 1587 749 1663 conquisitis
769 1586 807 1645 iis
829 1586 958 1646 iudicem
977 1585 1035 1646 sibi
1054 1605 1123 1646 con·

107 1675 191 1748 fecit,
229 1693 287 1752 quc
323 1678 461 1735 veterum
495 1675 642 1735 librorum
673 1695 727 1751 per
757 1675 884 1753 Digesta
920 1675 1122 1752 dispersorum

108 1765 257 1841 genuinus
283 1763 355 1824 ordo
383 1763 558 1840 apparebat*
574 1763 781 1841 pristinusque
805 1767 904 1823 status
930 1763 1122 1841 aliquatenus

108 1852 352 1913 adumbrabatur.
393 1852 567 1913 Florentino
590 1853 696 1912 deinde
720 1853 820 1912 codice
843 1851 983 1912 aLaelio
1002 1852 1121 1913 Torsllo

109 1960 186 2001 auno
216 1943 300 2002 1553
339 1941 567 2019 diligentissime
600 1943 681 2002 edito
718 1961 736 2000 a
772 1940 893 2002 Ouiacio
929 1943 1122 2018 praeceptore

107 2030 207 2091 iussus
236 2030 428 2107 eiusdemque
452 2031 577 2090 consilio
600 2031 723 2090 adiutus
746 2050 859 2091 novum
884 2029 1125 2106 fragmentorum

107 2119 237 2179 iudicem
260 2119 388 2180 confecit
410 2117 561 2179 Carolus
580 2120 710 2194 Faber,
733 2119 855 2196 optimis
877 2119 1018 2178 subsidiis
1040 2137 1124 2179 usus.

108 2211 141 2268 at
164 2208 397 2268 emendatiorem
420 2208 511 2268 etiam
533 2209 701 2285 composuit
720 2209 874 2268 Iacobus
892 2207 1073 2281 Labittus,
1092 2209 1141 2266 et'

180 2417 195 2467 1
220 2412 342 2482 Operum
366 2412 452 2468 Paris.
481 2429 506 2468 a.
532 2418 600 2468 1858
627 2411 766 2468 editorum
790 2411 803 2466 Ι
824 2430 851 2483 p.
872 2417 930 2469 199.
977 2429 1067 2482 neque
1092 2411 1123 2464 id

106 2483 389 2554 praetermittendum
415 2485 498 2554 puto,
526 2485 600 2554 quod
627 2483 703 2539 idem
730 2488 816 2555 poeta
839 2484 868 2538 in
891 2483 964 2540 libro
988 2482 1036 2552 qui
1058 2485 1124 2552 post

107 2559 226 2612 mortem
255 2555 315 2611 eius
342 2573 368 2613 a.
389 2562 459 2612 1664
481 2557 572 2612 editus
595 2557 650 2625 est,
679 2557 713 2611 de
736 2554 899 2611 Florentino
928 2553 1036 2623 codice,
1065 2570 1123 2622 quo

108 2627 184 2683 docti
211 2626 352 2684 abstinere
380 2627 552 2698 cogebantur
574 2628 656 2683 affert
678 2629 708 2698 (l.
733 2644 754 2683 c.
778 2626 804 2680 11
828 2645 855 2698 p.
870 2628 946 2696 290:
977 2625 1122 2694 ‘Panurgo

107 2699 153 2753 fist
180 2701 243 2754 tant
268 2716 321 2768 par
350 2700 436 2755 belles
463 2701 568 2770 priores
591 2715 659 2756 aveo
681 2701 722 2754 les
749 2698 873 2768 sindioqs
897 2699 935 2752 du
958 2697 1015 2752 lieu
1038 2695 1122 2766 qu’ils

106 2769 135 2823 le
162 2787 231 2825 nous
259 2771 446 2826 monstrarent
475 2773 523 2842 (so.
551 2789 589 2826 uu
616 2772 722 2843 fiasque
751 2771 786 2824 de
815 2770 891 2839 Sang
918 2767 1009 2834 ureal,
1037 2766 1123 2823 chose

108 2838 202 2894 divine
231 2842 259 2894 et
287 2843 309 2923 t·
328 2859 383 2912 peu
406 2844 441 2896 de
468 2859 536 2912 gens
564 2843 713 2911 congnua)=
742 2841 813 2896 mais
841 2855 872 2894 oe
896 2839 939 2892 fut
964 2855 1032 2894 avec
1057 2839 1122 2908 plus
1208 2853 1213 2864 ·

108 2910 142 2964 ds
170 2926 326 2965 ceremonia
350 2913 379 2965 et
407 2912 544 2967 solennite
566 2913 630 2981 plus
658 2911 763 2982 grands
790 2910 860 2964 trois
887 2907 954 2976 fois,
983 2909 1068 2977 qu'on
1086 2925 1122 2964 ne

108 2984 241 3106 monstrt}t
249 2984 267 3036 a
280 2981 415 3080 Fl'orenca
432 2982 474 3036 les
488 2982 643 3037 Pandeotes
662 2984 697 3037 de
715 2981 866 3050 iustinian,
885 2996 921 3036 ne
938 2979 968 3035 la
986 2979 1123 3035 Verenni-

107 3055 199 3121 quea
242 3069 326 3108 orne.
764 3077 769 3092 ·

179 3128 203 3178 2.
223 3122 390 3178 Gcschichte
406 3124 445 3180 VI
458 3141 486 3194 p.
502 3130 563 3180 421.
582 3128 643 3179 4⁷5.
673 3123 801 3178 ‘Blicken
816 3122 869 3178 wir
885 3140 943 3178 nun
958 3166 965 3180 .
981 3165 987 3178 .
1002 3123 1032 3189 .',
1051 3123 1121 3177 haec

107 3193 167 3249 eius
185 3194 272 3249 verba
291 3213 324 3249 ex
341 3212 370 3265 p.
384 3200 435 3250 471
454 3196 508 3250 huo
525 3195 624 3251 afferre
642 3194 731 3263 iuvat,
752 3195 864 3250 ‘unsern
879 3193 1062 3264 Standpunkt
1075 3211 1121 3248 am

108 3264 222 3321 Schluss
241 3266 290 3320 des
309 3266 490 3322 fdnfzehuten
503 3267 708 3322 Jahrhunderts
727 3265 867 3335 wthlend,
885 3265 915 3321 in
934 3264 980 3321 die
998 3280 1049 3320 vor
1066 3283 1119 3319 uns

106 3335 236 3406 liegeude
256 3337 391 3407 Zukunft,
415 3355 446 3393 so
469 3339 575 3395 konnte
594 3356 623 3394 es
642 3338 729 3394 sehon
746 3338 854 3393 damals
874 3337 966 3392 sinam
984 3335 1121 3391 unbefan·

28 3453 30 3455 ,
106 3425 199 3479 genam
221 3408 303 3464 Blick
325 3410 411 3464 kaurn
434 3410 590 3480 verborgen
608 3411 733 3480 bleiben,
753 3409 818 3464 dass
837 3409 882 3464 die
901 3406 1120 3464 Rechtswisssn·

125 3479 200 3536 uasa
219 3480 281 3537 sine
300 3481 489 3552 vollsttudige
507 3482 714 3550 Umwandlung
732 3481 861 3536 erfahreu
879 3479 994 3535 mdssa'.

179 3557 204 3609 3.
222 3551 264 3609 De
282 3553 430 3608 verborum
449 3552 665 3624 significatione.
692 3551 820 3611 Francof.
841 3556 910 3608 1582
928 3569 957 3622 p.
971 3554 1032 3606 671.
