<?xml version="1.0" encoding="UTF-8"?>
<!DOCTYPE html PUBLIC "-//W3C//DTD XHTML 1.0 Transitional//EN"
    "http://www.w3.org/TR/xhtml1/DTD/xhtml1-transitional.dtd">
<html xmlns="http://www.w3.org/1999/xhtml" xml:lang="en" lang="en">
 <head>
  <title>
</title>
<meta http-equiv="Content-Type" content="text/html;charset=utf-8" />
  <meta name='ocr-system' content='tesseract 3.04.00' />
  <meta name='ocr-capabilities' content='ocr_page ocr_carea ocr_par ocr_line ocrx_word'/>
</head>
<body>
  <div class='ocr_page' id='page_1' title='image "./iurisprudentiae03bremgoog_0614.png"; bbox 0 0 2568 3912; ppageno 0'>
   <div class='ocr_carea' id='block_1_1' title="bbox 169 202 813 268">
    <p class='ocr_par' dir='ltr' id='par_1_1' title="bbox 169 202 813 268">
     <span class='ocr_line' id='line_1_1' title="bbox 169 202 813 268; baseline 0.003 -12"><span class='ocrx_word' id='word_1_1' title='bbox 169 205 236 268; x_wconf 81' lang='grc'>584</span> <span class='ocrx_word' id='word_1_2' title='bbox 536 202 813 266; x_wconf 82' lang='lat' dir='ltr'>ADDITAMENTA.</span> 
     </span>
    </p>
   </div>
   <div class='ocr_carea' id='block_1_2' title="bbox 170 364 1186 708">
    <p class='ocr_par' dir='ltr' id='par_1_2' title="bbox 170 364 1186 708">
     <span class='ocr_line' id='line_1_2' title="bbox 260 364 1186 450; baseline -0.002 -19"><span class='ocrx_word' id='word_1_3' title='bbox 260 366 312 432; x_wconf 89' lang='grc'>55.</span> <span class='ocrx_word' id='word_1_4' title='bbox 345 364 414 430; x_wconf 85' lang='lat' dir='ltr'>Gai.</span> <span class='ocrx_word' id='word_1_5' title='bbox 443 367 474 448; x_wconf 94' lang='grc'>2,</span> <span class='ocrx_word' id='word_1_6' title='bbox 503 366 553 430; x_wconf 78' lang='grc'>77.</span> <span class='ocrx_word' id='word_1_7' title='bbox 577 402 618 412; x_wconf 83' lang='lat'>—</span> <span class='ocrx_word' id='word_1_8' title='bbox 730 366 903 449; x_wconf 88' lang='lat' dir='ltr'>probatum</span> <span class='ocrx_word' id='word_1_9' title='bbox 936 367 993 450; x_wconf 76' lang='lat' dir='ltr'>est,</span> <span class='ocrx_word' id='word_1_10' title='bbox 1026 366 1113 448; x_wconf 89' lang='lat' dir='ltr'>quod</span> <span class='ocrx_word' id='word_1_11' title='bbox 1148 367 1186 430; x_wconf 92' lang='lat' dir='ltr'>in</span> 
     </span>
     <span class='ocr_line' id='line_1_3' title="bbox 171 454 1186 538; baseline -0.001 -19"><span class='ocrx_word' id='word_1_12' title='bbox 171 455 329 519; x_wconf 76' lang='lat' dir='ltr'><strong>chartulis</strong></span> <span class='ocrx_word' id='word_1_13' title='bbox 375 455 440 518; x_wconf 90' lang='lat' dir='ltr'>sive</span> <span class='ocrx_word' id='word_1_14' title='bbox 486 455 681 519; x_wconf 84' lang='lat' dir='ltr'><strong>membranis</strong></span> <span class='ocrx_word' id='word_1_15' title='bbox 729 455 808 518; x_wconf 89' lang='lat' dir='ltr'>meis</span> <span class='ocrx_word' id='word_1_16' title='bbox 855 454 971 538; x_wconf 89' lang='lat' dir='ltr'>aliquis</span> <span class='ocrx_word' id='word_1_17' title='bbox 1014 454 1186 538; x_wconf 76' lang='lat' dir='ltr'>scripserit</span> 
     </span>
     <span class='ocr_line' id='line_1_4' title="bbox 170 542 1186 627; baseline 0.002 -21"><span class='ocrx_word' id='word_1_18' title='bbox 170 544 248 608; x_wconf 90' lang='lat' dir='ltr'>licet</span> <span class='ocrx_word' id='word_1_19' title='bbox 268 543 373 608; x_wconf 89' lang='lat' dir='ltr'>aureis</span> <span class='ocrx_word' id='word_1_20' title='bbox 397 544 522 620; x_wconf 86' lang='lat' dir='ltr'>litteris,</span> <span class='ocrx_word' id='word_1_21' title='bbox 546 565 652 607; x_wconf 92' lang='lat' dir='ltr'>meum</span> <span class='ocrx_word' id='word_1_22' title='bbox 677 564 756 627; x_wconf 82' lang='lat' dir='ltr'>esse,</span> <span class='ocrx_word' id='word_1_23' title='bbox 778 543 855 626; x_wconf 89' lang='lat' dir='ltr'>quia</span> <span class='ocrx_word' id='word_1_24' title='bbox 877 543 1003 607; x_wconf 75' lang='lat' dir='ltr'>litterae</span> <span class='ocrx_word' id='word_1_25' title='bbox 1023 542 1186 608; x_wconf 84' lang='lat' dir='ltr'>chartulis</span> 
     </span>
     <span class='ocr_line' id='line_1_5' title="bbox 170 632 607 708; baseline 0 -12"><span class='ocrx_word' id='word_1_26' title='bbox 170 632 238 696; x_wconf 90' lang='lat' dir='ltr'>sive</span> <span class='ocrx_word' id='word_1_27' title='bbox 262 632 458 696; x_wconf 80' lang='lat' dir='ltr'>membranis</span> <span class='ocrx_word' id='word_1_28' title='bbox 483 632 607 708; x_wconf 87' lang='lat' dir='ltr'>cedunt.</span> 
     </span>
    </p>
   </div>
   <div class='ocr_carea' id='block_1_3' title="bbox 168 728 1185 1150">
    <p class='ocr_par' dir='ltr' id='par_1_3' title="bbox 168 728 1185 1150">
     <span class='ocr_line' id='line_1_6' title="bbox 261 728 1185 814; baseline 0 -20"><span class='ocrx_word' id='word_1_29' title='bbox 261 729 327 794; x_wconf 71' lang='lat'>56².</span> <span class='ocrx_word' id='word_1_30' title='bbox 352 728 390 793; x_wconf 90' lang='lat' dir='ltr'>D.</span> <span class='ocrx_word' id='word_1_31' title='bbox 409 730 462 814; x_wconf 94' lang='grc'>41,</span> <span class='ocrx_word' id='word_1_32' title='bbox 489 732 515 814; x_wconf 89' lang='grc'>1,</span> <span class='ocrx_word' id='word_1_33' title='bbox 539 730 568 814; x_wconf 89' lang='grc'>9,</span> <span class='ocrx_word' id='word_1_34' title='bbox 592 731 622 794; x_wconf 86' lang='grc'>2.</span> <span class='ocrx_word' id='word_1_35' title='bbox 667 729 765 794; x_wconf 83' lang='lat' dir='ltr'>Gaius</span> <span class='ocrx_word' id='word_1_36' title='bbox 789 730 872 794; x_wconf 88' lang='lat' dir='ltr'>libro</span> <span class='ocrx_word' id='word_1_37' title='bbox 897 729 1034 794; x_wconf 86' lang='lat' dir='ltr'>secundo</span> <span class='ocrx_word' id='word_1_38' title='bbox 1058 729 1185 794; x_wconf 86' lang='lat' dir='ltr'>Rerum</span> 
     </span>
     <span class='ocr_line' id='line_1_7' title="bbox 171 817 1184 884; baseline -0.002 0"><span class='ocrx_word' id='word_1_39' title='bbox 171 817 432 884; x_wconf 80' lang='lat' dir='ltr'>Cottidianarum</span> <span class='ocrx_word' id='word_1_40' title='bbox 462 819 528 882; x_wconf 89' lang='lat' dir='ltr'>sive</span> <span class='ocrx_word' id='word_1_41' title='bbox 551 819 741 883; x_wconf 89' lang='lat' dir='ltr'>Aureorum.</span> <span class='ocrx_word' id='word_1_42' title='bbox 771 855 809 864; x_wconf 97' lang='lat'><em>-</em></span> <span class='ocrx_word' id='word_1_43' title='bbox 840 869 869 882; x_wconf 91' lang='lat'>..</span> <span class='ocrx_word' id='word_1_44' title='bbox 891 839 956 882; x_wconf 92' lang='lat' dir='ltr'>non</span> <span class='ocrx_word' id='word_1_45' title='bbox 981 817 1027 881; x_wconf 92' lang='lat' dir='ltr'>uti</span> <span class='ocrx_word' id='word_1_46' title='bbox 1049 817 1184 882; x_wconf 82' lang='lat' dir='ltr'>litterae</span> 
     </span>
     <span class='ocr_line' id='line_1_8' title="bbox 171 906 1183 991; baseline -0.001 -20"><span class='ocrx_word' id='word_1_47' title='bbox 171 906 294 971; x_wconf 87' lang='lat' dir='ltr'>chartis</span> <span class='ocrx_word' id='word_1_48' title='bbox 322 907 557 973; x_wconf 82' lang='lat' dir='ltr'>membranisve</span> <span class='ocrx_word' id='word_1_49' title='bbox 585 907 715 991; x_wconf 85' lang='lat' dir='ltr'>cedunt,</span> <span class='ocrx_word' id='word_1_50' title='bbox 748 907 795 972; x_wconf 91' lang='lat' dir='ltr'>ita</span> <span class='ocrx_word' id='word_1_51' title='bbox 823 908 927 971; x_wconf 80' lang='lat' dir='ltr'>solent</span> <span class='ocrx_word' id='word_1_52' title='bbox 957 907 1102 990; x_wconf 84' lang='lat' dir='ltr'>picturae</span> <span class='ocrx_word' id='word_1_53' title='bbox 1134 911 1183 970; x_wconf 84' lang='lat' dir='ltr'>ta-</span> 
     </span>
     <span class='ocr_line' id='line_1_9' title="bbox 172 995 1184 1080; baseline -0.001 -20"><span class='ocrx_word' id='word_1_54' title='bbox 172 995 258 1060; x_wconf 89' lang='lat' dir='ltr'>bulis</span> <span class='ocrx_word' id='word_1_55' title='bbox 286 996 410 1079; x_wconf 86' lang='lat' dir='ltr'>cedere,</span> <span class='ocrx_word' id='word_1_56' title='bbox 440 996 494 1060; x_wconf 84' lang='lat' dir='ltr'>sed</span> <span class='ocrx_word' id='word_1_57' title='bbox 519 1018 556 1059; x_wconf 84' lang='lat' dir='ltr'>ex</span> <span class='ocrx_word' id='word_1_58' title='bbox 580 996 705 1060; x_wconf 88' lang='lat' dir='ltr'>diverso</span> <span class='ocrx_word' id='word_1_59' title='bbox 732 996 855 1079; x_wconf 84' lang='lat' dir='ltr'>placuit</span> <span class='ocrx_word' id='word_1_60' title='bbox 879 996 1008 1060; x_wconf 87' lang='lat' dir='ltr'>tabulas</span> <span class='ocrx_word' id='word_1_61' title='bbox 1034 995 1184 1080; x_wconf 88' lang='lat' dir='ltr'>picturae</span> 
     </span>
     <span class='ocr_line' id='line_1_10' title="bbox 168 1085 288 1150; baseline -0.008 0"><span class='ocrx_word' id='word_1_62' title='bbox 168 1085 288 1150; x_wconf 87' lang='lat' dir='ltr'>cedere.</span> 
     </span>
    </p>
   </div>
   <div class='ocr_carea' id='block_1_4' title="bbox 91 1179 1182 1529">
    <p class='ocr_par' dir='ltr' id='par_1_4' title="bbox 91 1179 1182 1445">
     <span class='ocr_line' id='line_1_11' title="bbox 260 1179 1182 1265; baseline -0.001 -19"><span class='ocrx_word' id='word_1_63' title='bbox 260 1179 327 1247; x_wconf 68' lang='lat'>56¹0.</span> <span class='ocrx_word' id='word_1_64' title='bbox 358 1181 429 1245; x_wconf 85' lang='lat' dir='ltr'>Gai.</span> <span class='ocrx_word' id='word_1_65' title='bbox 452 1183 482 1265; x_wconf 93' lang='grc'>2,</span> <span class='ocrx_word' id='word_1_66' title='bbox 506 1183 556 1247; x_wconf 78' lang='grc'>78.</span> <span class='ocrx_word' id='word_1_67' title='bbox 589 1218 630 1229; x_wconf 88' lang='grc'>-</span> <span class='ocrx_word' id='word_1_68' title='bbox 663 1182 750 1246; x_wconf 89' lang='lat' dir='ltr'>..si</span> <span class='ocrx_word' id='word_1_69' title='bbox 772 1183 806 1245; x_wconf 90' lang='lat' dir='ltr'>in</span> <span class='ocrx_word' id='word_1_70' title='bbox 833 1182 945 1246; x_wconf 89' lang='lat' dir='ltr'>tabula</span> <span class='ocrx_word' id='word_1_71' title='bbox 968 1203 1039 1246; x_wconf 88' lang='lat' dir='ltr'>mea</span> <span class='ocrx_word' id='word_1_72' title='bbox 1063 1182 1182 1264; x_wconf 88' lang='lat' dir='ltr'>ahquis</span> 
     </span>
     <span class='ocr_line' id='line_1_12' title="bbox 91 1267 1181 1356; baseline -0.006 -16"><span class='ocrx_word' id='word_1_73' title='bbox 91 1332 95 1340; x_wconf 87' lang='lat'>.</span> <span class='ocrx_word' id='word_1_74' title='bbox 170 1271 311 1355; x_wconf 85' lang='lat' dir='ltr'>pinxerit</span> <span class='ocrx_word' id='word_1_75' title='bbox 330 1271 429 1334; x_wconf 88' lang='lat' dir='ltr'>veluti</span> <span class='ocrx_word' id='word_1_76' title='bbox 447 1270 632 1354; x_wconf 85' lang='lat' dir='ltr'>imaginem,</span> <span class='ocrx_word' id='word_1_77' title='bbox 655 1319 707 1334; x_wconf 88' lang='lat'>...</span> <span class='ocrx_word' id='word_1_78' title='bbox 726 1267 878 1356; x_wconf 83' lang='lat' dir='ltr'>magis..</span> <span class='ocrx_word' id='word_1_79' title='bbox 898 1268 1016 1335; x_wconf 88' lang='lat' dir='ltr'>dicitur</span> <span class='ocrx_word' id='word_1_80' title='bbox 1033 1269 1181 1334; x_wconf 87' lang='lat' dir='ltr'>tabulam</span> 
     </span>
     <span class='ocr_line' id='line_1_13' title="bbox 170 1359 460 1445; baseline 0.003 -22"><span class='ocrx_word' id='word_1_81' title='bbox 170 1361 317 1445; x_wconf 89' lang='lat' dir='ltr'>picturae</span> <span class='ocrx_word' id='word_1_82' title='bbox 340 1359 460 1424; x_wconf 88' lang='lat' dir='ltr'>cedere.</span> 
     </span>
    </p>

    <p class='ocr_par' dir='ltr' id='par_1_5' title="bbox 259 1446 1018 1529">
     <span class='ocr_line' id='line_1_14' title="bbox 259 1446 1018 1529; baseline 0 -17"><span class='ocrx_word' id='word_1_83' title='bbox 259 1454 307 1512; x_wconf 88' lang='lat' dir='ltr'>Ad</span> <span class='ocrx_word' id='word_1_84' title='bbox 332 1446 463 1512; x_wconf 73' lang='lat' dir='ltr'>‘dicitur&#39;</span> <span class='ocrx_word' id='word_1_85' title='bbox 487 1453 524 1513; x_wconf 86' lang='lat' dir='ltr'>cf.</span> <span class='ocrx_word' id='word_1_86' title='bbox 548 1471 624 1529; x_wconf 87' lang='lat' dir='ltr'>quae</span> <span class='ocrx_word' id='word_1_87' title='bbox 645 1454 725 1511; x_wconf 89' lang='lat' dir='ltr'>infra</span> <span class='ocrx_word' id='word_1_88' title='bbox 747 1452 774 1510; x_wconf 90' lang='lat' dir='ltr'><strong>V</strong></span> <span class='ocrx_word' id='word_1_89' title='bbox 793 1453 918 1512; x_wconf 88' lang='lat' dir='ltr'>collecta</span> <span class='ocrx_word' id='word_1_90' title='bbox 941 1455 1018 1512; x_wconf 86' lang='lat' dir='ltr'>sunt.</span> 
     </span>
    </p>
   </div>
   <div class='ocr_carea' id='block_1_5' title="bbox 541 1624 806 1706">
    <p class='ocr_par' dir='ltr' id='par_1_6' title="bbox 541 1624 806 1706">
     <span class='ocr_line' id='line_1_15' title="bbox 541 1624 806 1706; baseline -0.008 -16"><span class='ocrx_word' id='word_1_91' title='bbox 541 1624 592 1690; x_wconf 90' lang='lat' dir='ltr'>De</span> <span class='ocrx_word' id='word_1_92' title='bbox 613 1625 806 1706; x_wconf 78' lang='lat' dir='ltr'>usucapione.</span> 
     </span>
    </p>
   </div>
   <div class='ocr_carea' id='block_1_6' title="bbox 170 1747 1268 2274">
    <p class='ocr_par' dir='ltr' id='par_1_7' title="bbox 170 1747 1268 2274">
     <span class='ocr_line' id='line_1_16' title="bbox 260 1747 1183 1826; baseline 0 -12"><span class='ocrx_word' id='word_1_93' title='bbox 260 1750 312 1814; x_wconf 80' lang='lat'>57.</span> <span class='ocrx_word' id='word_1_94' title='bbox 349 1747 419 1813; x_wconf 85' lang='lat' dir='ltr'>Gai.</span> <span class='ocrx_word' id='word_1_95' title='bbox 448 1750 481 1826; x_wconf 88' lang='lat'>3,</span> <span class='ocrx_word' id='word_1_96' title='bbox 509 1748 584 1813; x_wconf 89' lang='grc'><strong>201.</strong></span> <span class='ocrx_word' id='word_1_97' title='bbox 611 1784 653 1794; x_wconf 96' lang='grc'><strong>-</strong></span> <span class='ocrx_word' id='word_1_98' title='bbox 773 1747 934 1812; x_wconf 88' lang='lat' dir='ltr'>interdum</span> <span class='ocrx_word' id='word_1_99' title='bbox 972 1748 1094 1814; x_wconf 88' lang='lat' dir='ltr'>alienas</span> <span class='ocrx_word' id='word_1_100' title='bbox 1128 1771 1183 1814; x_wconf 88' lang='lat' dir='ltr'>res</span> 
     </span>
     <span class='ocr_line' id='line_1_17' title="bbox 171 1838 1268 1922; baseline 0.001 -21"><span class='ocrx_word' id='word_1_101' title='bbox 171 1859 329 1922; x_wconf 86' lang='lat' dir='ltr'>occupare</span> <span class='ocrx_word' id='word_1_102' title='bbox 348 1841 381 1901; x_wconf 91' lang='lat' dir='ltr'>et</span> <span class='ocrx_word' id='word_1_103' title='bbox 398 1859 573 1921; x_wconf 88' lang='lat' dir='ltr'>usucapere</span> <span class='ocrx_word' id='word_1_104' title='bbox 592 1857 778 1901; x_wconf 89' lang='lat' dir='ltr'>concessum</span> <span class='ocrx_word' id='word_1_105' title='bbox 800 1840 857 1919; x_wconf 87' lang='lat' dir='ltr'>cst,</span> <span class='ocrx_word' id='word_1_106' title='bbox 880 1858 938 1901; x_wconf 88' lang='lat' dir='ltr'>nec</span> <span class='ocrx_word' id='word_1_107' title='bbox 957 1838 1097 1903; x_wconf 89' lang='lat' dir='ltr'>creditur</span> <span class='ocrx_word' id='word_1_108' title='bbox 1115 1838 1181 1902; x_wconf 90' lang='lat' dir='ltr'>fur·</span> <span class='ocrx_word' id='word_1_109' title='bbox 1267 1871 1268 1878; x_wconf 56' lang='lat'>.</span> 
     </span>
     <span class='ocr_line' id='line_1_18' title="bbox 171 1925 1180 2008; baseline 0.001 -19"><span class='ocrx_word' id='word_1_110' title='bbox 171 1930 242 1990; x_wconf 91' lang='lat' dir='ltr'>tum</span> <span class='ocrx_word' id='word_1_111' title='bbox 270 1926 353 2007; x_wconf 89' lang='lat' dir='ltr'>fieri,</span> <span class='ocrx_word' id='word_1_112' title='bbox 383 1927 483 1990; x_wconf 90' lang='lat' dir='ltr'>veluti</span> <span class='ocrx_word' id='word_1_113' title='bbox 511 1948 562 1990; x_wconf 89' lang='lat' dir='ltr'>res</span> <span class='ocrx_word' id='word_1_114' title='bbox 590 1925 803 1989; x_wconf 86' lang='lat' dir='ltr'>hereditarias</span> <span class='ocrx_word' id='word_1_115' title='bbox 831 1946 966 2008; x_wconf 91' lang='lat' dir='ltr'>quarum</span> <span class='ocrx_word' id='word_1_116' title='bbox 994 1931 1085 1990; x_wconf 88' lang='lat' dir='ltr'>heres</span> <span class='ocrx_word' id='word_1_117' title='bbox 1114 1949 1180 1991; x_wconf 92' lang='lat' dir='ltr'>non</span> 
     </span>
     <span class='ocr_line' id='line_1_19' title="bbox 173 2015 1182 2104; baseline 0.002 -26"><span class='ocrx_word' id='word_1_118' title='bbox 173 2017 223 2078; x_wconf 90' lang='lat' dir='ltr'>est</span> <span class='ocrx_word' id='word_1_119' title='bbox 246 2018 359 2079; x_wconf 88' lang='lat' dir='ltr'>nactus</span> <span class='ocrx_word' id='word_1_120' title='bbox 382 2016 630 2104; x_wconf 83' lang='lat' dir='ltr'>possessionem,</span> <span class='ocrx_word' id='word_1_121' title='bbox 652 2015 717 2077; x_wconf 89' lang='lat' dir='ltr'>nisi</span> <span class='ocrx_word' id='word_1_122' title='bbox 739 2015 939 2078; x_wconf 89' lang='lat' dir='ltr'>necessarius</span> <span class='ocrx_word' id='word_1_123' title='bbox 962 2015 1056 2079; x_wconf 91' lang='lat' dir='ltr'>heres</span> <span class='ocrx_word' id='word_1_124' title='bbox 1080 2019 1182 2100; x_wconf 86' lang='lat' dir='ltr'>extet;</span> 
     </span>
     <span class='ocr_line' id='line_1_20' title="bbox 171 2102 1180 2186; baseline 0.004 -21"><span class='ocrx_word' id='word_1_125' title='bbox 171 2124 250 2166; x_wconf 87' lang='lat' dir='ltr'>nam</span> <span class='ocrx_word' id='word_1_126' title='bbox 268 2103 448 2167; x_wconf 88' lang='lat' dir='ltr'>necessario</span> <span class='ocrx_word' id='word_1_127' title='bbox 467 2103 582 2167; x_wconf 87' lang='lat' dir='ltr'>herede</span> <span class='ocrx_word' id='word_1_128' title='bbox 598 2104 725 2166; x_wconf 86' lang='lat' dir='ltr'>extante</span> <span class='ocrx_word' id='word_1_129' title='bbox 744 2103 864 2186; x_wconf 88' lang='lat' dir='ltr'>placuit</span> <span class='ocrx_word' id='word_1_130' title='bbox 882 2102 964 2166; x_wconf 92' lang='lat' dir='ltr'>nihil</span> <span class='ocrx_word' id='word_1_131' title='bbox 983 2125 1042 2186; x_wconf 92' lang='lat' dir='ltr'>pro</span> <span class='ocrx_word' id='word_1_132' title='bbox 1063 2105 1180 2169; x_wconf 87' lang='lat' dir='ltr'>herede</span> 
     </span>
     <span class='ocr_line' id='line_1_21' title="bbox 170 2192 431 2274; baseline -0.008 -18"><span class='ocrx_word' id='word_1_133' title='bbox 170 2192 306 2274; x_wconf 90' lang='lat' dir='ltr'>usucapi</span> <span class='ocrx_word' id='word_1_134' title='bbox 328 2212 431 2274; x_wconf 90' lang='lat' dir='ltr'>posse.</span> 
     </span>
    </p>
   </div>
   <div class='ocr_carea' id='block_1_7' title="bbox 468 2332 926 2540">
    <p class='ocr_par' dir='ltr' id='par_1_8' title="bbox 468 2332 926 2540">
     <span class='ocr_line' id='line_1_22' title="bbox 468 2332 926 2399; baseline -0.007 0"><span class='ocrx_word' id='word_1_135' title='bbox 468 2335 497 2398; x_wconf 94' lang='grc'>2.</span> <span class='ocrx_word' id='word_1_136' title='bbox 527 2332 580 2399; x_wconf 91' lang='lat' dir='ltr'>De</span> <span class='ocrx_word' id='word_1_137' title='bbox 604 2335 685 2397; x_wconf 90' lang='lat' dir='ltr'>iure</span> <span class='ocrx_word' id='word_1_138' title='bbox 709 2333 926 2397; x_wconf 88' lang='lat' dir='ltr'>honorario.</span> 
     </span>
     <span class='ocr_line' id='line_1_23' title="bbox 516 2457 833 2540; baseline -0.006 -18"><span class='ocrx_word' id='word_1_139' title='bbox 516 2457 566 2522; x_wconf 90' lang='lat' dir='ltr'>De</span> <span class='ocrx_word' id='word_1_140' title='bbox 587 2458 714 2540; x_wconf 73' lang='lat' dir='ltr'>caputiis</span> <span class='ocrx_word' id='word_1_141' title='bbox 732 2457 833 2539; x_wconf 73' lang='lat' dir='ltr'>pestis.</span> 
     </span>
    </p>
   </div>
   <div class='ocr_carea' id='block_1_8' title="bbox 170 2570 1268 3013">
    <p class='ocr_par' dir='ltr' id='par_1_9' title="bbox 170 2570 1268 3013">
     <span class='ocr_line' id='line_1_24' title="bbox 260 2570 1181 2658; baseline -0.002 -18"><span class='ocrx_word' id='word_1_142' title='bbox 260 2575 312 2640; x_wconf 89' lang='grc'>58.</span> <span class='ocrx_word' id='word_1_143' title='bbox 335 2573 374 2638; x_wconf 91' lang='lat' dir='ltr'>D.</span> <span class='ocrx_word' id='word_1_144' title='bbox 403 2575 456 2658; x_wconf 89' lang='grc'>44,</span> <span class='ocrx_word' id='word_1_145' title='bbox 486 2575 513 2657; x_wconf 78' lang='grc'>7,</span> <span class='ocrx_word' id='word_1_146' title='bbox 537 2572 613 2656; x_wconf 85' lang='lat' dir='ltr'>5pr.</span> <span class='ocrx_word' id='word_1_147' title='bbox 641 2570 730 2636; x_wconf 85' lang='lat' dir='ltr'>Idem</span> <span class='ocrx_word' id='word_1_148' title='bbox 754 2571 811 2656; x_wconf 89' lang='lat' dir='ltr'>(sc.</span> <span class='ocrx_word' id='word_1_149' title='bbox 835 2571 948 2656; x_wconf 82' lang='lat' dir='ltr'>Gaius)</span> <span class='ocrx_word' id='word_1_150' title='bbox 973 2572 1060 2638; x_wconf 92' lang='lat' dir='ltr'>libro</span> <span class='ocrx_word' id='word_1_151' title='bbox 1084 2575 1181 2638; x_wconf 87' lang='lat' dir='ltr'>tertio</span> 
     </span>
     <span class='ocr_line' id='line_1_25' title="bbox 171 2661 1107 2746; baseline 0 -19"><span class='ocrx_word' id='word_1_152' title='bbox 171 2661 361 2729; x_wconf 85' lang='lat' dir='ltr'>Aureorum.</span> <span class='ocrx_word' id='word_1_153' title='bbox 396 2698 435 2708; x_wconf 92' lang='lat'><em>-</em></span> <span class='ocrx_word' id='word_1_154' title='bbox 470 2661 504 2726; x_wconf 85' lang='lat' dir='ltr'>Si</span> <span class='ocrx_word' id='word_1_155' title='bbox 537 2662 608 2744; x_wconf 88' lang='lat' dir='ltr'>quis</span> <span class='ocrx_word' id='word_1_156' title='bbox 636 2661 780 2725; x_wconf 86' lang='lat' dir='ltr'>absentis</span> <span class='ocrx_word' id='word_1_157' title='bbox 803 2661 933 2745; x_wconf 80' lang='lat' dir='ltr'>negotia</span> <span class='ocrx_word' id='word_1_158' title='bbox 958 2663 1107 2746; x_wconf 85' lang='lat' dir='ltr'>gesserit,</span> 
     </span>
     <span class='ocr_line' id='line_1_26' title="bbox 171 2748 1180 2834; baseline 0 -20"><span class='ocrx_word' id='word_1_159' title='bbox 171 2752 200 2814; x_wconf 90' lang='lat' dir='ltr'>si</span> <span class='ocrx_word' id='word_1_160' title='bbox 223 2801 230 2816; x_wconf 91' lang='lat'>.</span> <span class='ocrx_word' id='word_1_161' title='bbox 250 2803 257 2817; x_wconf 89' lang='lat'>.</span> <span class='ocrx_word' id='word_1_162' title='bbox 281 2752 350 2816; x_wconf 89' lang='lat' dir='ltr'>sine</span> <span class='ocrx_word' id='word_1_163' title='bbox 378 2751 545 2831; x_wconf 90' lang='lat' dir='ltr'>mandatu,</span> <span class='ocrx_word' id='word_1_164' title='bbox 576 2749 697 2833; x_wconf 86' lang='lat' dir='ltr'>placuit</span> <span class='ocrx_word' id='word_1_165' title='bbox 720 2799 780 2815; x_wconf 93' lang='lat'>...</span> <span class='ocrx_word' id='word_1_166' title='bbox 803 2771 858 2814; x_wconf 91' lang='lat' dir='ltr'>eos</span> <span class='ocrx_word' id='word_1_167' title='bbox 880 2748 1018 2813; x_wconf 78' lang='lat' dir='ltr'>inuicem</span> <span class='ocrx_word' id='word_1_168' title='bbox 1042 2751 1180 2834; x_wconf 84' lang='lat' dir='ltr'>obligari</span> 
     </span>
     <span class='ocr_line' id='line_1_27' title="bbox 172 2837 1268 2923; baseline 0.002 -21"><span class='ocrx_word' id='word_1_169' title='bbox 172 2861 273 2923; x_wconf 89' lang='lat' dir='ltr'>eoque</span> <span class='ocrx_word' id='word_1_170' title='bbox 296 2839 426 2905; x_wconf 90' lang='lat' dir='ltr'>nomine</span> <span class='ocrx_word' id='word_1_171' title='bbox 449 2839 596 2922; x_wconf 86' lang='lat' dir='ltr'>proditae</span> <span class='ocrx_word' id='word_1_172' title='bbox 616 2842 692 2904; x_wconf 88' lang='lat' dir='ltr'>sunt</span> <span class='ocrx_word' id='word_1_173' title='bbox 711 2837 864 2917; x_wconf 89' lang='lat' dir='ltr'>actiones,</span> <span class='ocrx_word' id='word_1_174' title='bbox 882 2858 961 2922; x_wconf 88' lang='lat' dir='ltr'>quas</span> <span class='ocrx_word' id='word_1_175' title='bbox 981 2839 1181 2921; x_wconf 88' lang='lat' dir='ltr'>appellamus</span> <span class='ocrx_word' id='word_1_176' title='bbox 1267 2853 1268 2920; x_wconf 77' lang='lat' dir='ltr'>j</span> 
     </span>
     <span class='ocr_line' id='line_1_28' title="bbox 170 2929 574 3013; baseline 0.01 -23"><span class='ocrx_word' id='word_1_177' title='bbox 170 2929 377 3012; x_wconf 83' lang='lat' dir='ltr'>negotiorum</span> <span class='ocrx_word' id='word_1_178' title='bbox 401 2932 574 3013; x_wconf 86' lang='lat' dir='ltr'>gestorum.</span> 
     </span>
    </p>
   </div>
   <div class='ocr_carea' id='block_1_9' title="bbox 401 3085 948 3170">
    <p class='ocr_par' dir='ltr' id='par_1_10' title="bbox 401 3085 948 3170">
     <span class='ocr_line' id='line_1_29' title="bbox 401 3085 948 3170; baseline -0.005 -19"><span class='ocrx_word' id='word_1_179' title='bbox 401 3086 452 3151; x_wconf 91' lang='lat' dir='ltr'>De</span> <span class='ocrx_word' id='word_1_180' title='bbox 473 3088 508 3151; x_wconf 78' lang='lat' dir='ltr'>iu</span> <span class='ocrx_word' id='word_1_181' title='bbox 530 3088 680 3170; x_wconf 71' lang='lat' dir='ltr'>inlapsum</span> <span class='ocrx_word' id='word_1_182' title='bbox 701 3085 948 3151; x_wconf 76' lang='lat' dir='ltr'>restitutiouahus.</span> 
     </span>
    </p>
   </div>
   <div class='ocr_carea' id='block_1_10' title="bbox 172 3199 1268 3636">
    <p class='ocr_par' dir='ltr' id='par_1_11' title="bbox 172 3199 1268 3636">
     <span class='ocr_line' id='line_1_30' title="bbox 261 3199 1268 3292; baseline 0.003 -30"><span class='ocrx_word' id='word_1_183' title='bbox 261 3199 314 3277; x_wconf 82' lang='lat'>59.</span> <span class='ocrx_word' id='word_1_184' title='bbox 338 3200 374 3266; x_wconf 92' lang='lat' dir='ltr'>D.</span> <span class='ocrx_word' id='word_1_185' title='bbox 400 3201 430 3284; x_wconf 90' lang='grc'>3,</span> <span class='ocrx_word' id='word_1_186' title='bbox 453 3201 483 3283; x_wconf 87' lang='grc'>3,</span> <span class='ocrx_word' id='word_1_187' title='bbox 506 3201 559 3285; x_wconf 91' lang='grc'>46,</span> <span class='ocrx_word' id='word_1_188' title='bbox 582 3203 611 3266; x_wconf 87' lang='grc'>3.</span> <span class='ocrx_word' id='word_1_189' title='bbox 635 3201 735 3266; x_wconf 82' lang='lat' dir='ltr'>Gaius</span> <span class='ocrx_word' id='word_1_190' title='bbox 759 3200 842 3264; x_wconf 90' lang='lat' dir='ltr'>libro</span> <span class='ocrx_word' id='word_1_191' title='bbox 865 3200 963 3265; x_wconf 88' lang='lat' dir='ltr'>tertio</span> <span class='ocrx_word' id='word_1_192' title='bbox 982 3200 1024 3264; x_wconf 89' lang='lat' dir='ltr'>ad</span> <span class='ocrx_word' id='word_1_193' title='bbox 1042 3200 1181 3266; x_wconf 87' lang='lat' dir='ltr'>edictum</span> <span class='ocrx_word' id='word_1_194' title='bbox 1266 3241 1268 3292; x_wconf 79' lang='lat'>1</span> 
     </span>
     <span class='ocr_line' id='line_1_31' title="bbox 172 3287 1268 3374; baseline 0.002 -23"><span class='ocrx_word' id='word_1_195' title='bbox 172 3287 377 3372; x_wconf 89' lang='lat' dir='ltr'>provinciale.</span> <span class='ocrx_word' id='word_1_196' title='bbox 416 3325 460 3334; x_wconf 96' lang='lat'>—</span> <span class='ocrx_word' id='word_1_197' title='bbox 500 3337 534 3352; x_wconf 94' lang='lat'>..</span> <span class='ocrx_word' id='word_1_198' title='bbox 565 3291 739 3373; x_wconf 88' lang='lat' dir='ltr'>quaeritur,</span> <span class='ocrx_word' id='word_1_199' title='bbox 775 3290 803 3353; x_wconf 90' lang='lat' dir='ltr'>si</span> <span class='ocrx_word' id='word_1_200' title='bbox 835 3288 990 3353; x_wconf 90' lang='lat' dir='ltr'>iudicium</span> <span class='ocrx_word' id='word_1_201' title='bbox 1021 3291 1183 3374; x_wconf 87' lang='lat' dir='ltr'>acceperit</span> <span class='ocrx_word' id='word_1_202' title='bbox 1267 3293 1268 3302; x_wconf 59' lang='lat'><em>²</em></span> 
     </span>
     <span class='ocr_line' id='line_1_32' title="bbox 173 3375 1183 3463; baseline 0.004 -25"><span class='ocrx_word' id='word_1_203' title='bbox 173 3375 324 3439; x_wconf 88' lang='lat' dir='ltr'>defensor</span> <span class='ocrx_word' id='word_1_204' title='bbox 339 3379 371 3438; x_wconf 91' lang='lat' dir='ltr'>et</span> <span class='ocrx_word' id='word_1_205' title='bbox 386 3379 477 3439; x_wconf 89' lang='lat' dir='ltr'>actor</span> <span class='ocrx_word' id='word_1_206' title='bbox 492 3377 525 3440; x_wconf 91' lang='lat' dir='ltr'>in</span> <span class='ocrx_word' id='word_1_207' title='bbox 535 3377 694 3461; x_wconf 83' lang='lat' dir='ltr'>integrum</span> <span class='ocrx_word' id='word_1_208' title='bbox 709 3377 878 3442; x_wconf 86' lang='lat' dir='ltr'>restitutus</span> <span class='ocrx_word' id='word_1_209' title='bbox 894 3377 945 3461; x_wconf 85' lang='lat' dir='ltr'>sit,</span> <span class='ocrx_word' id='word_1_210' title='bbox 961 3399 1002 3442; x_wconf 90' lang='lat' dir='ltr'>an</span> <span class='ocrx_word' id='word_1_211' title='bbox 1018 3378 1183 3463; x_wconf 84' lang='lat' dir='ltr'>cogendus</span> 
     </span>
     <span class='ocr_line' id='line_1_33' title="bbox 174 3462 1268 3550; baseline 0.005 -24"><span class='ocrx_word' id='word_1_212' title='bbox 174 3465 220 3527; x_wconf 91' lang='lat' dir='ltr'>sit</span> <span class='ocrx_word' id='word_1_213' title='bbox 249 3462 483 3527; x_wconf 89' lang='lat' dir='ltr'>restitutorium</span> <span class='ocrx_word' id='word_1_214' title='bbox 510 3463 662 3529; x_wconf 88' lang='lat' dir='ltr'>iudicium</span> <span class='ocrx_word' id='word_1_215' title='bbox 692 3467 842 3549; x_wconf 89' lang='lat' dir='ltr'>accipere.</span> <span class='ocrx_word' id='word_1_216' title='bbox 888 3470 919 3530; x_wconf 92' lang='lat' dir='ltr'>et</span> <span class='ocrx_word' id='word_1_217' title='bbox 947 3467 1051 3550; x_wconf 86' lang='lat' dir='ltr'>magis</span> <span class='ocrx_word' id='word_1_218' title='bbox 1076 3468 1185 3550; x_wconf 88' lang='lat' dir='ltr'>placet</span> <span class='ocrx_word' id='word_1_219' title='bbox 1267 3463 1268 3498; x_wconf 65' lang='lat'><em>³</em></span> 
     </span>
     <span class='ocr_line' id='line_1_34' title="bbox 174 3550 362 3636; baseline -0.005 -20"><span class='ocrx_word' id='word_1_220' title='bbox 174 3550 362 3636; x_wconf 83' lang='lat' dir='ltr'>cogendum.</span> 
     </span>
    </p>
   </div>
   <div class='ocr_carea' id='block_1_11' title="bbox 0 0 1292 3912">
    <p class='ocr_par' dir='ltr' id='par_1_12' title="bbox 0 0 1292 3912">
     <span class='ocr_line' id='line_1_35' title="bbox 0 0 1292 3912; baseline 0 0"><span class='ocrx_word' id='word_1_221' title='bbox 0 0 1292 3912; x_wconf 95' lang='lat' dir='ltr'> </span> 
     </span>
    </p>
   </div>
  </div>
 </body>
</html>
