2614 3912
498 206 812 263 curiosarum
1094 207 1158 272 381

239 375 362 452 Ulpiani
383 375 477 435 verba
498 376 588 451 plena
610 375 683 436 haec
706 378 789 434 sunt:
815 369 959 436 ‘Aristoni
982 379 1013 436 et
1035 377 1159 437 Neratio

148 467 179 524 et
197 464 316 550 Iuliano
339 464 438 526 risum
457 467 512 524 est.
554 482 630 540 quae
650 464 800 524 sententia
818 469 849 524 et
867 464 1079 526 constitutione
1098 466 1161 528 diri

147 553 196 612 Pii
219 553 412 629 comprobata
434 547 500 612 est'.

496 671 547 737 Dc
567 673 818 754 fidecommokssts.

240 779 292 845 21.
328 776 364 844 D.
383 779 435 862 32,
454 778 507 844 95.
554 777 740 844 Maecianus
773 779 856 846 libro
889 780 1028 846 secundo
1055 779 1160 846 Fidei·

149 889 396 1022 {tertull
422 863 1067 1042 {italiaequeQltiutimthtfmtii
1091 874 1161 1041 tlt:

149 1049 288 1131 quantas
310 1067 453 1110 summas
472 1044 635 1110 dictavero
654 1043 793 1111 dedero'.
832 1043 944 1110 Aristo
963 1066 1015 1110 res
1034 1068 1161 1132 quoque

149 1135 335 1220 corporales
363 1133 523 1200 contineri
550 1134 610 1218 ait,
639 1138 674 1199 ut
695 1133 828 1219 praedia
851 1135 1015 1217 mancipia
1036 1137 1161 1201 restem

148 1226 331 1309 argentum,
350 1221 427 1308 quia
445 1225 478 1287 et
494 1222 557 1287 hoc
575 1222 708 1287 verbum
729 1221 891 1307 ‘quantas'
910 1245 975 1288 non
994 1221 1034 1289 ad
1052 1244 1161 1289 nume-

148 1317 256 1379 ratam
279 1312 449 1377 dumtaxat
471 1309 643 1396 pecuniam
665 1311 779 1378 referri
802 1333 841 1376 ex
859 1311 944 1377 dotis
963 1312 1161 1397 relegatione

149 1407 182 1468 et
205 1400 472 1487 stipulationibus
496 1403 623 1484 emptae
646 1399 835 1466 hereditatis
860 1405 994 1486 apparet
1012 1405 1045 1465 et
1062 1400 1161 1466 ‘sum-

148 1489 232 1556 mae’
253 1489 429 1575 appellatio
448 1489 599 1554 similiter
618 1489 720 1573 accipi
739 1488 878 1574 deberet,
896 1493 933 1554 ut
950 1489 984 1554 in
999 1489 1050 1554 his
1065 1509 1162 1573 argu-

149 1579 267 1644 mentis
286 1599 369 1664 quae
388 1579 493 1643 relata
507 1582 616 1643 essent
629 1577 817 1644 ostenditur.
854 1579 1055 1644 voluntatem
1068 1600 1161 1664 prae-

149 1672 239 1733 terea
262 1667 412 1751 defuncti,
435 1687 516 1750 quae
539 1666 679 1731 maxime
702 1667 738 1731 in
755 1667 1012 1734 fideicommissis
1031 1669 1161 1753 valeret,

150 1757 182 1822 ei
211 1756 390 1822 sententiae
418 1754 605 1841 suffragari3
633 1775 737 1839 neque
765 1755 852 1821 enirn
879 1761 956 1842 post
978 1778 1050 1822 eam
1072 1778 1162 1842 prae·

147 1843 307 1911 sationem
337 1843 536 1909 adiecturum
558 1846 748 1909 testatorem
771 1844 870 1910 fuisse
893 1866 945 1910 res
968 1847 1162 1932 corporales,

148 1935 179 2000 si
203 1934 371 2000 dumtaxat
394 1933 564 2019 pecuniam
586 1936 790 1998 numeratam
813 1935 973 2018 praestari
996 1935 1161 2000 voluisset.
1210 1983 1212 1988 ·

237 2042 291 2107 22.
317 2038 357 2104 Ι).
376 2040 428 2124 36,
449 2041 478 2120 1,
494 2040 544 2104 74.
587 2037 786 2124 Pomponius
809 2040 894 2106 libro
918 2046 1033 2125 quarto
1057 2039 1162 2107 Fidei-

149 2133 395 2197 commissorum
418 2125 467 2216 (P.
488 2126 578 2214 218).
601 2163 642 2176 -·
667 2127 770 2194 Heres
793 2133 966 2213 praecepto
989 2129 1089 2196 fundo
1112 2154 1162 2197 ro·

151 2223 246 2304 gatus
269 2222 340 2284 erat
357 2217 567 2282 hereditatem
586 2217 765 2282 restituere.
802 2217 920 2282 fundus
939 2218 1064 2283 alienus
1083 2224 1161 2285 erat.

152 2307 263 2373 Aristo
287 2306 396 2372 aicbat
413 2305 596 2389 ridendum,
619 2311 728 2372 utrum
747 2305 932 2372 omnimodo
952 2327 1051 2389 penes
1071 2308 1160 2374 here·

153 2395 226 2461 dem
255 2396 389 2462 fundum
417 2416 486 2460 esse
514 2395 619 2460 voluit
645 2397 786 2460 testator
813 2415 855 2459 an
885 2395 932 2460 ita
960 2393 1100 2478 demum,
1134 2397 1161 2462 si

151 2486 253 2571 ipsius
278 2491 341 2570 est3
365 2483 421 2550 sed
444 2483 507 2548 sibi
531 2483 678 2568 superius
702 2484 838 2567 placere.

240 2580 416 2659 Sequuntur
433 2577 591 2653 Pomponii
613 2577 720 2637 uerba:
743 2569 881 2657 ‘ideoque
904 2577 1074 2637 aestimatio
1097 2579 1161 2638 eius
1287 2635 1289 2640 .

149 2670 308 2731 retinenda
330 2661 398 2729 est'.

240 2771 292 2837 23.
320 2770 359 2835 D.
374 2769 427 2851 36,
445 2768 539 2850 1,20,
556 2768 583 2833 1.
628 2765 747 2832 Paulus
775 2767 859 2833 libro
887 2767 984 2832 tertio
1009 2767 1049 2833 ad
1073 2765 1162 2834 Sabi·

152 2880 230 2925 num
253 2857 303 2946 (P.
323 2855 449 2945 16380).
476 2894 513 2905 -
540 2855 598 2920 ‘Te
620 2875 716 2941 rogo,
743 2855 820 2920 Luci
843 2855 923 2940 Titi,
949 2856 1162 2923 hereditatem

152 2969 256 3013 meam
281 2968 354 3013 cum
371 2945 466 3012 Attio
489 2943 663 3031 partiaris'.
701 2965 740 3010 ex
763 2950 895 3011 senatus
918 2946 1066 3012 consulto
1085 2945 1162 3013 'Pre-

152 3035 293 3102 belliano
320 3037 354 3100 in
378 3057 465 3120 enm,
493 3035 545 3101 cui
567 3034 719 3100 restituta
741 3037 792 3099 est
813 3033 989 3119 hereditas,
1017 3035 1161 3102 actiones

26 3183 27 3186 ,
153 3128 335 3209 competere
362 3124 474 3190 Aristo
503 3124 562 3208 ait,
592 3125 668 3208 qnia
694 3144 753 3207 pro
781 3123 842 3189 hoc
870 3124 1090 3208 accipiendum
1118 3126 1162 3191 sit

27 3293 28 3298 ἵ
152 3213 245 3298 ‘rogo
267 3212 481 3278 hereditatem
503 3211 594 3277 illam
616 3212 790 3278 restituas'.

243 3306 417 3385 Sequuntur
438 3308 525 3366 haec:
548 3300 613 3366 ‘neo
636 3307 729 3366 verba
751 3310 924 3383 spectantur
947 3309 1069 3367 senatus
1092 3326 1160 3368 con·

153 3395 240 3472 sulti,
272 3396 324 3456 sed
351 3395 500 3456 sententia
527 3394 761 3472 quibuscumque
790 3396 902 3474 verbis,
935 3396 1007 3455 dum
1032 3398 1163 3457 testator

154 3484 290 3561 senserit,
313 3487 347 3544 ut
368 3483 519 3544 hereditas
543 3501 597 3542 sua
619 3478 818 3545 rest-ituatur'.
858 3502 913 3560 pro
937 3477 1071 3544 ‘senatus
1094 3503 1161 3543 con·

30 3589 32 3670 ³,
155 3567 238 3633 sulti’
267 3574 365 3633 Faber
392 3567 634 3632 ‘fideicommissi'
664 3571 823 3647 legendum
850 3575 958 3633 censet.
1004 3574 1036 3632 at
1063 3575 1162 3631 totum

1070 3809 1108 3854 ..Ι
