2602 3906
422 225 446 277 6.
469 218 676 275 IAVOLENUS
693 219 841 276 Palscbs
964 169 971 182 ‘
1067 219 1133 286 453

217 387 517 465 of.[iai.3,119sq.
541 433 548 447 .
586 431 593 447 .
611 389 779 465 quaeritur,
802 389 829 448 si
851 407 955 448 servus
978 393 1032 449 aut
1053 409 1137 465 pere·

132 477 233 554 griuus
262 477 463 554 spoponderit,
486 496 524 536 an
547 496 601 553 pro
630 496 664 537 eo
692 495 817 553 sponsor
839 480 894 538 aut
915 478 1137 554 fidepromissor

133 566 289 644 obligetur.
343 565 500 626 fideiussor
534 583 606 625 vero
644 566 782 626 omnibus
814 567 1046 645 obligationibus

130 655 206 714 adici
231 658 341 731 potest.
387 673 422 714 aa
447 674 485 713 ne
513 653 589 713 illud
611 655 731 730 quidem
753 657 891 730 interest,
915 658 1016 714 utrum
1039 657 1137 717 civilis

130 763 169 802 au
190 744 338 803 naturalis
366 744 509 822 obligatio
533 743 573 803 sit
595 743 644 802 aui
666 743 825 820 adiciatur,
849 745 923 803 adeo
946 745 1079 821 quidem,
1102 748 1138 804 ut

128 852 182 908 pro
214 851 301 892 servo
333 851 450 910 quoque
483 833 650 908 obligetur,
683 833 747 892 sive
779 835 937 892 extraneus
970 834 1010 893 sit
1041 834 1092 912 qui
1120 853 1138 892 a
1237 877 1241 884 .

129 939 215 982 servo
238 921 445 981 fideiussorem
467 921 603 997 arripiat,
626 921 689 982 sive
711 921 776 997 ipse
800 921 937 981 dominus
959 922 992 980 iu
1009 922 1040 980 id
1058 924 1138 999 quod

129 1010 187 1070 sibi
209 1009 362 1070 debeatur.

464 1093 514 1159 De
535 1099 648 1176 reeepto
671 1094 803 1160 arbitrii.

217 1209 269 1274 63.
298 1206 335 1273 D.
349 1208 384 1290 4,
399 1208 433 1289 8,
448 1207 490 1272 39
505 1229 552 1292 pr.
598 1208 770 1274 Iavolenus
798 1209 883 1274 libro
905 1209 1075 1274 undecimo
1099 1232 1138 1273 ex

130 1294 253 1362 Cassio.
284 1333 321 1344 -
353 1297 426 1362 Nara
452 1318 491 1362 err
517 1298 657 1363 ommibus
683 1299 799 1384 sarmit,
826 1318 863 1362 ea
888 1298 999 1380 paritas
1025 1299 1138 1363 arbitri
1198 1326 1200 1330 ¹

122 1387 266 1470 paritum
294 1387 460 1451 sententiae
481 1407 544 1451 aaa
566 1391 621 1468 est,
642 1407 744 1470 poena
766 1407 804 1452 ea
825 1389 1039 1470 compromisso
1061 1408 1138 1452 cam-

128 1475 276 1559 mittitur,
303 1477 356 1540 sed
380 1496 418 1540 err
444 1475 493 1540 dis
519 1476 696 1560 dumtaxat,
722 1497 801 1558 pirae
825 1479 867 1541 ad
888 1477 1067 1541 solationem
1082 1497 1138 1560 pe·

127 1565 237 1629 maiae
247 1568 304 1628 aat
315 1583 437 1646 operam
448 1564 655 1644 praebendam
663 1567 827 1646 pertineat.
858 1564 956 1630 Idem.
984 1570 1138 1630 contrama-

128 1653 210 1716 ciam
233 1653 398 1735 litigatoris
420 1654 535 1717 arbiter
551 1655 668 1735 punire
686 1655 798 1735 poterit
814 1656 979 1735 pemrrriam
997 1656 1138 1720 eumad

127 1742 264 1806 versario
281 1743 356 1806 dare
374 1741 511 1806 iubenda.
536 1763 595 1824 pao
616 1745 651 1807 ia
669 1763 796 1807 numero
813 1742 919 1807 dabem'
935 1764 998 1808 aaa
1016 1749 1139 1828 opertet,

128 1831 158 1895 si
180 1831 301 1894 testium
323 1831 452 1894 nomina
474 1852 511 1896 aa
528 1833 679 1896 smterrtia
696 1833 807 1896 arbitri
824 1831 959 1897 exhibita
976 1853 1039 1897 aaa
1057 1838 1138 1898 suat.

218 1941 293 2001 Uter
321 1935 424 2001 ‘idem'
448 1942 501 2020 sit,
529 1940 649 2003 Cassius
673 1962 713 2002 au
734 1943 907 2021 Iavolenus,
935 1943 1060 2003 dubium
1082 1946 1137 2004 est.

218 2052 269 2116 64.
298 2051 337 2117 D.
351 2052 427 2118 ibid.
443 2055 463 2133 ξ
481 2053 507 2118 1.
529 2091 567 2100 -
589 2054 667 2120 Cam
689 2055 803 2118 arbiter
824 2055 905 2119 dr‘em
927 2056 1139 2138 compromissi

121 2139 261 2224 proferri
284 2141 382 2224 iussit,
405 2163 473 2206 eum
495 2142 549 2207 hoa
571 2144 803 2226 eipermissam
825 2148 876 2228 est,
898 2145 1026 2210 atterius
1049 2165 1137 2208 mora

130 2231 223 2294 alteri
244 2229 288 2294 ad
303 2251 437 2312 pomam
459 2233 703 2298 committendam
720 2234 855 2315 prodest.
938 2318 942 2328 ι

535 2458 642 2518 Liber
663 2459 731 2520 XII.

218 2579 293 2640 Cum
315 2581 362 2640 his
386 2582 562 2660 fragmentis
586 2585 706 2642 tantum
730 2582 765 2642 de
783 2583 899 2658 peculio
919 2585 951 2642 et
969 2581 1005 2641 de
1023 2582 1055 2640 in
1073 2601 1137 2640 rem

126 2687 217 2730 verso
240 2673 361 2748 agatur,
383 2690 444 2731 non
466 2674 577 2748 agatur
599 2672 636 2730 de
659 2671 835 2731 exercitoria
856 2672 905 2730 vel
928 2672 964 2731 de
986 2671 1137 2730 institoria

125 2759 258 2834 satione,
286 2759 322 2818 de
349 2760 387 2819 iis
414 2759 545 2838 negotiis
574 2777 671 2820 sermo
698 2761 791 2820 fuisse
814 2759 947 2838 videtur,
974 2778 1050 2835 quae
1074 2759 1136 2819 sine

124 2848 213 2906 iussu
238 2848 288 2907 vel
315 2848 470 2908 voluntate
496 2848 593 2923 patris
622 2849 771 2909 dominive
798 2851 951 2909 eontracta
976 2853 1053 2908 suut.
1099 2849 1136 2910 oi.

124 2935 201 2996 lust.
216 2937 246 3014 4,
263 2939 291 3015 7,
306 2938 334 2995 4.
363 2935 427 2996 Gai.
442 2939 471 3012 4,
489 2939 538 2997 71.
584 2927 675 3019 (quae
699 2937 791 2997 Gaius
815 2931 863 2997 ‘de
886 2937 1002 2997 actione
1024 2957 1083 3014 qua
1105 2940 1137 2998 in

123 3023 278 3102 peculium
300 3025 429 3085 filiorum
447 3026 578 3086 familias
598 3046 812 3106 servorumque
831 3020 953 3105 agitur’,
976 3046 1007 3086 se
1026 3026 1137 3087 dixisse

124 3116 158 3190 4,
174 3115 214 3174 69
238 3113 345 3191 tradit,
369 3133 404 3173 ea
426 3116 459 3173 in
481 3115 582 3175 codiee
605 3116 667 3194 legi
689 3135 748 3177 non
770 3109 955 3199 potuerunt.)

533 3287 583 3353 De
599 3290 728 3370 peculia.

217 3401 269 3467 65.
293 3401 332 3468 D.
345 3402 395 3484 15,
408 3403 559 3487 1‚33.35.
595 3401 765 3468 Iavolenus
787 3405 871 3469 libro
890 3388 1079 3468 duodecimo
1098 3426 1137 3468 ex

126 3489 252 3558 Cassio.
275 3527 317 3540 -
341 3491 403 3557 Sed
423 3493 453 3556 si
473 3493 544 3573 qais
568 3511 688 3556 sermm
711 3494 757 3556 ita
779 3494 926 3570 vendidit,
948 3498 984 3556 at
999 3492 1136 3573 pretium

117 3602 183 3664 pra
205 3580 327 3664 peculio
354 3581 511 3665 arriperet,
532 3599 627 3662 peaes
653 3600 722 3644 eum
749 3582 867 3645 aidetm
892 3600 954 3646 esse
972 3580 1137 3661 peculiam,
