<?xml version="1.0" encoding="UTF-8"?>
<!DOCTYPE html PUBLIC "-//W3C//DTD XHTML 1.0 Transitional//EN"
    "http://www.w3.org/TR/xhtml1/DTD/xhtml1-transitional.dtd">
<html xmlns="http://www.w3.org/1999/xhtml" xml:lang="en" lang="en">
 <head>
  <title>
</title>
<meta http-equiv="Content-Type" content="text/html;charset=utf-8" />
  <meta name='ocr-system' content='tesseract 3.04.00' />
  <meta name='ocr-capabilities' content='ocr_page ocr_carea ocr_par ocr_line ocrx_word'/>
</head>
<body>
  <div class='ocr_page' id='page_1' title='image "./iurisprudentiae03bremgoog_0261.png"; bbox 0 0 2580 3900; ppageno 0'>
   <div class='ocr_carea' id='block_1_1' title="bbox 510 209 1125 282">
    <p class='ocr_par' dir='ltr' id='par_1_1' title="bbox 510 209 1125 282">
     <span class='ocr_line' id='line_1_1' title="bbox 510 209 1125 282; baseline -0.016 -12"><span class='ocrx_word' id='word_1_1' title='bbox 510 217 535 270; x_wconf 79' lang='grc' dir='ltr'>ι.</span> <span class='ocrx_word' id='word_1_2' title='bbox 554 209 734 272; x_wconf 70' lang='lat' dir='ltr'>susumus</span> <span class='ocrx_word' id='word_1_3' title='bbox 1060 211 1125 282; x_wconf 78' lang='lat'>231</span> 
     </span>
    </p>
   </div>
   <div class='ocr_carea' id='block_1_2' title="bbox 19 391 730 554">
    <p class='ocr_par' dir='ltr' id='par_1_2' title="bbox 19 391 730 554">
     <span class='ocr_line' id='line_1_2' title="bbox 19 391 730 554; baseline -0.01 -89"><span class='ocrx_word' id='word_1_4' title='bbox 19 421 21 554; x_wconf 55' lang='lat' dir='ltr'>p</span> <span class='ocrx_word' id='word_1_5' title='bbox 511 391 562 458; x_wconf 77' lang='lat' dir='ltr'>De</span> <span class='ocrx_word' id='word_1_6' title='bbox 583 393 730 462; x_wconf 69' lang='lat' dir='ltr'>scaeua.</span> 
     </span>
    </p>
   </div>
   <div class='ocr_carea' id='block_1_3' title="bbox 19 498 1127 1103">
    <p class='ocr_par' dir='ltr' id='par_1_3' title="bbox 198 498 1126 584">
     <span class='ocr_line' id='line_1_3' title="bbox 198 498 1126 584; baseline 0 -18"><span class='ocrx_word' id='word_1_7' title='bbox 198 501 265 566; x_wconf 77' lang='lat'>29?</span> <span class='ocrx_word' id='word_1_8' title='bbox 290 499 330 566; x_wconf 90' lang='lat' dir='ltr'>D.</span> <span class='ocrx_word' id='word_1_9' title='bbox 348 501 398 584; x_wconf 90' lang='lat'>10,</span> <span class='ocrx_word' id='word_1_10' title='bbox 412 500 443 582; x_wconf 83' lang='lat'>3,</span> <span class='ocrx_word' id='word_1_11' title='bbox 459 500 509 582; x_wconf 82' lang='lat'>14,</span> <span class='ocrx_word' id='word_1_12' title='bbox 523 501 553 566; x_wconf 88' lang='grc'>3.</span> <span class='ocrx_word' id='word_1_13' title='bbox 594 498 715 565; x_wconf 86' lang='lat' dir='ltr'>Paulus</span> <span class='ocrx_word' id='word_1_14' title='bbox 738 500 823 565; x_wconf 86' lang='lat' dir='ltr'>libro</span> <span class='ocrx_word' id='word_1_15' title='bbox 846 501 944 566; x_wconf 88' lang='lat' dir='ltr'>tertio</span> <span class='ocrx_word' id='word_1_16' title='bbox 967 501 1008 570; x_wconf 79' lang='lat' dir='ltr'>ad</span> <span class='ocrx_word' id='word_1_17' title='bbox 1030 499 1126 566; x_wconf 77' lang='lat' dir='ltr'>Plau·</span> 
     </span>
    </p>

    <p class='ocr_par' dir='ltr' id='par_1_4' title="bbox 110 586 1127 742">
     <span class='ocr_line' id='line_1_4' title="bbox 110 586 1127 742; baseline 0 -88"><span class='ocrx_word' id='word_1_18' title='bbox 110 591 191 662; x_wconf 86' lang='lat' dir='ltr'>tium</span> <span class='ocrx_word' id='word_1_19' title='bbox 225 587 276 678; x_wconf 87' lang='lat' dir='ltr'>(P.</span> <span class='ocrx_word' id='word_1_20' title='bbox 298 586 411 742; x_wconf 62' lang='lat' dir='ltr'>1087t).</span> <span class='ocrx_word' id='word_1_21' title='bbox 441 624 485 636; x_wconf 91' lang='lat'>-</span> <span class='ocrx_word' id='word_1_22' title='bbox 517 587 552 653; x_wconf 86' lang='lat' dir='ltr'>Si</span> <span class='ocrx_word' id='word_1_23' title='bbox 584 589 670 654; x_wconf 86' lang='lat' dir='ltr'>inter</span> <span class='ocrx_word' id='word_1_24' title='bbox 701 590 806 654; x_wconf 87' lang='lat' dir='ltr'>socios</span> <span class='ocrx_word' id='word_1_25' title='bbox 836 589 1054 674; x_wconf 86' lang='lat' dir='ltr'>convenisset,</span> <span class='ocrx_word' id='word_1_26' title='bbox 1085 612 1127 655; x_wconf 87' lang='lat' dir='ltr'>ne</span> 
     </span>
    </p>

    <p class='ocr_par' dir='ltr' id='par_1_5' title="bbox 19 677 1126 781">
     <span class='ocr_line' id='line_1_5' title="bbox 19 677 1126 781; baseline -0.001 -37"><span class='ocrx_word' id='word_1_27' title='bbox 19 747 20 760; x_wconf 19' lang='lat'>¹</span> <span class='ocrx_word' id='word_1_28' title='bbox 109 679 196 750; x_wconf 80' lang='lat' dir='ltr'>intra</span> <span class='ocrx_word' id='word_1_29' title='bbox 224 682 393 748; x_wconf 89' lang='lat' dir='ltr'>certumt</span> <span class='ocrx_word' id='word_1_30' title='bbox 394 699 507 781; x_wconf 85' lang='lat' dir='ltr'>empus</span> <span class='ocrx_word' id='word_1_31' title='bbox 535 677 672 746; x_wconf 76' lang='lat' dir='ltr'>societas</span> <span class='ocrx_word' id='word_1_32' title='bbox 704 677 910 762; x_wconf 86' lang='lat' dir='ltr'>divideretur,</span> <span class='ocrx_word' id='word_1_33' title='bbox 943 679 1022 763; x_wconf 88' lang='lat' dir='ltr'>quin</span> <span class='ocrx_word' id='word_1_34' title='bbox 1048 701 1126 745; x_wconf 83' lang='lat' dir='ltr'>ven-</span> 
     </span>
    </p>

    <p class='ocr_par' dir='ltr' id='par_1_6' title="bbox 110 730 1125 854">
     <span class='ocr_line' id='line_1_6' title="bbox 110 730 1125 854; baseline 0 -21"><span class='ocrx_word' id='word_1_35' title='bbox 110 768 184 833; x_wconf 82' lang='lat' dir='ltr'>dere</span> <span class='ocrx_word' id='word_1_36' title='bbox 212 767 312 832; x_wconf 85' lang='lat' dir='ltr'>liceat</span> <span class='ocrx_word' id='word_1_37' title='bbox 334 767 377 850; x_wconf 90' lang='lat' dir='ltr'>ei,</span> <span class='ocrx_word' id='word_1_38' title='bbox 405 767 460 851; x_wconf 90' lang='lat' dir='ltr'>qui</span> <span class='ocrx_word' id='word_1_39' title='bbox 487 766 546 830; x_wconf 86' lang='lat' dir='ltr'>tali</span> <span class='ocrx_word' id='word_1_40' title='bbox 575 767 786 832; x_wconf 82' lang='lat' dir='ltr'>conventione</span> <span class='ocrx_word' id='word_1_41' title='bbox 812 730 954 854; x_wconf 74' lang='lat' dir='ltr'>tenetur,</span> <span class='ocrx_word' id='word_1_42' title='bbox 979 790 1046 834; x_wconf 88' lang='lat' dir='ltr'>non</span> <span class='ocrx_word' id='word_1_43' title='bbox 1076 771 1125 833; x_wconf 90' lang='lat' dir='ltr'>est</span> 
     </span>
    </p>

    <p class='ocr_par' dir='ltr' id='par_1_7' title="bbox 110 855 1125 942">
     <span class='ocr_line' id='line_1_7' title="bbox 110 855 1125 942; baseline 0 -21"><span class='ocrx_word' id='word_1_44' title='bbox 110 857 257 942; x_wconf 80' lang='lat' dir='ltr'>dubium3</span> <span class='ocrx_word' id='word_1_45' title='bbox 297 877 396 940; x_wconf 87' lang='lat' dir='ltr'>quare</span> <span class='ocrx_word' id='word_1_46' title='bbox 433 858 561 940; x_wconf 88' lang='lat' dir='ltr'>emptor</span> <span class='ocrx_word' id='word_1_47' title='bbox 596 876 722 940; x_wconf 89' lang='lat' dir='ltr'>quoque</span> <span class='ocrx_word' id='word_1_48' title='bbox 754 856 918 921; x_wconf 89' lang='lat' dir='ltr'>communi</span> <span class='ocrx_word' id='word_1_49' title='bbox 950 855 1125 922; x_wconf 87' lang='lat' dir='ltr'>dividundo</span> 
     </span>
    </p>

    <p class='ocr_par' dir='ltr' id='par_1_8' title="bbox 110 939 1126 1103">
     <span class='ocr_line' id='line_1_8' title="bbox 110 939 1126 1032; baseline 0.001 -22"><span class='ocrx_word' id='word_1_50' title='bbox 110 946 235 1032; x_wconf 78' lang='lat' dir='ltr'>agendo</span> <span class='ocrx_word' id='word_1_51' title='bbox 264 945 377 1010; x_wconf 90' lang='lat' dir='ltr'>eadem</span> <span class='ocrx_word' id='word_1_52' title='bbox 404 944 590 1029; x_wconf 76' lang='lat' dir='ltr'><strong>exceptione</strong></span> <span class='ocrx_word' id='word_1_53' title='bbox 618 939 885 1028; x_wconf 65' lang='lat' dir='ltr'><strong>summovebitur,</strong></span> <span class='ocrx_word' id='word_1_54' title='bbox 917 967 981 1030; x_wconf 87' lang='lat' dir='ltr'>qua</span> <span class='ocrx_word' id='word_1_55' title='bbox 1012 951 1126 1011; x_wconf 88' lang='lat' dir='ltr'>auctor</span> 
     </span>
     <span class='ocr_line' id='line_1_9' title="bbox 110 1037 469 1103; baseline -0.011 -3"><span class='ocrx_word' id='word_1_56' title='bbox 110 1037 178 1103; x_wconf 87' lang='lat' dir='ltr'>aius</span> <span class='ocrx_word' id='word_1_57' title='bbox 201 1037 469 1103; x_wconf 80' lang='lat' dir='ltr'>summoveretur.</span> 
     </span>
    </p>
   </div>
   <div class='ocr_carea' id='block_1_4' title="bbox 108 1142 1152 1386">
    <p class='ocr_par' dir='ltr' id='par_1_9' title="bbox 108 1142 1152 1386">
     <span class='ocr_line' id='line_1_10' title="bbox 198 1142 1125 1222; baseline -0.009 -13"><span class='ocrx_word' id='word_1_58' title='bbox 198 1145 355 1208; x_wconf 85' lang='lat' dir='ltr'>Plautium</span> <span class='ocrx_word' id='word_1_59' title='bbox 368 1145 464 1222; x_wconf 79' lang='lat' dir='ltr'>igitur</span> <span class='ocrx_word' id='word_1_60' title='bbox 474 1143 578 1207; x_wconf 78' lang='lat' dir='ltr'>Sebini</span> <span class='ocrx_word' id='word_1_61' title='bbox 591 1143 719 1208; x_wconf 79' lang='lat' dir='ltr'>sentent</span> <span class='ocrx_word' id='word_1_62' title='bbox 710 1163 771 1208; x_wconf 77' lang='lat' dir='ltr'>uam</span> <span class='ocrx_word' id='word_1_63' title='bbox 785 1144 823 1204; x_wconf 82' lang='lat' dir='ltr'>ab</span> <span class='ocrx_word' id='word_1_64' title='bbox 837 1142 966 1220; x_wconf 80' lang='lat' dir='ltr'>Ulpiano</span> <span class='ocrx_word' id='word_1_65' title='bbox 983 1143 1125 1208; x_wconf 86' lang='lat' dir='ltr'>reiectam</span> 
     </span>
     <span class='ocr_line' id='line_1_11' title="bbox 108 1225 1152 1386; baseline -0.048 -78"><span class='ocrx_word' id='word_1_66' title='bbox 108 1227 223 1386; x_wconf 52' lang='lat' dir='ltr'>ffiigt,</span> <span class='ocrx_word' id='word_1_67' title='bbox 236 1236 355 1311; x_wconf 86' lang='grc'>2,16,1</span> <span class='ocrx_word' id='word_1_68' title='bbox 368 1225 606 1314; x_wconf 78' lang='lat' dir='ltr'>v.11‚1p.496)</span> <span class='ocrx_word' id='word_1_69' title='bbox 621 1233 717 1294; x_wconf 82' lang='lat' dir='ltr'>videri</span> <span class='ocrx_word' id='word_1_70' title='bbox 733 1232 866 1297; x_wconf 86' lang='lat' dir='ltr'>tenuisse</span> <span class='ocrx_word' id='word_1_71' title='bbox 880 1233 1004 1376; x_wconf 44' lang='lat' dir='ltr'>Persice</span> <span class='ocrx_word' id='word_1_72' title='bbox 1019 1233 1044 1310; x_wconf 53' lang='grc' dir='ltr'>Ι,</span> <span class='ocrx_word' id='word_1_73' title='bbox 1059 1236 1123 1296; x_wconf 75' lang='lat'>434</span> <span class='ocrx_word' id='word_1_74' title='bbox 1147 1244 1152 1258; x_wconf 85' lang='lat'><em>.</em></span> 
     </span>
    </p>
   </div>
   <div class='ocr_carea' id='block_1_5' title="bbox 477 1423 763 1489">
    <p class='ocr_par' dir='ltr' id='par_1_10' title="bbox 477 1423 763 1489">
     <span class='ocr_line' id='line_1_12' title="bbox 477 1423 763 1489; baseline -0.003 0"><span class='ocrx_word' id='word_1_75' title='bbox 477 1423 526 1489; x_wconf 83' lang='lat' dir='ltr'>Dc</span> <span class='ocrx_word' id='word_1_76' title='bbox 548 1424 617 1489; x_wconf 77' lang='lat' dir='ltr'>iare</span> <span class='ocrx_word' id='word_1_77' title='bbox 638 1424 763 1488; x_wconf 77' lang='lat' dir='ltr'>dotium.</span> 
     </span>
    </p>
   </div>
   <div class='ocr_carea' id='block_1_6' title="bbox 51 1528 1123 2592">
    <p class='ocr_par' dir='ltr' id='par_1_11' title="bbox 51 1528 1123 2592">
     <span class='ocr_line' id='line_1_13' title="bbox 197 1528 1122 1614; baseline -0.002 -17"><span class='ocrx_word' id='word_1_78' title='bbox 197 1529 264 1597; x_wconf 76' lang='lat'>30?</span> <span class='ocrx_word' id='word_1_79' title='bbox 292 1530 332 1595; x_wconf 90' lang='lat' dir='ltr'>D.</span> <span class='ocrx_word' id='word_1_80' title='bbox 349 1532 400 1613; x_wconf 91' lang='grc'>12,</span> <span class='ocrx_word' id='word_1_81' title='bbox 413 1531 444 1614; x_wconf 90' lang='grc'>4,</span> <span class='ocrx_word' id='word_1_82' title='bbox 458 1530 488 1612; x_wconf 88' lang='grc'>9,</span> <span class='ocrx_word' id='word_1_83' title='bbox 506 1531 532 1594; x_wconf 98' lang='grc'>1.</span> <span class='ocrx_word' id='word_1_84' title='bbox 578 1528 699 1602; x_wconf 87' lang='lat' dir='ltr'>Paulus</span> <span class='ocrx_word' id='word_1_85' title='bbox 726 1528 810 1594; x_wconf 91' lang='lat' dir='ltr'>libro</span> <span class='ocrx_word' id='word_1_86' title='bbox 835 1531 974 1613; x_wconf 90' lang='lat' dir='ltr'>septimo</span> <span class='ocrx_word' id='word_1_87' title='bbox 998 1529 1122 1596; x_wconf 88' lang='lat' dir='ltr'>decimo</span> 
     </span>
     <span class='ocr_line' id='line_1_14' title="bbox 111 1616 1123 1722; baseline -0.003 -36"><span class='ocrx_word' id='word_1_88' title='bbox 111 1621 149 1686; x_wconf 92' lang='lat' dir='ltr'>ad</span> <span class='ocrx_word' id='word_1_89' title='bbox 165 1621 334 1687; x_wconf 90' lang='lat' dir='ltr'>Plautium</span> <span class='ocrx_word' id='word_1_90' title='bbox 352 1617 400 1722; x_wconf 81' lang='grc' dir='ltr'>(Ρ.</span> <span class='ocrx_word' id='word_1_91' title='bbox 418 1616 590 1706; x_wconf 66' lang='grc'>1237)-</span> <span class='ocrx_word' id='word_1_92' title='bbox 546 1617 644 1682; x_wconf 85' lang='lat' dir='ltr'>-Si</span> <span class='ocrx_word' id='word_1_93' title='bbox 663 1618 735 1704; x_wconf 89' lang='lat' dir='ltr'>quis</span> <span class='ocrx_word' id='word_1_94' title='bbox 753 1617 933 1690; x_wconf 73' lang='lat' dir='ltr'>indebitam</span> <span class='ocrx_word' id='word_1_95' title='bbox 951 1618 1123 1703; x_wconf 87' lang='lat' dir='ltr'>pecuniam</span> 
     </span>
     <span class='ocr_line' id='line_1_15' title="bbox 131 1705 1123 1793; baseline 0.001 -19"><span class='ocrx_word' id='word_1_96' title='bbox 131 1732 164 1776; x_wconf 88' lang='lat' dir='ltr'>er</span> <span class='ocrx_word' id='word_1_97' title='bbox 197 1730 339 1775; x_wconf 81' lang='lat' dir='ltr'>errorem</span> <span class='ocrx_word' id='word_1_98' title='bbox 371 1709 462 1773; x_wconf 89' lang='lat' dir='ltr'>iussu</span> <span class='ocrx_word' id='word_1_99' title='bbox 491 1705 636 1774; x_wconf 88' lang='lat' dir='ltr'>mulieris</span> <span class='ocrx_word' id='word_1_100' title='bbox 669 1729 789 1793; x_wconf 90' lang='lat' dir='ltr'>sponso</span> <span class='ocrx_word' id='word_1_101' title='bbox 823 1705 891 1778; x_wconf 80' lang='lat' dir='ltr'>eius</span> <span class='ocrx_word' id='word_1_102' title='bbox 919 1707 1123 1792; x_wconf 73' lang='lat' dir='ltr'><strong>promisisset</strong></span> 
     </span>
     <span class='ocr_line' id='line_1_16' title="bbox 108 1733 1122 1888; baseline -0.002 -24"><span class='ocrx_word' id='word_1_103' title='bbox 108 1733 295 1887; x_wconf 62' lang='lat' dir='ltr'>ddixissett)</span> <span class='ocrx_word' id='word_1_104' title='bbox 320 1801 352 1862; x_wconf 88' lang='lat' dir='ltr'>et</span> <span class='ocrx_word' id='word_1_105' title='bbox 373 1797 506 1888; x_wconf 85' lang='lat' dir='ltr'>nuptiae</span> <span class='ocrx_word' id='word_1_106' title='bbox 530 1799 659 1861; x_wconf 87' lang='lat' dir='ltr'>secutae</span> <span class='ocrx_word' id='word_1_107' title='bbox 678 1797 826 1880; x_wconf 83' lang='lat' dir='ltr'>fuissent,</span> <span class='ocrx_word' id='word_1_108' title='bbox 849 1798 1036 1881; x_wconf 76' lang='lat' dir='ltr'>exceptione</span> <span class='ocrx_word' id='word_1_109' title='bbox 1055 1797 1122 1862; x_wconf 92' lang='lat' dir='ltr'>doli</span> 
     </span>
     <span class='ocr_line' id='line_1_17' title="bbox 51 1885 1122 1972; baseline 0.002 -18"><span class='ocrx_word' id='word_1_110' title='bbox 51 1949 53 1954; x_wconf 83' lang='grc'><strong>.</strong></span> <span class='ocrx_word' id='word_1_111' title='bbox 109 1890 186 1955; x_wconf 78' lang='lat' dir='ltr'>medi</span> <span class='ocrx_word' id='word_1_112' title='bbox 218 1889 269 1953; x_wconf 91' lang='lat' dir='ltr'>uti</span> <span class='ocrx_word' id='word_1_113' title='bbox 297 1908 362 1952; x_wconf 91' lang='lat' dir='ltr'>non</span> <span class='ocrx_word' id='word_1_114' title='bbox 394 1889 513 1970; x_wconf 80' lang='lat' dir='ltr'>potest3</span> <span class='ocrx_word' id='word_1_115' title='bbox 548 1885 686 1956; x_wconf 84' lang='lat' dir='ltr'>maritus</span> <span class='ocrx_word' id='word_1_116' title='bbox 719 1885 805 1949; x_wconf 90' lang='lat' dir='ltr'>enim</span> <span class='ocrx_word' id='word_1_117' title='bbox 834 1907 928 1950; x_wconf 88' lang='lat' dir='ltr'>suum</span> <span class='ocrx_word' id='word_1_118' title='bbox 955 1887 1122 1972; x_wconf 78' lang='lat' dir='ltr'>negotium</span> 
     </span>
     <span class='ocr_line' id='line_1_18' title="bbox 111 1973 1121 2064; baseline -0.003 -21"><span class='ocrx_word' id='word_1_119' title='bbox 111 1979 195 2064; x_wconf 78' lang='lat' dir='ltr'>gerit</span> <span class='ocrx_word' id='word_1_120' title='bbox 223 1981 257 2041; x_wconf 90' lang='lat' dir='ltr'>et</span> <span class='ocrx_word' id='word_1_121' title='bbox 279 1975 362 2040; x_wconf 90' lang='lat' dir='ltr'>nihil</span> <span class='ocrx_word' id='word_1_122' title='bbox 385 1975 459 2040; x_wconf 88' lang='lat' dir='ltr'>dolo</span> <span class='ocrx_word' id='word_1_123' title='bbox 482 1974 611 2040; x_wconf 87' lang='lat' dir='ltr'>facit..</span> <span class='ocrx_word' id='word_1_124' title='bbox 625 1973 758 2040; x_wconf 89' lang='lat' dir='ltr'>.&#39;sed</span> <span class='ocrx_word' id='word_1_125' title='bbox 732 1995 761 2039; x_wconf 82' lang='grc' dir='ltr'>ιι</span> <span class='ocrx_word' id='word_1_126' title='bbox 784 1975 890 2041; x_wconf 89' lang='lat' dir='ltr'>soluto</span> <span class='ocrx_word' id='word_1_127' title='bbox 856 1976 1121 2042; x_wconf 85' lang='lat' dir='ltr'>tmatrimonio</span> 
     </span>
     <span class='ocr_line' id='line_1_19' title="bbox 109 2063 1121 2148; baseline -0.004 -16"><span class='ocrx_word' id='word_1_128' title='bbox 109 2068 245 2132; x_wconf 87' lang='lat' dir='ltr'>maritus</span> <span class='ocrx_word' id='word_1_129' title='bbox 268 2068 406 2148; x_wconf 87' lang='lat' dir='ltr'>peteret,</span> <span class='ocrx_word' id='word_1_130' title='bbox 434 2064 469 2128; x_wconf 89' lang='lat' dir='ltr'>in</span> <span class='ocrx_word' id='word_1_131' title='bbox 492 2085 530 2129; x_wconf 91' lang='lat' dir='ltr'>eo</span> <span class='ocrx_word' id='word_1_132' title='bbox 554 2063 723 2136; x_wconf 74' lang='lat' dir='ltr'><strong>dumtaxat</strong></span> <span class='ocrx_word' id='word_1_133' title='bbox 746 2063 967 2148; x_wconf 78' lang='lat' dir='ltr'>exceptionem</span> <span class='ocrx_word' id='word_1_134' title='bbox 991 2067 1121 2131; x_wconf 87' lang='lat' dir='ltr'>obstare</span> 
     </span>
     <span class='ocr_line' id='line_1_20' title="bbox 109 2153 796 2238; baseline -0.004 -18"><span class='ocrx_word' id='word_1_135' title='bbox 109 2155 238 2235; x_wconf 89' lang='lat' dir='ltr'>debere,</span> <span class='ocrx_word' id='word_1_136' title='bbox 261 2154 348 2238; x_wconf 90' lang='lat' dir='ltr'>quod</span> <span class='ocrx_word' id='word_1_137' title='bbox 371 2153 486 2218; x_wconf 89' lang='lat' dir='ltr'>mulier</span> <span class='ocrx_word' id='word_1_138' title='bbox 509 2155 678 2235; x_wconf 88' lang='lat' dir='ltr'>receptura</span> <span class='ocrx_word' id='word_1_139' title='bbox 701 2156 796 2218; x_wconf 83' lang='lat' dir='ltr'>esset</span> 
     </span>
     <span class='ocr_line' id='line_1_21' title="bbox 196 2205 1120 2328; baseline -0.001 -19"><span class='ocrx_word' id='word_1_140' title='bbox 196 2205 250 2311; x_wconf 82' lang='grc' dir='ltr'>3ι.</span> <span class='ocrx_word' id='word_1_141' title='bbox 274 2241 313 2314; x_wconf 83' lang='grc'>1).</span> <span class='ocrx_word' id='word_1_142' title='bbox 328 2243 381 2323; x_wconf 92' lang='grc'>23,</span> <span class='ocrx_word' id='word_1_143' title='bbox 395 2242 425 2324; x_wconf 89' lang='grc'>3,</span> <span class='ocrx_word' id='word_1_144' title='bbox 439 2241 492 2324; x_wconf 79' lang='lat'>56,</span> <span class='ocrx_word' id='word_1_145' title='bbox 507 2243 536 2307; x_wconf 86' lang='lat'>3.</span> <span class='ocrx_word' id='word_1_146' title='bbox 576 2239 667 2306; x_wconf 89' lang='lat' dir='ltr'>ldem</span> <span class='ocrx_word' id='word_1_147' title='bbox 691 2243 747 2324; x_wconf 90' lang='lat' dir='ltr'>(sc.</span> <span class='ocrx_word' id='word_1_148' title='bbox 765 2238 901 2328; x_wconf 87' lang='lat' dir='ltr'>Paulus)</span> <span class='ocrx_word' id='word_1_149' title='bbox 923 2242 1007 2307; x_wconf 85' lang='lat' dir='ltr'>libro</span> <span class='ocrx_word' id='word_1_150' title='bbox 1030 2247 1120 2308; x_wconf 85' lang='lat' dir='ltr'>sexto</span> 
     </span>
     <span class='ocr_line' id='line_1_22' title="bbox 109 2327 1120 2418; baseline -0.004 -19"><span class='ocrx_word' id='word_1_151' title='bbox 109 2333 147 2398; x_wconf 80' lang='lat' dir='ltr'>ad</span> <span class='ocrx_word' id='word_1_152' title='bbox 174 2332 340 2399; x_wconf 88' lang='lat' dir='ltr'>Plautium</span> <span class='ocrx_word' id='word_1_153' title='bbox 367 2327 418 2418; x_wconf 88' lang='lat' dir='ltr'>(P.</span> <span class='ocrx_word' id='word_1_154' title='bbox 439 2327 549 2416; x_wconf 90' lang='grc'>1128).</span> <span class='ocrx_word' id='word_1_155' title='bbox 577 2365 620 2378; x_wconf 90' lang='lat'><em>-</em></span> <span class='ocrx_word' id='word_1_156' title='bbox 649 2328 684 2395; x_wconf 82' lang='lat' dir='ltr'>Si</span> <span class='ocrx_word' id='word_1_157' title='bbox 715 2329 852 2414; x_wconf 90' lang='lat' dir='ltr'>pecunia</span> <span class='ocrx_word' id='word_1_158' title='bbox 881 2336 913 2394; x_wconf 89' lang='lat' dir='ltr'>et</span> <span class='ocrx_word' id='word_1_159' title='bbox 939 2329 1058 2396; x_wconf 88' lang='lat' dir='ltr'>fundus</span> <span class='ocrx_word' id='word_1_160' title='bbox 1085 2332 1120 2395; x_wconf 93' lang='lat' dir='ltr'>in</span> 
     </span>
     <span class='ocr_line' id='line_1_23' title="bbox 109 2417 1120 2504; baseline -0.004 -15"><span class='ocrx_word' id='word_1_161' title='bbox 109 2421 184 2489; x_wconf 89' lang='lat' dir='ltr'>dote</span> <span class='ocrx_word' id='word_1_162' title='bbox 214 2423 283 2486; x_wconf 83' lang='lat' dir='ltr'>sint</span> <span class='ocrx_word' id='word_1_163' title='bbox 310 2425 343 2484; x_wconf 88' lang='lat' dir='ltr'>et</span> <span class='ocrx_word' id='word_1_164' title='bbox 369 2419 570 2485; x_wconf 84' lang='lat' dir='ltr'>necessariae</span> <span class='ocrx_word' id='word_1_165' title='bbox 596 2420 761 2504; x_wconf 90' lang='lat' dir='ltr'>impensae</span> <span class='ocrx_word' id='word_1_166' title='bbox 787 2419 822 2484; x_wconf 90' lang='lat' dir='ltr'>in</span> <span class='ocrx_word' id='word_1_167' title='bbox 848 2417 984 2483; x_wconf 80' lang='lat' dir='ltr'>fundum</span> <span class='ocrx_word' id='word_1_168' title='bbox 1006 2421 1120 2501; x_wconf 82' lang='lat' dir='ltr'>factae,</span> 
     </span>
     <span class='ocr_line' id='line_1_24' title="bbox 108 2507 794 2592; baseline -0.009 -16"><span class='ocrx_word' id='word_1_169' title='bbox 108 2509 216 2577; x_wconf 80' lang='lat' dir='ltr'>Nerva</span> <span class='ocrx_word' id='word_1_170' title='bbox 241 2509 420 2575; x_wconf 56' lang='lat' dir='ltr'>ait&#39;dotem</span> <span class='ocrx_word' id='word_1_171' title='bbox 442 2507 661 2592; x_wconf 75' lang='lat' dir='ltr'>pecuniariam</span> <span class='ocrx_word' id='word_1_172' title='bbox 684 2508 794 2572; x_wconf 86' lang='lat' dir='ltr'>minui.</span> 
     </span>
    </p>
   </div>
   <div class='ocr_carea' id='block_1_7' title="bbox 106 2592 1120 3395">
    <p class='ocr_par' dir='ltr' id='par_1_12' title="bbox 106 2592 1120 3395">
     <span class='ocr_line' id='line_1_25' title="bbox 195 2592 1119 2681; baseline -0.004 -16"><span class='ocrx_word' id='word_1_173' title='bbox 195 2600 248 2665; x_wconf 91' lang='grc'>32.</span> <span class='ocrx_word' id='word_1_174' title='bbox 277 2598 317 2663; x_wconf 92' lang='lat' dir='ltr'>D.</span> <span class='ocrx_word' id='word_1_175' title='bbox 331 2598 384 2678; x_wconf 86' lang='lat'>50,</span> <span class='ocrx_word' id='word_1_176' title='bbox 400 2597 451 2678; x_wconf 87' lang='grc'>16,</span> <span class='ocrx_word' id='word_1_177' title='bbox 465 2599 483 2662; x_wconf 76' lang='lat'><strong>7</strong></span> <span class='ocrx_word' id='word_1_178' title='bbox 487 2597 516 2662; x_wconf 89' lang='lat'>9.</span> <span class='ocrx_word' id='word_1_179' title='bbox 561 2595 651 2662; x_wconf 88' lang='lat' dir='ltr'>Idem</span> <span class='ocrx_word' id='word_1_180' title='bbox 680 2593 738 2681; x_wconf 86' lang='lat' dir='ltr'>(sc.</span> <span class='ocrx_word' id='word_1_181' title='bbox 760 2592 895 2680; x_wconf 87' lang='lat' dir='ltr'>Paulus)</span> <span class='ocrx_word' id='word_1_182' title='bbox 920 2595 1004 2660; x_wconf 87' lang='lat' dir='ltr'>libro</span> <span class='ocrx_word' id='word_1_183' title='bbox 1029 2599 1119 2662; x_wconf 88' lang='lat' dir='ltr'>sexto</span> 
     </span>
     <span class='ocr_line' id='line_1_26' title="bbox 109 2683 1120 2774; baseline -0.005 -21"><span class='ocrx_word' id='word_1_184' title='bbox 109 2689 147 2754; x_wconf 89' lang='lat' dir='ltr'>ad</span> <span class='ocrx_word' id='word_1_185' title='bbox 168 2688 336 2760; x_wconf 86' lang='lat' dir='ltr'>Plautium</span> <span class='ocrx_word' id='word_1_186' title='bbox 363 2683 413 2774; x_wconf 87' lang='lat' dir='ltr'>(P.</span> <span class='ocrx_word' id='word_1_187' title='bbox 430 2683 541 2771; x_wconf 79' lang='grc'>1127).</span> <span class='ocrx_word' id='word_1_188' title='bbox 559 2721 601 2738; x_wconf 78' lang='lat'>-</span> <span class='ocrx_word' id='word_1_189' title='bbox 620 2684 727 2751; x_wconf 91' lang='lat' dir='ltr'>Utiles</span> <span class='ocrx_word' id='word_1_190' title='bbox 754 2684 919 2768; x_wconf 87' lang='lat' dir='ltr'>impensas</span> <span class='ocrx_word' id='word_1_191' title='bbox 947 2705 1017 2749; x_wconf 89' lang='lat' dir='ltr'>csse</span> <span class='ocrx_word' id='word_1_192' title='bbox 1044 2683 1120 2749; x_wconf 85' lang='lat' dir='ltr'>Ful-</span> 
     </span>
     <span class='ocr_line' id='line_1_27' title="bbox 109 2772 1119 2861; baseline -0.006 -18"><span class='ocrx_word' id='word_1_193' title='bbox 109 2778 211 2843; x_wconf 88' lang='lat' dir='ltr'>cinius</span> <span class='ocrx_word' id='word_1_194' title='bbox 232 2777 288 2860; x_wconf 89' lang='lat' dir='ltr'>ait,</span> <span class='ocrx_word' id='word_1_195' title='bbox 306 2795 389 2861; x_wconf 89' lang='lat' dir='ltr'>quaa</span> <span class='ocrx_word' id='word_1_196' title='bbox 407 2776 575 2840; x_wconf 82' lang='lat' dir='ltr'>meliorem</span> <span class='ocrx_word' id='word_1_197' title='bbox 594 2774 703 2839; x_wconf 84' lang='lat' dir='ltr'>dotem</span> <span class='ocrx_word' id='word_1_198' title='bbox 716 2773 849 2852; x_wconf 84' lang='lat' dir='ltr'>faciant,</span> <span class='ocrx_word' id='word_1_199' title='bbox 867 2794 932 2838; x_wconf 92' lang='lat' dir='ltr'>non</span> <span class='ocrx_word' id='word_1_200' title='bbox 947 2772 1119 2857; x_wconf 72' lang='lat' dir='ltr'>(tantum)</span> 
     </span>
     <span class='ocr_line' id='line_1_28' title="bbox 108 2862 1119 2948; baseline -0.002 -18"><span class='ocrx_word' id='word_1_201' title='bbox 108 2866 300 2932; x_wconf 79' lang='lat' dir='ltr'>deteriorem</span> <span class='ocrx_word' id='word_1_202' title='bbox 323 2885 393 2930; x_wconf 91' lang='lat' dir='ltr'>esse</span> <span class='ocrx_word' id='word_1_203' title='bbox 416 2886 481 2929; x_wconf 92' lang='lat' dir='ltr'>non</span> <span class='ocrx_word' id='word_1_204' title='bbox 504 2863 621 2948; x_wconf 87' lang='lat' dir='ltr'>sinant,</span> <span class='ocrx_word' id='word_1_205' title='bbox 644 2885 683 2927; x_wconf 78' lang='lat' dir='ltr'>en</span> <span class='ocrx_word' id='word_1_206' title='bbox 707 2863 823 2948; x_wconf 89' lang='lat' dir='ltr'>quibus</span> <span class='ocrx_word' id='word_1_207' title='bbox 847 2862 968 2927; x_wconf 89' lang='lat' dir='ltr'>reditus</span> <span class='ocrx_word' id='word_1_208' title='bbox 992 2862 1119 2928; x_wconf 87' lang='lat' dir='ltr'>mulieri</span> 
     </span>
     <span class='ocr_line' id='line_1_29' title="bbox 109 2951 1119 3042; baseline -0.001 -23"><span class='ocrx_word' id='word_1_209' title='bbox 109 2955 310 3042; x_wconf 78' lang='lat' dir='ltr'>adquiratur,</span> <span class='ocrx_word' id='word_1_210' title='bbox 343 2953 437 3019; x_wconf 85' lang='lat' dir='ltr'>sicuti</span> <span class='ocrx_word' id='word_1_211' title='bbox 470 2954 596 3022; x_wconf 86' lang='lat' dir='ltr'>arbusti</span> <span class='ocrx_word' id='word_1_212' title='bbox 623 2951 878 3037; x_wconf 78' lang='lat' dir='ltr'>pastinationem</span> <span class='ocrx_word' id='word_1_213' title='bbox 906 2953 994 3017; x_wconf 86' lang='lat' dir='ltr'>ultra</span> <span class='ocrx_word' id='word_1_214' title='bbox 1021 2974 1119 3038; x_wconf 79' lang='lat' dir='ltr'>quam</span> 
     </span>
     <span class='ocr_line' id='line_1_30' title="bbox 107 3041 1117 3126; baseline -0.001 -18"><span class='ocrx_word' id='word_1_215' title='bbox 107 3065 237 3110; x_wconf 88' lang='lat' dir='ltr'>necesse</span> <span class='ocrx_word' id='word_1_216' title='bbox 269 3043 389 3126; x_wconf 84' lang='lat' dir='ltr'>iuerat,</span> <span class='ocrx_word' id='word_1_217' title='bbox 421 3043 499 3110; x_wconf 88' lang='lat' dir='ltr'>itam</span> <span class='ocrx_word' id='word_1_218' title='bbox 533 3041 711 3107; x_wconf 86' lang='lat' dir='ltr'>doctrinam</span> <span class='ocrx_word' id='word_1_219' title='bbox 744 3062 927 3126; x_wconf 87' lang='lat' dir='ltr'>puerorum.</span> <span class='ocrx_word' id='word_1_220' title='bbox 981 3063 1117 3126; x_wconf 89' lang='lat' dir='ltr'>quorum</span> 
     </span>
     <span class='ocr_line' id='line_1_31' title="bbox 107 3131 1118 3216; baseline 0 -20"><span class='ocrx_word' id='word_1_221' title='bbox 107 3131 238 3199; x_wconf 90' lang='lat' dir='ltr'>nomine</span> <span class='ocrx_word' id='word_1_222' title='bbox 261 3133 389 3198; x_wconf 88' lang='lat' dir='ltr'>onerari</span> <span class='ocrx_word' id='word_1_223' title='bbox 411 3132 580 3196; x_wconf 90' lang='lat' dir='ltr'>mulierem</span> <span class='ocrx_word' id='word_1_224' title='bbox 602 3131 809 3216; x_wconf 84' lang='lat' dir='ltr'>ignorantem</span> <span class='ocrx_word' id='word_1_225' title='bbox 830 3131 880 3195; x_wconf 86' lang='lat' dir='ltr'>vel</span> <span class='ocrx_word' id='word_1_226' title='bbox 898 3131 1034 3198; x_wconf 81' lang='lat' dir='ltr'>invitam</span> <span class='ocrx_word' id='word_1_227' title='bbox 1052 3153 1118 3196; x_wconf 89' lang='lat' dir='ltr'>non</span> 
     </span>
     <span class='ocr_line' id='line_1_32' title="bbox 108 3219 1118 3305; baseline -0.002 -19"><span class='ocrx_word' id='word_1_228' title='bbox 108 3224 248 3305; x_wconf 82' lang='lat' dir='ltr'>oportet,</span> <span class='ocrx_word' id='word_1_229' title='bbox 276 3242 318 3286; x_wconf 88' lang='lat' dir='ltr'>ns</span> <span class='ocrx_word' id='word_1_230' title='bbox 345 3225 483 3304; x_wconf 83' lang='lat' dir='ltr'>cogatur</span> <span class='ocrx_word' id='word_1_231' title='bbox 509 3219 609 3285; x_wconf 79' lang='lat' dir='ltr'>ttmdo</span> <span class='ocrx_word' id='word_1_232' title='bbox 638 3224 696 3285; x_wconf 82' lang='lat' dir='ltr'>aut</span> <span class='ocrx_word' id='word_1_233' title='bbox 723 3220 892 3304; x_wconf 83' lang='lat' dir='ltr'>mancipiis</span> <span class='ocrx_word' id='word_1_234' title='bbox 921 3241 1038 3286; x_wconf 84' lang='lat' dir='ltr'>carere.</span> <span class='ocrx_word' id='word_1_235' title='bbox 1083 3220 1118 3284; x_wconf 92' lang='lat' dir='ltr'>in</span> 
     </span>
     <span class='ocr_line' id='line_1_33' title="bbox 106 3307 1117 3395; baseline -0.003 -21"><span class='ocrx_word' id='word_1_236' title='bbox 106 3308 193 3375; x_wconf 89' lang='lat' dir='ltr'>his&#39;</span> <span class='ocrx_word' id='word_1_237' title='bbox 184 3310 341 3395; x_wconf 73' lang='lat' dir='ltr'>impensis</span> <span class='ocrx_word' id='word_1_238' title='bbox 369 3313 402 3374; x_wconf 84' lang='lat' dir='ltr'>et</span> <span class='ocrx_word' id='word_1_239' title='bbox 427 3310 602 3394; x_wconf 82' lang='lat' dir='ltr'>pistrinum</span> <span class='ocrx_word' id='word_1_240' title='bbox 630 3312 663 3374; x_wconf 88' lang='lat' dir='ltr'>et</span> <span class='ocrx_word' id='word_1_241' title='bbox 689 3308 840 3375; x_wconf 84' lang='lat' dir='ltr'>horreum</span> <span class='ocrx_word' id='word_1_242' title='bbox 867 3309 994 3374; x_wconf 85' lang='lat' dir='ltr'>insulae</span> <span class='ocrx_word' id='word_1_243' title='bbox 1017 3307 1117 3372; x_wconf 86' lang='lat' dir='ltr'>dotali</span> 
     </span>
    </p>
   </div>
   <div class='ocr_carea' id='block_1_8' title="bbox 108 3396 1116 3572">
    <p class='ocr_par' dir='ltr' id='par_1_13' title="bbox 108 3396 1116 3566">
     <span class='ocr_line' id='line_1_34' title="bbox 108 3396 651 3482; baseline 0 -19"><span class='ocrx_word' id='word_1_244' title='bbox 108 3399 267 3464; x_wconf 89' lang='lat' dir='ltr'>adiectum</span> <span class='ocrx_word' id='word_1_245' title='bbox 291 3399 477 3482; x_wconf 84' lang='lat' dir='ltr'>plerumque</span> <span class='ocrx_word' id='word_1_246' title='bbox 499 3396 651 3463; x_wconf 82' lang='lat' dir='ltr'>dicemus.</span> 
     </span>
     <span class='ocr_line' id='line_1_35' title="bbox 195 3480 1116 3572; baseline -0.013 -20"><span class='ocrx_word' id='word_1_247' title='bbox 195 3489 247 3554; x_wconf 88' lang='grc'>33.</span> <span class='ocrx_word' id='word_1_248' title='bbox 266 3487 305 3552; x_wconf 90' lang='lat' dir='ltr'><strong>D</strong></span> <span class='ocrx_word' id='word_1_249' title='bbox 314 3489 405 3572; x_wconf 84' lang='grc'>24,1,</span> <span class='ocrx_word' id='word_1_250' title='bbox 412 3489 466 3571; x_wconf 90' lang='grc'>28,</span> <span class='ocrx_word' id='word_1_251' title='bbox 475 3487 505 3552; x_wconf 90' lang='grc'>3.</span> <span class='ocrx_word' id='word_1_252' title='bbox 528 3485 646 3551; x_wconf 89' lang='lat' dir='ltr'>Paulus</span> <span class='ocrx_word' id='word_1_253' title='bbox 656 3485 741 3549; x_wconf 88' lang='lat' dir='ltr'>hbro</span> <span class='ocrx_word' id='word_1_254' title='bbox 757 3506 812 3566; x_wconf 92' lang='lat' dir='ltr'>sep</span> <span class='ocrx_word' id='word_1_255' title='bbox 814 3485 895 3548; x_wconf 91' lang='lat' dir='ltr'>timo</span> <span class='ocrx_word' id='word_1_256' title='bbox 911 3483 951 3546; x_wconf 91' lang='lat' dir='ltr'>ad</span> <span class='ocrx_word' id='word_1_257' title='bbox 961 3480 1116 3544; x_wconf 74' lang='lat' dir='ltr'>Sabinum</span> 
     </span>
    </p>
   </div>
   <div class='ocr_carea' id='block_1_9' title="bbox 109 3538 1115 3663">
    <p class='ocr_par' dir='ltr' id='par_1_14' title="bbox 109 3538 1115 3663">
     <span class='ocr_line' id='line_1_36' title="bbox 109 3538 1115 3663; baseline -0.018 -22"><span class='ocrx_word' id='word_1_258' title='bbox 109 3572 155 3659; x_wconf 88' lang='lat' dir='ltr'>(P.</span> <span class='ocrx_word' id='word_1_259' title='bbox 172 3574 346 3663; x_wconf 80' lang='lat'>1752).—</span> <span class='ocrx_word' id='word_1_260' title='bbox 307 3538 406 3641; x_wconf 85' lang='lat' dir='ltr'>—Si</span> <span class='ocrx_word' id='word_1_261' title='bbox 429 3597 468 3640; x_wconf 87' lang='lat' dir='ltr'>ex</span> <span class='ocrx_word' id='word_1_262' title='bbox 491 3575 599 3640; x_wconf 89' lang='lat' dir='ltr'>decem</span> <span class='ocrx_word' id='word_1_263' title='bbox 623 3571 751 3637; x_wconf 90' lang='lat' dir='ltr'>donatis</span> <span class='ocrx_word' id='word_1_264' title='bbox 775 3570 838 3636; x_wconf 93' lang='lat' dir='ltr'>sibi</span> <span class='ocrx_word' id='word_1_265' title='bbox 856 3568 971 3636; x_wconf 86' lang='lat' dir='ltr'>mulier</span> <span class='ocrx_word' id='word_1_266' title='bbox 989 3584 1115 3630; x_wconf 84' lang='lat' dir='ltr'>servum</span> 
     </span>
    </p>
   </div>
   <div class='ocr_carea' id='block_1_10' title="bbox 0 0 1294 3900">
    <p class='ocr_par' dir='ltr' id='par_1_15' title="bbox 0 0 1294 3900">
     <span class='ocr_line' id='line_1_37' title="bbox 0 0 1294 3900; baseline 0 1"><span class='ocrx_word' id='word_1_267' title='bbox 0 0 1294 3900; x_wconf 95' lang='lat' dir='ltr'> </span> 
     </span>
    </p>
   </div>
  </div>
 </body>
</html>
