2580 3900
459 189 485 240 8.
504 184 658 240 URSEIUS
676 183 799 238 FEROX
1071 186 1134 250 183

126 348 251 432 piscem,
274 345 375 412 Gaius
395 345 527 413 Cassius
548 347 717 431 respondit
736 347 784 412 itu
803 346 932 414 demum
951 348 1134 414 fideiussori

128 436 344 521 exceptionem
368 435 520 520 dandam,
544 436 572 500 si
596 459 615 500 a
638 437 771 503 muliere
794 441 929 520 rogetus
951 437 1076 502 fuisset.

129 577 134 590 .
211 531 384 606 Sequuntur
414 529 505 589 haec:
536 524 682 590 ‘Iulianus
716 533 819 590 eutem
850 535 931 591 recte
960 534 1049 607 putet
1070 527 1132 593 ...'

126 620 216 680 verba
238 613 332 678 ‘recte
354 613 452 694 putet’
477 637 496 677 s
518 619 701 679 Tribonieno
724 619 827 679 redditu
849 620 999 680 videntur.
1045 621 1135 681 aliter

125 708 260 784 Krueger
285 728 315 784 p.
336 710 400 768 160
422 727 450 767 n.
471 710 533 768 116
566 700 675 789 (wohl
705 707 799 767 durch
826 709 1021 786 Entstellung
1052 711 1135 770 einer

126 797 204 857 Note
227 796 416 873 entsteuden,
439 800 519 856 etwu
541 817 583 871 so,
606 797 673 856 duss
695 797 795 855 hinter
813 798 948 858 Iulianus
968 798 1022 858 der.
1039 799 1134 859 Ncme

125 887 201 946 eines
234 904 294 945 von
320 884 420 945 Iulieu
451 887 652 964 sngefflhrten
679 886 815 946 Juristen
843 887 1030 963 ausgefollen
1057 881 1134 968 ist').

543 1040 592 1104 Dc
629 1042 717 1104 urtr's.
993 1091 994 1094 ¹

211 1157 265 1222 33.
287 1154 327 1220 D.
341 1157 393 1238 47,
407 1156 438 1238 2,
451 1153 504 1220 59.
536 1041 682 1220 Iuliaims
696 1125 781 1220 libro
797 1158 912 1240 quarto
922 1155 967 1222 cd
982 1125 1134 1221 Urseium

124 1245 276 1311 Ferocem
300 1241 349 1330 (P.
368 1241 456 1331 926).
482 1279 520 1291 —
546 1241 581 1309 Si
608 1244 676 1310 filio
703 1243 844 1308 familias
867 1243 990 1309 furtum
1013 1243 1135 1309 factum

124 1337 220 1412 esset,
254 1337 340 1398 recte
372 1354 442 1400 eum
469 1336 591 1418 putrem
618 1332 762 1398 familias
789 1332 912 1398 factum
939 1355 978 1398 eo
1005 1333 1135 1399 nomine

124 1421 243 1508 ageret

212 1510 285 1576 ‘Sed
304 1519 335 1575 et
352 1515 379 1575 si
396 1535 446 1576 res
465 1515 494 1576 ei
510 1517 610 1576 locata
628 1515 772 1591 subrepta
789 1515 890 1590 fuerit,
903 1518 990 1592 peter
1003 1516 1135 1576 familias

123 1606 221 1666 fectus
244 1605 348 1664 itidem
371 1623 460 1682 cgere
483 1598 617 1681 poterit'.

211 1707 265 1772 34.
288 1704 328 1770 D.
345 1706 395 1786 13,
409 1707 440 1787 6,
453 1706 506 1771 20.
551 1705 640 1769 Idem
664 1702 724 1792 (sc.
745 1703 907 1793 Iulianus)
930 1706 1014 1772 libro
1037 1708 1134 1771 tertio

124 1796 164 1861 ed
186 1794 340 1860 Urseium
363 1793 515 1860 Ferocem
539 1791 589 1880 (P.
608 1794 697 1877 920).
720 1831 763 1842 —
787 1793 968 1880 Argentum
996 1817 1134 1861 commo

125 1885 236 1950 dutum
260 1883 289 1948 si
313 1881 410 1968 [tem]
433 1883 551 1948 idoneo
581 1904 673 1948 servo
702 1903 773 1952 meo
801 1884 1007 1950 tradidissem
1034 1885 1074 1949 ad
1103 1890 1135 1950 te

122 1971 349 2057 perferendum
378 1974 428 2053 [ut
449 1995 516 2037 non
534 1972 681 2036 debuerit
699 1972 770 2055 quis
791 1973 962 2038 aestimare
982 1973 1135 2057 futurum,

124 2066 159 2126 ut
181 2085 201 2126 a
224 2061 415 2145 quibusdum
445 2061 539 2126 melis
566 2059 752 2126 hominibus
775 2061 1002 2146 deciperetur],
1034 2066 1135 2145 tuum,

122 2173 189 2216 non
221 2170 331 2214 meum
362 2149 589 2215 detrimentum
620 2146 716 2232 esse²‚
748 2149 776 2214 si
808 2151 840 2216 id
874 2151 952 2216 mali
984 2152 1134 2217 homines

124 2239 384 2323 intercepissent.

211 2331 386 2392 Tribonieui
408 2332 618 2393 eddidcmonte
640 2332 764 2392 Pernice
787 2332 991 2408 deprehendit.

212 2434 266 2500 35.
287 2432 328 2500 D.
344 2435 394 2515 12,
408 2434 439 2513 5,
452 2433 482 2500 5.
522 2433 668 2499 Iulianus
691 2433 775 2498 libro
798 2435 898 2499 tertio
921 2435 961 2498 ad
980 2434 1134 2501 Urseium

124 2523 278 2589 Ferocem
301 2521 352 2607 (P.
370 2520 459 2608 915).
484 2559 523 2570 -
548 2521 583 2588 Si
610 2545 629 2586 o
657 2543 749 2588 servo
773 2543 845 2586 meo
868 2525 1040 2606 pecuniam
1063 2525 1134 2608 quis

126 2613 311 2697 accepisset,
332 2633 374 2676 ne
397 2612 519 2678 furtum
543 2612 583 2676 ub
608 2633 646 2676 eo
668 2611 791 2675 fectum
814 2610 981 2693 indicaret,
1004 2613 1070 2676 sive
1089 2611 1135 2676 in·

125 2703 265 2768 dicasset
301 2701 368 2767 sive
405 2723 481 2786 non,
518 2699 745 2784 repetitionem
777 2699 846 2763 fore
879 2699 958 2764 eius
980 2701 1134 2784 pecuniae

125 2790 280 2856 Proculus
304 2790 479 2875 respondit

518 2971 628 3032 Liber
650 2969 741 3030 X—?

483 3091 533 3156 De
555 3093 616 3175 tepc
637 3091 778 3174 Apustio.
818 3065 823 3072 .
925 3063 926 3068 ἵ

214 3207 279 3273 36⁸.
311 3205 426 3272 Collet.
448 3207 497 3291 12,
518 3207 547 3290 7,
565 3207 595 3272 9.
644 3206 804 3292 Ulpianus
836 3206 921 3271 libro
949 3204 1062 3271 XVIII
1095 3207 1135 3272 ud

127 3296 267 3361 edictum
289 3292 339 3382 (P.
355 3292 446 3383 623).
473 3332 510 3343 -
536 3347 566 3362 ..
585 3297 613 3360 si
636 3297 691 3380 qui
715 3296 799 3361 servi
821 3295 971 3380 inquilini
994 3296 1134 3360 insulem

197 3495 212 3541 1
233 3488 308 3544 Trio.
327 3487 352 3542 is
370 3490 451 3558 poter
468 3486 590 3543 familias
608 3488 699 3542 fuctus
714 3529 720 3541 .
734 3524 741 3541 .
757 3489 831 3556 aget.

197 3564 215 3611 2
235 3560 310 3615 Frui).
330 3558 389 3616 erit.
