2596 3902
396 233 421 282 4.
441 226 469 284 C.
486 226 630 283 cnsslus
649 227 833 283 LONGINUS
1078 227 1121 292 69

202 391 275 455 130.
308 389 348 455 D.
368 389 419 474 50,
440 391 491 474 16,
509 390 583 455 215.
633 389 752 456 Paulus
783 391 866 456 libro
895 390 1053 475 singulari
1080 391 1120 454 ad

112 479 217 564 legem
236 477 362 544 Fufiam
379 477 548 545 Caniniam
567 477 614 565 (P.
630 476 719 568 926).
740 517 777 528 -
799 529 851 545 ...
870 480 904 544 in
922 480 993 564 lege
1007 480 1121 544 Atinia

112 567 145 631 in
167 571 366 651 potestatem
390 568 513 634 domini
536 590 603 633 rem
625 569 780 634 furtivam
803 569 929 634 venisse
952 566 1063 652 videri,
1086 572 1120 633 el

165 657 234 721 eius
266 655 474 723 vindicandae
502 661 698 743 potestatem
726 658 887 741 habuerit,
921 654 1059 723 Sabinus
1088 661 1122 722 et

140 747 243 810 assius
268 746 368 810 aiunl.

481 835 531 899 De
552 836 753 900 servitutibus.
789 919 792 925 Ι

201 949 275 1014 131.
298 947 337 1013 D.
353 950 382 1031 8,
397 949 426 1032 1,
439 953 516 1034 4pr.
553 948 752 1034 Papinianus
765 949 849 1013 libro
864 949 1002 1034 septimo
1017 949 1119 1026 Quae-

115 1037 252 1102 stionum
273 1036 321 1123 (P.
338 1037 425 1124 129).
439 1075 483 1085 —
497 1037 676 1104 servitutes
695 1039 766 1123 ipso
782 1038 910 1122 quidem
929 1038 997 1102 iuro
1015 1060 1120 1122 neque

114 1140 149 1189 ex
180 1131 328 1211 tempore
358 1149 461 1213 neque
490 1127 530 1191 ad
556 1131 685 1212 tempus
713 1149 817 1211 neque
845 1126 904 1190 sub
933 1127 1120 1192 condicione

113 1235 215 1299 noque
243 1214 428 1280 aduertam
453 1215 685 1298 condicionem,
712 1215 803 1281 ver'bi
826 1217 933 1300 gratia
955 1215 1121 1299 ‘quamdiu

114 1301 241 1387 volam'‚
259 1305 413 1370 eonstiiui
430 1309 580 1390 possunt3
600 1304 655 1369 sed
671 1308 781 1369 tamen
796 1305 822 1368 si
837 1304 916 1369 haee
931 1302 1120 1383 adiciantur,

114 1394 199 1476 paoli
222 1393 273 1457 vel
295 1415 354 1476 per
376 1393 443 1459 doli
466 1392 686 1478 exceptionem
710 1397 895 1458 occurretur
917 1397 1031 1458 eontra
1052 1391 1120 1476 pla·

115 1480 177 1546 eila
204 1482 392 1546 servitutem
418 1481 608 1564 vindicanti,
635 1481 730 1566 idque
754 1486 786 1546 ei
809 1478 964 1547 Sabinum
987 1502 1118 1564 respon·

115 1569 197 1635 disse
221 1568 354 1636 Cassius
378 1570 505 1637 rettulit
527 1575 560 1635 et
583 1572 645 1635 sibi
668 1571 803 1654 plaeere.

459 1753 506 1812 De
527 1756 629 1812 itinere
652 1756 677 1812 et
699 1757 773 1812 oeta.

204 1861 513 1947 132?D.8,3,13,1.
540 1862 711 1928 Iavolenus
722 1863 806 1927 libro
817 1862 939 1928 decimo
951 1884 988 1927 ex
999 1860 1122 1928 Cassio.

117 1985 153 1998 -
180 1949 214 2016 Si
240 1956 329 2016 lotus
353 1972 430 2035 ager
452 1952 561 2017 itineri
584 1956 640 2015 aut
663 1951 749 2016 actui
772 1953 886 2037 servit,
913 1951 1063 2017 dominus
1086 1951 1122 2015 in

115 2061 151 2105 eo
178 2061 258 2126 agro
286 2040 368 2105 nihil
394 2040 499 2105 facere
522 2043 643 2124 potest,
671 2062 735 2126 quo
758 2041 896 2105 servitus
920 2040 1122 2125 impediatur,

116 2150 194 2214 quae
217 2131 264 2192 ita
286 2128 403 2194 diffusa
427 2132 489 2208 esi,
512 2132 548 2192 ut
571 2149 683 2194 omnes
706 2129 820 2213 glebae
844 2129 995 2194 serviant.

200 2239 294 2299 Lenel
315 2243 415 2299 notat:
438 2233 547 2300 ‘Cassii
569 2241 696 2300 fortasse
719 2234 831 2301 verba?

203 2342 276 2406 133.
299 2340 339 2406 D.
350 2343 380 2424 8,
390 2343 420 2426 6,
430 2341 460 2407 2.
505 2342 623 2408 Paulus
646 2343 732 2408 libro
756 2342 930 2408 vicensimo
953 2341 1057 2425 primo
1081 2340 1122 2404 ad

116 2431 250 2495 edietum
284 2430 332 2516 (Ρ.
355 2427 446 2517 355).
481 2467 517 2479 -
553 2431 616 2508 Qui
648 2431 710 2495 iter
741 2435 774 2495 et
806 2433 913 2496 aetum
945 2429 1058 2513 habet,
1094 2429 1122 2493 si

115 2517 253 2584 5111111101
276 2523 403 2584 lantum
427 2520 516 2599 ierit,
539 2542 605 2585 non
626 2521 748 2605 perisse
772 2523 890 2605 aetum,
912 2518 967 2583 sed
991 2538 1122 2582 manere

116 2605 254 2673 Sabinus
272 2606 405 2674 Cassius
426 2656 450 2673 ..
470 2609 574 2693 aiunt3
597 2631 674 2674 nam
693 2609 740 2673 ire
759 2629 886 2692 quoque
910 2628 968 2690 per
991 2626 1025 2670 so
1049 2626 1121 2669 eum

113 2718 208 2781 posse
233 2697 288 2780 qui
311 2701 420 2763 aetum
442 2697 586 2762 haberet.

396 2874 445 2940 De
467 2895 550 2958 aquo
569 2875 678 2958 pluuia
700 2874 841 2940 arcenda.

39 3063 46 3082 ⁸
204 2988 275 3055 134.
295 2989 333 3053 D.
343 2989 396 3073 39,
405 2990 435 3074 3,
447 2992 475 3075 1,
485 2991 514 3056 8.
550 2989 710 3075 Ulpianus
729 2989 813 3055 libro
829 2988 1121 3074 quinquagensimo

113 3078 208 3144 terlio
241 3078 282 3144 ad
314 3079 454 3144 edietum
482 3077 532 3165 (P.
553 3076 663 3164 1285).
691 3115 733 3127 —
761 3126 796 3143 ..
825 3076 964 3143 Sabinus
992 3075 1122 3143 Cassius

114 3188 193 3252 opus
216 3189 315 3231 manu
334 3167 455 3233 factum
474 3171 508 3232 in
527 3167 611 3232 hane
630 3168 789 3232 aelionem
808 3167 916 3256 venire
935 3167 1035 3249 aiunt,
1058 3167 1122 3231 nisi

113 3255 237 3339 siquid
261 3256 332 3341 agri
356 3255 479 3320 colendi
503 3278 602 3321 eausa
624 3257 692 3320 fiat.

203 3353 275 3420 135.
306 3350 346 3418 D.
362 3353 414 3437 39,
428 3355 460 3437 3,
472 3355 502 3434 2,
517 3355 546 3419 3.
591 3352 712 3418 Paulus
740 3353 825 3417 libro
851 3349 1122 3438 quadragensimo

112 3463 198 3507 nono
226 3442 266 3506 ad
295 3442 434 3507 edietum
463 3440 512 3528 (P.
532 3437 623 3528 632).
651 3477 693 3488 -
720 3439 852 3505 Cassius
882 3488 912 3505 ..
940 3439 1066 3518 scribit,
1095 3438 1123 3499 si

201 3605 214 3651 1
237 3598 283 3653 Fl.
303 3601 409 3654 statuto
428 3602 561 3666 tempore.
