2602 3906
196 230 261 294 502
300 229 332 284 V.
351 228 499 284 NERVAE
519 228 564 283 ΕΤ
583 229 735 284 TRAIANI
753 229 860 285 ΤΕΜΡ.
879 229 974 285 mais
994 229 1173 285 CONSULTI

197 401 328 458 ceterum
347 397 426 457 inter
444 416 494 458 eos
508 398 559 473 qui
574 401 605 457 et
619 399 826 474 Epistularum
839 401 870 456 et
883 396 1098 466 Quaestionum
1111 398 1204 458 libros

198 486 362 562 ediderunt,
372 485 532 546 Africanus
542 487 931 564 quoquenumerandusest.
947 486 1021 546 ef.P.
1031 490 1204 548 1.2-121.

196 575 286 633 huius
314 576 430 653 generis
456 576 548 634 libros
576 597 647 634 num
669 575 834 635 Mommsen
857 575 888 636 Z.
907 575 926 635 f.
946 573 1007 635 Ra.
1026 575 1077 653 IX,
1096 578 1137 636 93
1153 595 1206 655 sq.‚

197 663 244 723 eui
273 664 408 742 Krueger
434 666 546 740 p.132
580 664 794 741 adstipulatur,
827 665 994 724 scholarum
1027 665 1097 724 usui
1125 668 1205 725 reete

196 753 345 812 attribuat
368 745 660 832 (‘Aufzeiohnungen
682 753 734 812 der
757 772 815 814 von
840 753 897 812 den
915 753 1032 812 Ho’rem
1054 753 1207 831 gethauen

197 842 314 918 Fragen
343 841 402 900 und
428 843 479 900 der
502 860 562 903 uon
584 842 651 901 dem
674 843 786 901 Lehrer
810 842 967 900 ertheilten
990 837 1197 925 Antworten')

194 930 226 988 in
248 930 361 991 incerto
385 932 530 1006 relinquo.

288 1018 445 1098 Capitibus
472 1039 508 1079 ex
539 1021 603 1078 iure
635 1019 786 1094 praetorio
816 1019 980 1096 desumptis
1007 1019 1081 1079 iuris
1110 1021 1207 1082 civilis

195 1109 342 1186 quaedam
365 1108 468 1169 addita
491 1128 554 1168 esse
578 1111 711 1185 apparet.

1198 890 1207 925 7

619 1303 728 1362 Liber
749 1303 777 1364 I.

542 1422 592 1488 De
614 1422 703 1488 redeas
725 1423 853 1488 creditis.

285 1541 312 1603 1.
339 1539 576 1620 D.12,1,1,1.
622 1537 781 1623 Ulpianus
805 1537 887 1603 libro
911 1539 1086 1603 vicensimo
1112 1544 1205 1606 sexto

195 1629 234 1692 ad
250 1628 388 1693 edietum
404 1623 452 1713 (P.
469 1624 556 1714 755).
571 1664 613 1672 —
629 1679 634 1690 .
650 1675 657 1690 .
673 1675 681 1691 .
700 1631 737 1691 ut
751 1627 834 1691 libro
848 1627 952 1711 primo
969 1625 1206 1701 Quaestionum

196 1715 307 1782 Oelsus
331 1717 391 1800 ait,
416 1714 561 1780 credendi
585 1716 746 1800 generalis
769 1717 944 1801 appellatio
969 1718 1029 1780 est.

604 1916 714 1975 Liber
736 1915 790 1974 IV.

246 2034 333 2114 Quod
354 2056 422 2100 eam
445 2056 478 2101 eo
500 2036 554 2117 qai
576 2037 611 2099 ta
633 2036 737 2100 elisas
753 2039 899 2117 potestate
921 2041 965 2100 est
986 2037 1144 2118 segetiam

521 2127 639 2207 param
660 2144 722 2190 esse
743 2125 867 2189 dicetur.
989 2206 991 2211 Ι

283 2238 324 2303 2?
352 2238 391 2304 D.
407 2240 458 2323 14,
473 2241 502 2315 6,
518 2240 594 2322 lpr.
635 2239 795 2323 Ulpianus
818 2240 901 2304 libro
919 2239 1096 2305 vicensimo
1115 2262 1205 2306 nono

196 2329 235 2394 ad
264 2328 401 2393 edietum
432 2326 480 2415 (P.
495 2325 603 2414 8761‘).
629 2365 667 2374 -
692 2328 774 2396 ..si
801 2328 887 2394 filius
913 2327 1054 2392 familias
1077 2329 1206 2394 fideius-

195 2418 285 2503 serit‚
312 2415 466 2482 Neratius
494 2417 577 2482 libro
606 2418 709 2502 primo
738 2421 771 2482 et
801 2417 939 2483 seeundo
962 2415 1206 2500 Responsorum

196 2529 320 2573 cessare
336 2510 465 2572 senatus
479 2507 664 2571 consultum
677 2505 735 2592 (so.
744 2503 1023 2591 Macedonianum)
1039 2508 1096 2573 ait.
1120 2507 1206 2572 idem

194 2595 306 2662 Uelsus
329 2596 412 2660 libro
436 2599 559 2679 quarto.

281 2717 373 2776 Lenel
396 2717 598 2794 fragmentum
620 2718 748 2776 fortasse
771 2717 1003 2792 Responsum,
1027 2715 1206 2793 neutiquam

193 2806 389 2884 Digestorum
429 2805 515 2864 libris
558 2805 781 2864 attribuendum
822 2824 888 2865 esse
923 2807 1021 2882 notat,
1064 2799 1205 2882 ‘quorum

194 2894 271 2953 libro
294 2893 340 2951 IV
366 2893 541 2953 hereditatis
569 2894 676 2969 petitio
704 2888 876 2955 tractatur’.
926 2897 1005 2954 eerte
1033 2893 1205 2972 fragmenta

82 3017 84 3021 -
193 2983 253 3040 tria
280 2981 311 3040 in
333 2981 493 3040 Iustiniani
515 2983 650 3058 Digestis
678 2983 748 3042 huie
776 2982 982 3042 antecedentia
1005 3001 1041 3042 ex
1065 2983 1203 3053 Quaesti-

196 3089 287 3128 onum
309 3069 394 3129 libris
418 3070 576 3147 desumpta
600 3075 680 3130 sunt.

599 3265 707 3324 Liber
729 3265 797 3327 XII.

565 3381 614 3448 De
636 3387 829 3452 testamentis.

283 3496 312 3559 3.
336 3495 374 3559 D.
389 3494 442 3576 28,
455 3493 485 3580 5,
500 3498 530 3582 9,
545 3499 574 3562 2.
597 3497 756 3582 Ulpianus
770 3501 853 3566 libro
868 3502 981 3586 quinto
994 3501 1034 3566 ad
1045 3499 1202 3566 Sabinum

195 3582 244 3669 (P.
263 3581 392 3669 24600).
421 3621 464 3630 —
493 3636 527 3650 ..
555 3585 582 3650 si
609 3610 675 3653 non
702 3589 736 3653 in
764 3611 897 3673 corpora
924 3591 1057 3676 erravit,
1085 3590 1140 3656 sed
1168 3591 1202 3653 in
