2570 3904
419 180 444 230 4.
464 173 655 231 00588108
673 172 858 230 LONGINUS
1120 173 1140 236 9

223 344 363 404 Fortasse
386 342 422 400 D.
439 345 467 419 7,
482 345 510 418 5,
527 345 555 420 3,
578 341 658 418 quod
679 341 882 418 fragmentum
899 361 966 400 cum
986 341 1052 400 aliis
1070 341 1144 402 viris

132 433 231 493 doctis
253 432 373 493 Nervae
400 431 480 506 patri
504 430 629 489 attribui
653 423 698 508 (Π
719 453 747 506 p.
764 422 856 512 305),
883 431 984 507 potins
1007 431 1069 490 filio
1093 431 1144 490 ad·

8 515 10 542 ¹
132 521 326 581 scribendum
353 522 412 596 est,
439 538 506 579 cum
532 520 564 578 in
592 518 694 579 eodem
721 518 843 596 Ulpiani
869 521 947 580 libro
975 518 1078 578 XVIII
1106 520 1144 578 ad

8 671 9 700 ,
132 609 280 670 Sabinum
306 609 333 668 is
361 627 476 684 quoque
501 607 640 668 laudetur
661 606 750 682 idque
773 608 809 668 D.
826 611 897 686 7,1,
914 611 964 684 13,
985 611 1002 668 7
1030 609 1063 666 15
1084 607 1142 667 fine

8 709 10 728 *
131 699 226 759 etiam
249 697 379 774 simplici
399 698 517 759 Nervae
539 697 666 757 nomine.

346 991 386 1073 4.
420 995 455 1070 0.
485 995 670 1070 CASSIUS
699 994 939 1068 LONGINUS

223 1140 305 1200 filius
327 1140 424 1200 minor
445 1141 479 1199 L.
504 1139 599 1200 Cassii
622 1141 751 1200 consulis
775 1137 890 1199 suffecti
913 1159 938 1198 a.
960 1141 998 1199 11
1023 1160 1051 1215 p.
1074 1138 1142 1201 chr.

131 1231 166 1290 et
192 1229 274 1289 filiae
297 1228 330 1298 Q.
353 1229 433 1288 Aelii
456 1229 620 1288 Tuberonis
648 1220 679 1311 (I
696 1249 724 1304 p.
741 1220 833 1310 358),
861 1247 936 1305 quae
963 1228 1022 1286 fuit
1043 1229 1142 1304 neptis

132 1318 233 1378 Servii
268 1317 391 1392 Sulpicii
428 1309 459 1399 (Ι
480 1337 507 1392 p.
529 1320 590 1378 139
614 1317 717 1392 Pomp.
735 1317 772 1376 D.
793 1319 821 1384 1.
843 1319 871 1394 2,
891 1319 919 1390 2,
939 1308 1010 1398 51),
1048 1317 1142 1376 frater

132 1406 166 1466 0.
185 1405 281 1466 Cassii
299 1406 428 1482 Longini
450 1406 579 1466 consulis
603 1406 744 1465 ordinarii
763 1425 788 1466 a.
805 1408 855 1482 30,
879 1406 982 1466 005551
1001 1405 1142 1465 suffectus

132 1514 161 1554 a.
177 1489 218 1556 50
238 1514 306 1554 cum
323 1494 358 1556 L.
376 1495 490 1556 Naevio
509 1495 635 1554 Surdino
654 1489 732 1576 (CIL
747 1495 775 1553 X
791 1496 888 1572 1233,
901 1513 979 1554 cum
998 1493 1141 1564 Quartino

134 1584 214 1642 falso
239 1584 341 1657 Pomp.
367 1575 477 1663 §51),
513 1601 588 1642 anno
620 1584 824 1659 proconsulari
855 1577 948 1662 40f41
982 1585 1142 1659 proconsul

134 1672 226 1730 Asiae
256 1672 294 1730 ab
325 1671 503 1746 imperatore
536 1671 610 1730 Gaio
640 1671 765 1732 Romam
796 1672 955 1748 adductus,
987 1674 1021 1730 nt
1050 1671 1142 1730 inter·

133 1760 285 1837 ficeretur,
321 1778 392 1819 5000
424 1759 480 1820 (iai
516 1763 651 1821 servatus
684 1752 755 1842 (Dio
783 1759 863 1821 Cass.
890 1763 947 1834 59,
977 1762 1025 1819 23.
1059 1759 1140 1820 Suet.

133 1847 197 1908 Cal.
222 1840 293 1929 57),
325 1849 444 1924 legatus
473 1848 577 1926 Synae
609 1867 636 1907 5.
659 1842 754 1928 47148
788 1840 838 1930 (51
863 1867 1003 1908 nummus
1031 1841 1140 1928 docet),

131 1937 167 1997 in
185 1956 246 2013 qua
264 1937 413 2014 legatione
431 1937 519 1997 Vibio
538 1938 637 1997 Marso
656 1941 839 1998 successerat
857 1931 988 2020 (Ioseph.
1002 1936 1072 1996 Ant.
1089 1940 1140 2013 20,

133 2017 233 2106 1,1),
260 2043 285 2085 a.
306 2026 347 2084 49
376 2016 459 2106 (Tac.
483 2020 702 2108 555.12,11)
733 2026 833 2086 155555
859 2028 997 2088 iuvenem
1024 2025 1140 2085 Meher-

133 2113 236 2173 datem
250 2112 383 2173 Venonis
397 2113 491 2172 filium
504 2114 616 2173 Romae
630 2114 794 2194 detentum,
813 2115 865 2191 qui
879 2115 916 2175 ab
931 2114 1140 2174 Armeniorum

132 2205 220 2279 parte
247 2220 299 2261 rex
320 2201 487 2280 petebatur,
511 2203 656 2262 deducere
678 2204 716 2262 ad
738 2205 900 2279 Euphratis
923 2203 1029 2281 ripam,
1052 2203 1140 2261 utin

132 2290 279 2349 Armenia
287 2292 428 2364 regnaret
437 2283 519 2372 (Tac.
533 2293 582 2369 12,
594 2293 644 2352 12.
657 2294 706 2353 13.
721 2292 836 2368 loseph.
848 2294 999 2370 15,11‚4.
1011 2292 1062 2367 20,
1074 2294 1139 2368 1,1,

131 2379 301 2438 Mommsen
324 2376 426 2438 Geseh.
444 2378 480 2456 V,
500 2374 588 2459 380),
611 2399 688 2440 5550
713 2383 754 2441 58
778 2382 909 2441 delectus
933 2384 980 2440 est
1001 2381 1140 2440 Puteola-

130 2486 241 2528 norum
264 2467 402 2527 seditioni
425 2469 653 2543 oomponendae,
681 2471 732 2529 sed
757 2464 838 2545 ‘quia
861 2469 1053 2530 severitatem
1076 2469 1139 2527 eius

130 2574 193 2615 non
224 2554 406 2628 tolerabant,
437 2560 575 2632 precante
603 2557 669 2632 ipso
702 2557 740 2616 ad
767 2557 935 2617 Scribonios
967 2557 1076 2614 iratres
1104 2574 1140 2614 05

129 2663 205 2704 cura
226 2638 417 2702 transfertur’
442 2643 525 2726 (Tac.
540 2663 605 2704 ann.
622 2648 673 2720 13,
687 2641 753 2722 48).
786 2645 965 2704 sententiam
982 2644 1014 2702 in
1033 2646 1139 2702 senatu

129 2732 209 2792 dixit
229 2733 333 2791 eodem
353 2750 378 2790 a.
394 2733 435 2793 58
456 2736 486 2792 01
503 2751 529 2793 a.
546 2736 585 2792 61
606 2724 648 2814 (v.
667 2732 747 2791 infra
768 2753 796 2808 p.
813 2734 853 2792 28
865 2724 933 2813 sq.).
970 2750 1036 2790 cum
1055 2749 1081 2790 a.
1097 2733 1137 2792 65

129 2821 273 2897 Poppaea
304 2821 479 2882 decessisset
510 2840 650 2898 morsque
679 2822 741 2880 eius
768 2826 803 2880 51
829 2821 928 2897 palam
955 2819 1064 2897 tristis,
1095 2819 1140 2881 ita

128 2908 358 2972 recordantibus
375 2911 456 2968 laeta
474 2912 552 2970 esset
569 2911 606 2970 ob
620 2909 825 2985 inpudicitiam
838 2910 902 2969 eius
916 2909 1140 2990 saevitiamque,

128 2998 269 3076 princeps
302 2999 492 3074 exequiarum
523 3018 599 3059 novo
631 2999 752 3059 orientis
784 3019 866 3059 more
895 2999 1140 3059 celebrandarum

129 3087 229 3148 officio
249 3085 384 3146 Cassium
407 3086 559 3164 prohibuit
582 3079 666 3168 (Tac.
681 3107 747 3147 ann.
765 3091 814 3166 16,
830 3083 873 3168 7),
897 3083 988 3164 ‘qnod
1009 3089 1138 3162 primum

127 3175 273 3239 indicium
312 3167 402 3236 mali’.
462 3179 527 3235 tum
562 3177 654 3235 missa
689 3177 728 3235 ad
764 3180 901 3236 senatum
938 3176 1071 3236 oratione
1108 3178 1139 3236 et

130 3261 268 3326 Cassium
295 3266 327 3323 01
352 3263 545 3323 58115555
573 3264 710 3325 iuvenem
737 3265 867 3326 nobilem
895 3264 974 3341 apud
1002 3262 1139 3323 Cassium

129 3352 290 3412 educatum
304 3343 388 3434 (Tac.
404 3354 454 3430 15,
469 3344 525 3434 52)
546 3347 751 3415 ‘removendos
766 3353 963 3430 erepublica
977 3343 1138 3410 disseruit'.

130 3440 292 3501 obiectarit
324 3438 441 3515 Oessio,
478 3442 558 3518 quod
589 3442 668 3500 inter
697 3441 841 3516 imagines
873 3441 1020 3498 maiorum
1047 3439 1138 3495 etiam

132 3526 163 3587 C.
187 3527 284 3589 Cassii
306 3527 437 3608 effigiem
464 3529 606 3589 coluisset
631 3530 675 3588 ita
697 3528 872 3603 inscriptam
893 3521 972 3583 ‘duci
994 3513 1135 3598 partium'
