2602 3906
163 194 230 260 450
265 195 299 250 V.
319 195 467 250 NERVAE
487 195 535 250 ΕΤ
554 195 706 252 TRAIANI
723 196 830 254 TEMP.
847 197 944 252 IURIS
964 197 1147 253 CONSULTI

588 399 698 459 Liber
715 401 751 462 X.

529 517 579 583 De
602 520 803 586 servitutibus.

251 634 303 699 49.
335 632 375 698 D.
395 633 475 717 8,3‚
496 635 536 698 13
556 657 604 720 pr.
659 634 829 698 Iavolenus
862 635 946 700 libro
979 635 1102 700 decimo
1136 658 1176 701 ex

162 720 287 788 (tassio.
318 759 356 770 -
382 724 469 790 Certo
489 725 594 806 benni
616 744 763 806 aurorum
783 725 910 805 aduniri
927 725 1055 790 servitus
1066 729 1177 810 petest,

158 812 243 876 *uelut
267 813 378 897 eineis,
404 814 485 894 quad
510 833 546 877 ea
573 813 617 876 ad
641 812 742 876 selbun
768 815 869 895 neeis
893 834 986 895 quum
1009 815 1052 878 ad
1071 834 1176 896 snper

160 901 260 983 fieieru
281 903 419 984 pertinet.
460 903 526 966 idea
543 901 673 966 sublatis
690 902 790 966 eineis
806 903 936 966 seruitia
953 903 1095 968 manebit.
1123 905 1179 968 aed

159 990 189 1059 ai
215 991 251 1054 in
278 991 484 1056 contrahenda
509 991 652 1055 servitute
674 989 765 1055 abirrd
785 995 888 1055 aetum
910 993 982 1074 erit,
1011 992 1075 1056 doti
1097 992 1176 1056 mali

159 1080 292 1161 exceptio
314 1081 374 1144 erit
393 1080 573 1145 necessaria.

247 1191 370 1250 Perniae
398 1192 428 1253 Z.
455 1192 483 1251 d.
504 1190 639 1251 San-St.
658 1190 713 1266 IX,
740 1192 802 1250 197
824 1193 892 1249 n.2
922 1190 1026 1252 verba:
1056 1185 1120 1251 ‘sed
1147 1191 1174 1251 si

160 1313 202 1322 -
222 1275 402 1341 neceesaria'
426 1279 607 1340 sententiam
626 1280 661 1339 D.
678 1281 707 1358 8,
724 1283 751 1356 1,
766 1282 785 1337 4
800 1298 844 1355 pr.
863 1281 991 1340 relatam
1009 1280 1175 1357 respiciens

159 1370 343 1446 interpolata
361 1388 425 1428 esse
443 1371 540 1445 putat.
576 1369 669 1428 Lenel
687 1386 758 1428 vero
776 1367 808 1426 P.
827 1367 859 1426 II
877 1369 931 1428 eol.
953 1371 1035 1429 1261
1056 1369 1176 1429 mavult

159 1459 204 1518 ita
222 1459 447 1536 interpungere:
466 1460 547 1518 nerto
566 1457 670 1535 generi
689 1487 728 1499 -
748 1456 852 1517 vineis.
888 1457 969 1534 quod
992 1476 1029 1516 ea
1049 1489 1087 1500 -
1108 1476 1173 1533 per-

158 1548 248 1622 tinet,
271 1546 347 1608 ideo.

250 1648 302 1713 50.
329 1647 369 1712 D.
383 1643 494 1726 ibide
511 1648 539 1713 1.
564 1684 602 1695 —
628 1646 666 1712 Si
688 1652 768 1713 toties
789 1667 862 1730 aner
884 1648 992 1712 itineri
1013 1652 1070 1711 ant
1090 1649 1174 1712 actui

160 1738 260 1820 servit,
283 1738 427 1802 doninus
448 1737 484 1801 iu
506 1757 538 1801 eo
561 1757 637 1819 aare
659 1736 739 1801 nibil
760 1736 861 1817 saeue
872 1741 981 1818 potest,
1003 1756 1062 1818 quo
1079 1738 1172 1802 snut-

160 1831 210 1891 tns
236 1827 436 1909 inpediatur,
462 1847 541 1908 quae
567 1827 614 1890 ita
641 1825 759 1905 diffusa
787 1830 843 1903 est,
870 1830 906 1890 ut
927 1845 1030 1890 omues
1049 1825 1174 1908 ytaebae

159 1915 309 1997 sanant,
334 1919 390 1979 aut
411 1916 440 1979 si
461 1917 519 1979 iter
542 1919 662 1980 aeneae
684 1915 750 1979 siue
772 1914 839 1979 utta
861 1915 1112 1980 determinatione
1134 1913 1173 1979 le·

156 2008 249 2086 natus
271 2008 322 2082 est,
345 2005 433 2068 enoda
455 2004 708 2068 determinabitur
725 2008 833 2085 etqua
845 2004 986 2086 primurn
1004 2005 1063 2067 iter
1079 2004 1173 2068 deter-

159 2093 315 2157 minatum
341 2096 397 2176 eet,
424 2111 462 2157 ea
487 2093 617 2157 seruitus
643 2089 808 2173 eonaistit1,
835 2095 946 2156 ceterae
968 2096 1076 2175 partes
1102 2093 1174 2174 anri

160 2181 271 2246 liberae
291 2185 372 2247 suut.
404 2181 500 2263 iaitrar
522 2182 637 2246 arbiter
658 2182 780 2246 dandus
801 2185 852 2265 est,
875 2183 930 2263 qui
950 2187 1077 2262 utroque
1098 2201 1173 2246 casu

158 2269 244 2335 aian
265 2269 468 2334 determinare
489 2270 579 2335 debet.

249 2358 300 2424 51.
334 2365 369 2423 D.
388 2357 463 2423 ibid.
481 2361 502 2440 ξ
522 2360 551 2424 2.
578 2395 614 2406 -—
640 2358 788 2423 Latituda
816 2363 902 2424 actia
929 2359 1108 2441 itinerisque
1135 2379 1173 2422 ea

159 2452 215 2533 est,
237 2469 315 2530 quae
337 2449 544 2518 demonstrata
567 2452 617 2513 est.
653 2449 734 2530 quad
754 2449 783 2512 si
805 2447 885 2512 nina
907 2448 1022 2512 dietum
1044 2452 1094 2527 eet,
1116 2447 1174 2512 boe

159 2537 198 2602 ub
220 2538 336 2603 arbitro
359 2539 555 2604 statuendum
578 2541 629 2602 eet.
669 2538 703 2600 in
725 2537 777 2600 eia
800 2536 889 2601 abirid
909 2537 991 2602 iuris
1013 2541 1072 2615 est;
1095 2556 1173 2600 narn

158 2627 188 2692 si
209 2628 291 2692 dieta
315 2627 444 2692 latitudo
465 2648 530 2691 nan
551 2632 606 2708 est,
630 2625 767 2708 lentina
789 2625 918 2690 debetne.

248 2715 301 2781 52.
335 2716 371 2780 D.
386 2715 462 2780 ibid.
476 2718 496 2796 ξ
510 2716 540 2781 3.
562 2752 599 2762 -
621 2713 660 2780 Si
682 2715 764 2779 iouis
785 2735 848 2778 nou
870 2715 989 2778 adieda
1007 2713 1173 2779 batitudiue

159 2806 337 2869 nominatus
365 2809 420 2887 est,
443 2825 499 2886 per
526 2825 595 2869 eum
622 2804 756 2885 qualebet
777 2803 821 2867 iri
836 2803 967 2886 poterit·
994 2804 1172 2868 sinautem

153 2895 393 2974 praetermissus
415 2897 460 2957 est
480 2914 573 2974 aeque
595 2893 757 2958 latitudine
773 2913 836 2957 nan
854 2893 982 2977 adnata,
1000 2912 1058 2974 per
1074 2896 1172 2957 tatum

156 2981 292 3060 fundum
318 3003 385 3047 una
405 2983 521 3062 poterit
545 2982 616 3062 etiyi
637 2982 690 3045 aia
712 2983 876 3046 drimtanat
897 2982 962 3046 eins
985 2981 1171 3060 iatitndinr'a

158 3089 237 3150 qnae
259 3071 320 3152 leae
341 3069 553 3151 confflebensa
576 3074 635 3146 est‚·
656 3090 716 3151 pro
738 3089 797 3150 quo
819 3071 899 3154 ipso,
920 3071 949 3135 si
972 3070 1171 3154 dubitabitur,

157 3158 271 3222 arbitri
293 3158 430 3240 officinm
453 3159 657 3223 invocandum
678 3162 728 3222 est.

249 3247 299 3311 53.
333 3246 371 3310 D.
390 3247 425 3328 8,
449 3246 483 3329 6,
508 3246 549 3310 14
567 3268 614 3330 pr.
664 3244 835 3311 Iavolenus
864 3247 949 3312 libro
977 3247 1100 3312 decimo
1129 3270 1170 3313 ex

160 3333 283 3400 Cassio.
305 3371 349 3383 -
371 3333 410 3400 Si
436 3336 532 3418 Deus,
552 3355 612 3417 per
638 3355 727 3417 quern
752 3336 806 3401 aia
832 3340 889 3401 aut
915 3337 973 3401 iter
999 3342 1056 3401 aut
1081 3342 1171 3403 anus

158 3424 326 3508 debebatur,
349 3425 464 3504 impetu
485 3424 626 3507 fluminis
648 3430 810 3507 bennatus
833 3430 908 3491 esset
928 3430 957 3491 et
973 3426 1060 3491 iutra
1078 3426 1170 3491 bien·

227 3576 242 3625 1
262 3571 310 3630 rt.
329 3572 463 3629 consistit.
