2602 3906
421 223 445 272 6.
468 213 677 271 IAVOLENUS
696 215 843 272 Pulsoos
967 171 972 178 ι
1071 215 1138 282 455

127 385 237 462 quibus
260 384 296 443 de
321 384 431 462 legalis
450 387 481 443 ol
498 383 536 443 do
554 384 722 461 donatione,
746 385 876 444 alierum
894 403 1005 464 eorum,
1029 386 1138 462 quibus

129 473 166 532 de
193 474 301 533 domno
326 473 437 532 iniuria
459 473 530 532 delo
553 476 585 532 el
608 472 644 531 de
666 473 808 548 pauperie
831 476 989 552 tractatur,
1011 494 1139 551 quorum

128 563 260 639 capilum
287 563 419 622 ullorum
444 561 628 640 insequentis
656 561 727 620 libri
753 560 809 620 XV
837 563 948 638 eapite,
981 563 1063 641 quod
1091 567 1138 623 eol

127 651 165 710 do
187 652 290 725 furiis,
315 651 410 727 excipi
432 651 563 711 videtur.

478 805 529 871 De
551 807 611 889 lcpe
632 806 787 870 Falcidia.

216 922 268 987 71.
291 919 329 986 D.
345 919 398 1004 35,
414 921 445 1002 2,
459 921 503 986 60
512 942 559 1005 pr.
597 919 767 985 Iavolenus
781 921 864 985 libro
880 924 995 1006 quarto
1011 921 1135 987 decimo

126 1033 166 1075 ex
194 1008 316 1076 Cassio.
339 1045 384 1057 -
409 1007 487 1074 Oum
511 1015 599 1092 pater
626 1009 777 1092 impuberi
801 1010 888 1094 filiae
909 1009 1045 1074 heredem
1067 1010 1136 1076 sub-

124 1101 233 1181 eremo,
255 1101 290 1163 id
310 1100 391 1181 quod
409 1099 438 1162 ei
456 1098 624 1181 lepaiorum
641 1100 765 1163 moruiue
782 1119 803 1162 a
814 1103 906 1181 putre
924 1099 1048 1183 obvenit,
1067 1120 1136 1163 aum

125 1189 276 1254 beredilas
302 1189 345 1252 od
364 1188 540 1252 substitutas
556 1189 702 1271 paimei,
730 1188 764 1251 iu
786 1189 1039 1271 computationem
1062 1187 1137 1271 lepis

125 1277 287 1342 Falcidiae
307 1297 370 1341 aaa
392 1277 480 1340 acuit.

215 1367 267 1431 72.
299 1363 339 1432 Ι).
356 1365 435 1429 ibid.
453 1366 472 1444 ξ
493 1366 522 1429 1.
552 1401 590 1411 -
620 1365 734 1446 Lepaio
760 1366 855 1447 polito
887 1386 956 1430 eum
985 1367 1020 1430 iu
1052 1366 1135 1431 liicm

125 1456 264 1520 iuratum
286 1459 338 1532 esi,
360 1455 395 1518 in
416 1454 538 1518 ratione
561 1454 636 1537 lepis
652 1454 815 1518 Falcidiae
836 1453 961 1537 (ralia)
983 1475 1046 1519 aaa
1068 1456 1137 1519 eius

123 1564 274 1622 mmmm,
300 1545 335 1607 iu
362 1563 456 1626 quarn
484 1543 651 1625 lepalarius
677 1544 807 1625 iuravit,
832 1542 939 1608 baberi
960 1544 1055 1627 debet,
1082 1545 1137 1608 sed

124 1633 203 1713 eius,
228 1634 338 1714 quanli
363 1653 398 1697 re
422 1652 495 1697 aera
521 1632 557 1696 id
579 1630 644 1712 fuid
664 1633 746 1713 quod
761 1633 893 1714 pellium
915 1638 974 1710 esi;
1002 1653 1077 1696 uam
1098 1633 1136 1698 id

124 1722 206 1804 quod
231 1741 350 1804 pamm
381 1741 476 1786 causa
506 1721 641 1785 admmii
670 1722 705 1784 iu
738 1721 829 1804 lepem
861 1721 1039 1786 Falcidiam
1070 1742 1135 1786 uon

124 1811 239 1876 inridit.

494 1897 543 1963 De
561 1898 622 1980 lepe
644 1897 760 1964 Ginaia.

213 2015 264 2079 73.
291 2013 331 2078 Ι).
349 2013 401 2096 39,
420 2014 450 2093 5,
469 2015 519 2080 24.
562 2012 736 2079 Iavolenus
760 2013 842 2079 libro
867 2019 982 2098 quarto
1006 2015 1131 2081 decimo

123 2126 162 2168 ex
194 2101 316 2168 Cassio.
344 2139 385 2148 —
413 2103 607 2168 Fideiussori
636 2105 716 2188 eius,
747 2105 801 2186 pui
829 2105 1005 2170 donationis
1036 2125 1132 2170 eausa

119 2194 282 2275 pecuniam
309 2212 404 2275 supra
422 2193 548 2256 modum
571 2193 644 2276 lepis
665 2192 720 2275 (se.
743 2192 882 2277 (indm)
900 2195 1059 2278 promisit,
1082 2214 1132 2258 ea·

120 2283 215 2364 eeplio
237 2281 310 2346 dari
331 2280 414 2345 dcbei
434 2283 527 2346 eliam
548 2283 645 2346 iuvita
667 2302 731 2366 reo,
757 2303 808 2365 ae,
830 2283 860 2346 si
879 2283 959 2362 forie
980 2303 1051 2347 reus
1072 2282 1132 2347 sol-

121 2371 215 2436 uendo
238 2390 301 2434 aou
322 2369 430 2453 fuerit,
448 2371 615 2452 peeumiam
637 2371 798 2452 fideiussor
820 2372 950 2435 amiitat.

480 2528 530 2594 De
553 2529 613 2612 lepe
635 2529 777 2610 Aquilia.

212 2645 263 2709 74.
291 2641 330 2709 Ι).
345 2644 375 2726 9,
390 2645 419 2727 2,
434 2644 475 2708 37
492 2667 538 2728 pr.
579 2644 751 2710 Iavolenus
770 2643 854 2708 libro
874 2649 988 2728 quarto
1008 2644 1131 2710 decimo

120 2757 160 2798 ex
189 2730 310 2798 Caesio.
338 2769 383 2779 —
410 2732 503 2798 Liber
531 2733 619 2799 lema
650 2735 680 2799 si
706 2734 793 2798 iussu
820 2733 948 2798 alterius
978 2734 1131 2798 dammum

118 2821 259 2888 iniuria¹
282 2823 373 2906 dedii,
395 2823 474 2888 actio
498 2823 571 2906 lepis
592 2823 741 2904 Aquiliae
763 2842 832 2887 cum
850 2842 882 2887 ee
901 2825 945 2886 esi
960 2823 1015 2903 pai
1032 2823 1131 2901 iussit,

117 2913 149 2978 oi
171 2913 259 2976 modo
281 2913 331 2976 ius
352 2912 529 2994 imperandi
550 2911 664 2977 babuli.
692 2911 773 2993 qued
793 2912 822 2976 si
843 2931 906 2976 uou
924 2911 1041 2994 laberii,
1062 2932 1131 2977 eum

118 3023 152 3067 eo
176 3001 326 3084 apmdum
348 3006 392 3065 esi
413 3002 468 3083 pul
487 3000 568 3082 fecii.

211 3091 261 3154 75.
293 3088 332 3155 D.
351 3089 427 3154 ibid.
446 3094 466 3170 ξ
486 3089 514 3154 1.
543 3127 584 3136 -
613 3089 651 3155 Si
676 3090 861 3172 quadrupes,
893 3090 981 3155 euius
1006 3091 1131 3155 momine

117 3179 199 3244 aelia
222 3183 295 3242 essci
316 3198 385 3242 eum
407 3179 539 3262 domiuo,
561 3181 643 3262 quod
656 3180 840 3262 pauperiem
860 3178 986 3260 fecisset,
1008 3179 1047 3244 ab
1065 3179 1129 3244 alio

117 3269 218 3334 occisa
239 3273 283 3331 esi
305 3271 333 3331 ei
354 3287 423 3331 eum
445 3288 478 3333 eo
501 3269 562 3351 lepe
583 3269 716 3352 Aquilia
737 3270 850 3351 apiiur,
873 3270 1045 3334 aeslimaiio
1067 3289 1130 3334 aaa

116 3357 162 3422 od
187 3376 297 3438 corpus
323 3356 541 3438 quadrupedis,
564 3358 618 3423 sed
638 3357 682 3422 od
702 3377 828 3422 causam
850 3358 927 3438 eius,
954 3359 989 3421 iu
1013 3378 1071 3440 pua
1093 3359 1131 3421 de

112 3447 265 3529 pauperie
291 3446 370 3509 aelio
397 3450 452 3529 esi,
480 3447 589 3526 referri
613 3446 696 3511 debet
717 3451 745 3510 ei
767 3446 846 3510 lauti
867 3447 1065 3510 dammandus
1087 3449 1132 3509 esi

191 3597 206 3645 1
226 3591 274 3647 Fl.
292 3607 377 3647 manu
394 3590 534 3647 iniuriam.
