2568 3912
136 221 200 285 548
505 217 778 276 ADDITAMEN'PA.

137 384 201 448 fuit
219 383 280 447 ists
299 387 396 464 tutor,
415 381 606 466 quibusdam
626 381 752 447 videtur
770 403 833 446 non
853 380 961 445 venire
977 381 1011 444 in
1025 381 1149 445 tutelae

136 471 298 549 iudicium,
319 471 347 534 si
362 470 458 535 modo
477 471 506 536 is
525 471 592 535 dies
612 471 714 554 [post]
734 469 870 534 tutelam
889 469 1016 534 finitam
1036 491 1149 553 super-

136 561 233 625 venit.
270 558 355 644 quod
380 560 408 624 si
426 559 494 624 dies
514 559 616 623 adhue
636 559 770 622 durante
789 559 890 624 tutela
910 558 1008 640 venit,
1031 563 1151 642 putant

137 649 324 714 omnimodo
349 648 473 712 devolvi
496 650 530 712 in
552 647 672 712 tutelae
696 647 857 711 iudicium.

467 806 517 872 De
539 807 655 872 delictis
670 807 815 888 privatas.

226 915 277 980 89.
292 913 362 978 Gai.
376 914 406 999 4,
421 914 449 979 8.
468 950 506 960 —
521 912 665 978 Poenam
678 918 805 977 tantum
819 912 1041 998 persequimur
1061 913 1151 978 velut

137 1004 263 1069 actione
296 1003 373 1067 furti
404 1008 437 1066 et
463 1001 654 1067 iniuriarum
684 1006 717 1066 et
744 1001 915 1066 seeundum
945 1001 1149 1086 quorundam

138 1091 320 1177 opinionem
345 1093 470 1156 actione
494 1090 526 1154 vi
549 1091 708 1156 bonorum
732 1094 907 1175 raptorum.

554 1238 602 1297 De
623 1240 719 1311 furtis.

225 1340 289 1405 90⁸.
314 1338 383 1404 Gai.
398 1340 429 1420 2,
442 1339 494 1405 51.
526 1374 564 1385 -
597 1360 791 1403 ...eorum
814 1337 987 1420 sententia,
1011 1337 1067 1421 qui
1088 1360 1148 1423 pu·

137 1430 279 1494 taverint
300 1428 454 1492 furtivum
478 1427 612 1492 fundum
635 1427 705 1492 fieri
728 1449 832 1513 posse.

226 1514 293 1582 90¹³.
318 1516 355 1582 D.
365 1517 418 1600 47,
428 1518 458 1599 2,
468 1516 511 1582 45
522 1539 568 1601 pr.
601 1515 762 1600 Ulpianus
777 1516 860 1580 libro
875 1515 1148 1600 quadragensimo

137 1607 178 1672 ad
207 1604 370 1670 Sabinum.
394 1642 437 1651 —
540 1605 684 1690 plerique
714 1605 867 1689 probant,
900 1603 992 1668 fundi
1023 1603 1148 1668 furtum

137 1695 190 1779 agi
214 1717 278 1759 non
303 1715 407 1778 posse.

226 1789 262 1847 of.
285 1788 325 1866 11,
350 1791 366 1846 1
392 1807 421 1863 p.
440 1790 515 1849 ase.

226 1871 278 1935 91.
311 1871 379 1936 Gai.
398 1870 433 1952 3,
452 1871 525 1937 208.
553 1907 588 1918 -
620 1922 680 1936 ...
705 1869 868 1936 sciendum
891 1875 941 1934 est
965 1871 1149 1954 quaesitum

141 1981 212 2024 esse
236 1982 276 2022 an
294 1961 428 2043 inpubes
449 1982 515 2023 rem
536 1960 674 2024 alienam
699 1960 878 2024 amovendo
897 1958 1020 2024 furtum
1040 1958 1150 2025 faeiat.

138 2047 300 2132 plerisque
323 2048 441 2131 placet,
464 2049 540 2132 quia
562 2048 682 2113 furtum
707 2070 745 2112 ex
768 2048 894 2112 adfectu
918 2048 1079 2132 consistit,
1102 2049 1150 2113 ita

137 2137 267 2201 demum
296 2135 434 2218 obligari
460 2157 497 2200 eo
525 2137 657 2200 erimine
686 2137 900 2220 impuberem,
929 2137 956 2201 si
982 2139 1148 2220 proximus

137 2224 299 2311 pubertati
326 2225 369 2288 sit
392 2229 425 2288 et
447 2228 488 2289 ob
512 2223 544 2288 id
568 2227 739 2310 intellegat
761 2245 795 2289 se
819 2226 1014 2310 delinquere.

227 2313 278 2377 92.
303 2311 416 2396 Gai,3‚
433 2315 504 2378 184.
526 2351 564 2360 -
584 2313 793 2380 Manifestum
817 2315 938 2378 furtum
963 2314 1092 2398 quidam
1115 2313 1149 2378 id

139 2425 209 2467 esse
233 2402 389 2484 dixerunt,
412 2402 497 2486 quod
521 2403 595 2468 dum
619 2402 665 2480 fit,
689 2402 946 2487 deprehenditur.
992 2401 1049 2466 alii
1071 2424 1147 2466 vero

138 2492 287 2573 ulterius,
316 2491 399 2576 quod
429 2513 467 2556 eo
491 2491 562 2556 loeo
586 2490 849 2575 deprehenditur,
876 2492 931 2556 ubi
953 2491 992 2555 fit
1091 2492 1148 2555 alii

141 2581 245 2645 adhue
267 2581 403 2645 ulterius
427 2603 464 2645 eo
489 2602 588 2665 usque
608 2579 813 2645 manifestum
833 2581 954 2645 furtum
973 2602 1043 2644 esse
1063 2580 1148 2644 dixe·

138 2676 228 2754 runt,
251 2670 351 2734 donee
374 2669 530 2753 perferret
553 2690 590 2734 eo
616 2690 679 2754 quo
702 2669 842 2752 perferre
865 2668 918 2733 fur
941 2667 1148 2753 destinasset3

139 2759 195 2822 alii
223 2758 327 2824 adhue
354 2759 501 2841 ulterius,
533 2758 723 2842 quandoque
756 2779 826 2822 eam
860 2779 929 2821 rem
955 2757 1007 2822 fur
1035 2765 1148 2822 tenens

139 2847 227 2911 visus
251 2847 356 2911 fuerit.

505 2941 553 2998 De
575 2941 634 3014 leue
655 2939 785 3014 Aquilia.

228 3040 279 3105 93.
303 3040 388 3104 Fest.
406 3063 437 3124 p.
454 3040 582 3104 1111-
598 3039 746 3106 Occisum
771 3063 790 3105 a
812 3044 926 3106 neoato
949 3040 1149 3126 distinguunt

140 3127 283 3212 quidam,
315 3128 399 3212 qnod
435 3128 572 3192 alterum
607 3151 626 3192 a
661 3129 820 3194 caedendo
854 3133 950 3214 atque
980 3129 1047 3194 istu
1076 3128 1150 3193 fieri

141 3216 261 3297 dieunt,
286 3217 420 3280 alterum
446 3218 514 3279 sine
538 3217 612 3280 ietu.
660 3250 664 3258 ·

228 3310 264 3368 ef.
288 3309 448 3384 Ip.136.

228 3391 280 3454 94.
295 3389 605 3473 Garama—Hoc
620 3394 758 3478 ..capite
769 3391 826 3481 (se.
836 3391 949 3480 tertio)
961 3417 1025 3460 non
1037 3395 1148 3479 quanti

141 3479 173 3541 in
202 3499 239 3542 eo
267 3500 368 3560 anno,
395 3479 450 3543 sed
479 3481 590 3564 quanti
619 3481 652 3544 in
680 3482 792 3546 diebus
815 3481 907 3548 XXX
933 3484 1086 3567 proximis
1111 3505 1148 3547 ea

141 3588 191 3629 res
219 3566 329 3649 fuerit,
358 3567 528 3631 damnatur
554 3567 582 3632 is
611 3571 665 3651 qui
695 3569 845 3635 damnum
869 3572 1000 3636 dederit.
1046 3594 1082 3636 ao
1108 3591 1147 3635 ne
