2590 3902
419 258 443 305 2.
462 249 652 305 FULCINIUS
671 250 818 306 PRISCUS
1055 251 1121 317 265

474 430 525 496 De
545 433 615 496 iure
636 434 762 498 dotem

198 539 230 602 4.
252 537 293 602 D.
303 537 357 620 25,
368 538 427 615 1,3
443 542 476 601 et
488 539 541 620 25,
554 539 630 621 3pr.
658 539 818 623 Ulpianus
832 540 916 606 libro
930 540 1121 626 trigeusimo

108 631 202 692 sexto
227 627 269 691 ad
287 624 444 691 Sabinum
467 625 516 713 (P.
535 625 646 712 2805).
672 664 710 674 -
735 628 825 692 Inter
846 630 1044 694 necessarias
1062 631 1121 694 im·

107 737 229 800 pensas
253 736 324 779 esse
342 713 451 780 Labeo
475 716 521 779 ait
542 717 645 781 moles
668 717 703 780 iu
726 738 813 781 mare
836 718 889 782 vel
911 717 1031 783 flumen
1048 740 1122 802 pro·

108 807 222 870 iectus.
273 803 329 868 sed
361 807 395 868 et
426 803 455 868 si
480 805 654 887 pistrinum
680 805 732 869 vel
759 806 911 870 horreum
938 809 1122 873 necessario

108 893 233 958 factum
271 893 327 974 sit,
362 893 397 956 in
433 893 622 958 necessariis
658 894 814 978 impensis
850 894 1035 960 habendum
1067 896 1123 962 ait.

109 981 247 1066 proinde
279 979 443 1046 Fulcinius
479 982 600 1065 inquit,
637 983 664 1045 si
699 981 878 1047 aedificium
909 1005 1005 1048 ruens
1038 986 1124 1069 quod

109 1071 233 1135 habere
251 1070 381 1134 mulieri
399 1069 479 1134 utile
494 1073 565 1134 erat
577 1070 736 1152 refecerit,
755 1076 811 1135 aut
826 1072 854 1135 si
869 1071 989 1136 oliveta
1002 1072 1124 1139 reiecta

109 1159 356 1242 restauraverit,
390 1158 439 1223 vel
471 1157 659 1241 stipulatio¹
690 1159 799 1224 damni
830 1159 941 1224 infecti
968 1182 1009 1223 ne
1038 1183 1123 1226 com·

109 1248 264 1312 mittatur
292 1247 505 1330 praestiterit,
533 1250 538 1324 Ι
567 1247 620 1312 vel
648 1249 676 1312 si
704 1249 787 1313 vites
814 1248 1045 1334 propagaverit
1072 1251 1123 1313 vel

111 1337 246 1402 arbores
275 1335 436 1400 curaverit
461 1336 513 1400 vel
540 1337 713 1401 seminaria
733 1359 793 1421 pro
816 1338 959 1402 utilitate
983 1337 1055 1422 agri
1076 1337 1124 1402 fe-

6 1507 7 1518 ,
111 1425 207 1508 cerit,
229 1424 426 1489 necessarias
448 1425 614 1508 impensas
636 1425 750 1489 fecisse
772 1426 941 1491 videbitur.

202 1512 233 1578 5.
257 1511 363 1595 D.50,
379 1513 430 1596 16,
445 1513 496 1594 79,
512 1514 540 1578 1.
575 1513 666 1578 Idem
688 1510 747 1600 (sc.
764 1511 900 1600 Paulus)
922 1515 1007 1580 libro
1032 1519 1123 1579 sexto

6 1681 7 1684 Ἴ
111 1602 154 1666 ad
177 1601 342 1666 Plautium
364 1597 415 1687 (P.
430 1599 540 1688 1127).
561 1638 599 1648 -
623 1601 739 1667 ‘Utiles
762 1603 938 1686 impensas'
960 1625 1031 1668 esse
1049 1603 1124 1668 Ful·

6 1717 8 1744 2
111 1691 220 1757 ciuius
240 1690 296 1774 ait,
314 1712 396 1773 quae
415 1691 580 1755 meliorem
600 1691 707 1755 dotem
723 1690 854 1777 faciant,
872 1714 938 1756 uon
951 1691 1124 1775 (tantum)

112 1779 308 1844 deteriorem
331 1799 401 1843 esse
424 1800 489 1842 non
513 1779 633 1861 sinant,
656 1800 695 1843 ex
718 1779 834 1863 quibus
854 1781 978 1845 reditus
997 1782 1126 1846 mulieri

112 1867 317 1952 adquiratur,
350 1867 444 1932 sicuti
477 1867 601 1931 arbusti
630 1868 883 1950 pastinationem
911 1870 998 1934 ultra
1026 1891 1123 1954 quam

6 2031 7 2040 ἱ
111 1977 245 2021 necesse
268 1954 387 2039 fuerat,
409 1956 489 2019 item
512 1955 692 2020 doctrinam
714 1978 897 2039 puerorum.

204 2045 234 2110 6.
261 2042 301 2108 D.
321 2044 372 2125 ll,
391 2044 421 2127 7,
438 2043 481 2108 29
489 2065 536 2126 pr.
582 2042 682 2108 Gaius
707 2045 791 2109 libro
819 2067 905 2111 nono
933 2045 1058 2110 decimo
1081 2045 1123 2110 ad

113 2133 254 2198 edictum
285 2131 482 2216 provinciale
509 2131 558 2215 (P.
577 2129 666 2217 327).
694 2169 736 2179 -
765 2131 800 2197 Si
830 2134 945 2198 mulier
972 2139 1048 2218 post
1076 2134 1125 2198 di-

112 2222 255 2287 vortium
293 2220 347 2284 alii
381 2224 483 2305 nupta
514 2220 698 2305 decesserit,
734 2243 801 2286 nou
831 2225 927 2305 putat
960 2221 1126 2287 Fulcinius

113 2311 256 2394 priorem
293 2308 458 2388 maritum,
494 2308 569 2373 lieet
600 2310 681 2374 lucri
713 2309 820 2374 dotem
851 2310 966 2392 facist,
1003 2311 1126 2376 funeris

113 2401 296 2483 impensam
318 2400 494 2480 praestare.

289 2554 340 2622 De
361 2557 523 2622 dmcttone
545 2557 624 2622 inter
645 2559 748 2622 virum
770 2561 798 2621 et
818 2576 953 2621 caman

7 2735 8 2738 Ἴ
207 2664 237 2727 7.
262 2661 300 2726 D.
315 2663 368 2746 24,
384 2663 412 2744 l,
426 2663 469 2728 29
477 2685 524 2746 pr.
560 2661 755 2747 Pomponius
773 2662 857 2726 libro
872 2666 987 2746 quarto
1003 2661 1126 2728 decimo

7 2823 9 2854 ,
116 2751 158 2817 ad
177 2750 335 2816 Sabinum
355 2748 406 2835 (P.
420 2749 509 2837 599).
533 2787 574 2798 —
599 2749 633 2815 Si
656 2751 770 2815 mulier
794 2771 832 2813 ex
852 2750 988 2833 pecunia
1007 2750 1127 2814 donata

7 2857 8 2878 ¹
116 2845 262 2924 emptum
292 2861 419 2904 servum
447 2840 643 2904 vendidisset
670 2842 703 2903 et
726 2839 825 2903 alium
848 2838 993 2921 emisset,
1021 2843 1127 2923 poste

116 2930 238 2994 riorem
261 2927 404 3012 periculo
428 2928 570 2992 mulieris
595 2949 665 2993 esse
688 2927 855 2993 Fulcinius
879 2927 1015 3011 scripsit.

7 3019 8 3054 ἓ
208 3021 389 3097 Pomponius
413 3022 508 3081 addit:
533 3016 625 3098 ‘quod
647 3041 706 3083 non
730 3024 776 3082 est
792 3041 905 3098 verum,
927 3022 999 3082 licet
1016 3041 1076 3082 nou
1094 3042 1129 3082 ex

7 3165 8 3176 ,
116 3130 150 3170 re
172 3110 274 3170 mariti
297 3111 415 3186 emptus
438 3103 498 3171 sit'

209 3194 238 3260 8.
263 3191 300 3258 D.
311 3193 363 3275 39,
378 3194 407 3274 6,
421 3193 474 3260 43.
501 3192 657 3260 Neratius
675 3195 758 3259 libro
772 3195 876 3278 primo
892 3193 1130 3280 Responsorum
1189 3198 1193 3204 '

8 3318 9 3352 ι
119 3281 170 3369 (Ρ.
191 3279 259 3368 82).
283 3317 325 3328 -·
348 3280 526 3347 Fulcinius:
554 3283 637 3348 inter
665 3285 769 3349 virum
799 3287 831 3347 et
857 3305 989 3350 uxorem
1014 3285 1129 3350 mortis

8 3447 9 3452 γ
120 3392 219 3436 causa
251 3370 457 3436 donationem
490 3371 538 3435 ita
569 3372 652 3455 fieri,
675 3373 716 3436 ·si
748 3372 885 3438 donator
917 3372 1129 3437 iustissimum

118 3461 236 3524 mortis
259 3465 382 3525 metum
404 3459 533 3524 habeat.

195 3622 208 3668 1
228 3615 276 3671 Fl.
296 3631 330 3670 ex
349 3614 537 3685 stipulatione.
