2590 3902
169 211 235 276 330
257 194 303 266 'u
322 210 471 267 uenum
491 208 948 267 urrannurrnus.1un1s
968 209 1149 267 consumi

575 415 683 475 Liber
706 415 774 474 VII.
801 421 803 426 “

395 533 582 618 Lepatoram
604 535 824 600 servandorum
847 554 951 600 sonsa.

255 643 306 710 55.
330 642 370 706 D.
385 641 481 726 aaa,
497 643 547 708 13.
584 640 736 707 Neratius
756 641 838 705 libro
859 641 997 725 septimo
1017 641 1177 708 Membra·

166 755 291 799 narum.
318 767 356 779 -
381 730 423 795 ni
451 752 591 815 quoque,
618 731 669 796 oui
698 730 880 815 legatorum
907 731 991 796 aetio
1020 731 1115 796 datur
1141 731 1178 796 in

168 844 249 905 eum,
268 821 323 907 qui
341 821 569 904 praetermissa
585 818 789 884 institutione
805 819 846 883 ab
861 819 1016 885 intestato
1030 821 1179 904 possidet

40 966 42 972 .
165 910 388 993 hereditatem,
410 909 593 995 legatorum
616 907 792 973 satisdatur
811 912 851 990 et,
874 908 939 973 nisi
958 908 1177 994 satisdabitur,

166 1001 200 1065 in
214 999 451 1084 possessionem
466 998 649 1082 legatorum
664 996 895 1062 servandorum
910 1018 1007 1062 eausa
1017 998 1176 1082 mittitur3

164 1111 240 1155 nam
259 1089 338 1153 haee
360 1108 486 1172 quoque
505 1091 635 1170 praetor
653 1084 787 1170 perinde
804 1086 893 1150 salve
908 1106 977 1150 esse
991 1087 1062 1151 vult
1077 1090 1176 1173 atque

164 1200 203 1243 ea
226 1199 307 1263 quae
330 1176 398 1241 iure
422 1175 510 1241 civili
535 1175 701 1240 debentur.
741 1174 826 1239 idem
846 1172 991 1240 Aristoni
1013 1175 1129 1259 planet.

451 1334 502 1400 De
522 1335 680 1401 vetorum
701 1335 889 1418 obtipationa.

252 1445 304 1510 56.
327 1441 368 1507 D.
385 1442 435 1526 15,
450 1441 481 1525 3,
498 1442 547 1507 18.
584 1440 737 1508 Neratius
758 1441 841 1506 libro
857 1441 996 1526 septimo
1011 1441 1175 1508 Membra-

162 1557 286 1602 narum
309 1568 353 1582 -
376 1529 528 1607 Quamvis
557 1532 591 1594 in
615 1552 684 1594 eam
709 1552 777 1594 rem
799 1551 859 1614 pro
883 1551 975 1596 servo
999 1553 1071 1596 meo
1094 1531 1174 1597 fide·

163 1623 307 1706 iusseris,
330 1641 412 1707 quae
435 1619 482 1684 ita
505 1623 673 1685 eontracta
696 1623 754 1701 est,
777 1624 814 1683 ut
836 1618 871 1682 in
890 1641 957 1684 rem
977 1642 1081 1685 meam
1101 1642 1174 1685 ver·

162 1715 298 1795 seretur,
320 1709 421 1775 veluti
445 1709 481 1791 si,
504 1730 577 1772 eum
600 1729 710 1772 servus
733 1708 931 1774 frumentum
955 1709 1085 1774 emisset
1107 1731 1173 1794 quo

161 1799 286 1866 familia
314 1799 465 1880 aleretur,
495 1795 656 1862 venditori
682 1794 837 1861 frumenti
859 1796 1069 1880 fideiussoris,
1096 1820 1171 1883 pro·

161 1890 234 1973 pius
259 1891 453 1968 esttamen,
481 1888 519 1949 ut
541 1884 579 1949 de
602 1884 728 1969 peculio
753 1906 790 1950 eo
814 1886 957 1965 nomine,
982 1908 1049 1951 non
1072 1885 1111 1951 ds
1135 1888 1171 1953 in

160 1999 229 2042 rem
252 1997 345 2040 verso
369 1995 465 2061 agere
489 1974 604 2058 possis,
625 1977 661 2038 ut
684 1973 778 2038 unius
801 1973 969 2039 dumtaxat
987 1975 1019 2039 in
1040 1997 1169 2061 quoquo

161 2069 328 2131 contractu
362 2063 399 2127 de
430 2063 465 2127 in
496 2083 564 2126 rem
596 2083 689 2127 verso
718 2062 761 2126 sit
788 2063 888 2145 aetio,
920 2064 974 2148 qni
1001 2063 1034 2128 id
1062 2065 1171 2149 ipsum
1259 2123 1263 2132 .

161 2153 296 2219 credidit
319 2150 404 2238 quod
427 2152 460 2216 in
483 2172 551 2215 rem
575 2150 698 2216 domini
720 2172 849 2215 versum
874 2156 931 2216 est.

456 2310 506 2376 De
518 2310 703 2376 'ltereditelis
719 2312 871 2397 petitione.

248 2420 300 2485 57.
323 2419 362 2484 D.
372 2419 404 2501 5,
415 2420 445 2502 3,
455 2418 506 2499 13,
516 2420 546 2484 3.
574 2415 665 2482 Idem
684 2413 743 2504 (so.
757 2414 931 2505 Ulpianus)
949 2417 1033 2483 libro
1052 2420 1166 2504 quinto

159 2510 282 2576 decimo
305 2508 345 2574 ad
368 2509 506 2573 edietum
531 2505 581 2593 (P.
595 2504 684 2592 512).
708 2542 751 2553 -
775 2505 941 2590 (Neratius
964 2507 1048 2573 libro
1072 2514 1166 2576 sexto

158 2597 420 2664 Membranarum
439 2597 552 2662 scribit
570 2597 610 2660 ab
625 2595 740 2660 herede
753 2595 820 2679 peti
834 2594 1046 2660 hereditatem
1060 2618 1170 2682 posse,

159 2687 288 2755 etiamsi
310 2687 438 2772 ignoret
460 2708 519 2771 pro
543 2684 659 2750 herede
684 2685 734 2750 vel
753 2705 812 2769 pro
831 2705 1018 2768 possessore
1038 2684 1168 2752 defune-

158 2781 228 2843 tum
256 2771 462 2862 possedisse.)
507 2773 593 2839 idem
621 2796 690 2839 esse
718 2773 801 2839 libro
830 2773 968 2856 septimo
997 2773 1044 2838 ait
1067 2775 1167 2840 etiam

158 2867 186 2931 si
213 2865 342 2949 putarit
366 2864 460 2928 heres
488 2885 542 2928 eas
567 2884 618 2926 res
642 2884 681 2927 ex
704 2862 764 2927 hae
787 2861 965 2926 hereditate
989 2884 1059 2928 esse
1083 2885 1166 2948 quae

159 2954 221 3019 sibi
245 2954 352 3017 delata
375 2955 433 3016 est.

247 3041 299 3106 58.
323 3039 362 3104 D.
377 3041 408 3124 5,
421 3040 451 3122 3,
465 3037 517 3104 57.
559 3037 712 3105 Neratius
736 3041 820 3105 libro
844 3039 981 3125 septimo
1005 3039 1166 3106 Membra·

157 3151 281 3195 narum.
314 3165 351 3175 -
381 3125 461 3193 Oum
495 3128 580 3191 idem
611 3126 744 3192 eandem
771 3128 984 3194 hereditatem
1013 3128 1165 3195 adversus

158 3218 236 3283 duos
265 3216 407 3282 defendit
435 3220 468 3280 et
493 3214 665 3280 secundum
689 3216 828 3281 alterum
852 3240 890 3283 ex
912 3217 964 3282 his
988 3218 1164 3284 iudicatum

157 3313 215 3388 est,
238 3306 349 3390 quaeri
368 3305 460 3385 solet,
477 3309 584 3368 utrum
603 3304 736 3388 perinde
755 3306 784 3369 ei
803 3306 1013 3372 hereditatem
1032 3309 1163 3372 restitui

158 3397 322 3479 oporteat,
349 3397 445 3477 atque
474 3396 651 3478 oporteret,
679 3394 708 3458 si
730 3394 885 3460 adsersus
909 3394 1010 3461 alium
1033 3395 1167 3462 defensa

156 3505 222 3549 non
245 3486 343 3566 esset,
366 3489 403 3547 ut
421 3481 544 3547 seilicet
563 3482 590 3547 si
608 3503 684 3547 mox
703 3487 736 3548 et
755 3484 928 3549 seeundum
947 3485 1046 3550 alium
1065 3483 1165 3550 fuerit

156 3572 346 3656 iudicatum,
378 3570 564 3637 absolvatur
596 3571 623 3636 is
656 3593 728 3636 eum
760 3595 822 3658 quo
855 3577 962 3639 aetum
994 3578 1055 3655 est,
1088 3573 1165 3658 quia
