2614 3912
476 204 499 253 5.
524 197 641 255 TI'l'IUS
659 199 790 256 ARISTO

435 432 486 499 De
508 435 543 498 ia
565 454 631 500 rem
653 435 830 501 actionibus.

216 560 269 624 42.
305 558 344 622 D.
364 559 416 641 26,
437 560 465 642 7,
484 560 535 624 61.
590 558 680 623 Idem
718 556 777 647 (sa.
807 558 1019 649 Pomponius)
1054 563 1136 628 libro

128 649 304 714 vicensimo
333 646 555 732 Epistularum
583 645 633 735 (P.
653 649 741 730 210).
765 687 807 696 -
831 650 928 733 Apud
950 651 1137 716 Aristonem

127 737 173 802 ita
197 737 353 820 seriptum
377 741 439 802 est:
463 738 544 818 qaod
564 737 656 820 aetna
679 739 789 803 tatoris
804 739 947 823 papillas
970 760 1006 804 ea
1023 740 1138 807 heredi*

125 831 187 892 tate
213 827 305 892 desiit
328 827 492 909 possitae,
520 827 586 892 eins
608 827 780 892 aestimatio
802 829 1002 909 inpetitione
1022 829 1135 895 heredi·

20 901 21 912 '
125 916 198 982 tatu
220 917 287 981 auo
309 916 376 980 oza
398 915 586 980 natatione
608 917 678 998 fias
699 916 814 981 eoae
834 918 888 995 aa
911 918 940 981 st
956 918 1078 1000 pausa
1101 921 1136 984 a

122 1005 285 1071 meditate
302 1009 427 1070 oaatam
444 1005 492 1070 sit.
526 1008 657 1071 sautum
677 1009 784 1070 autem
803 1027 873 1070 esse
891 1005 1018 1070 videtur
1037 1007 1135 1071 etiam

69 1104 72 1108 '
124 1095 151 1159 si
179 1098 270 1159 tutor
298 1095 359 1158 erit
388 1093 535 1174 idoneus,
563 1116 582 1158 a
610 1115 673 1177 quo
702 1094 824 1158 servari
848 1094 952 1179 possit
974 1095 1020 1178 id,
1050 1095 1135 1179 quod

122 1182 269 1267 pupillus
293 1204 330 1246 ex
354 1183 421 1247 litis
444 1182 672 1248 aestimatione
696 1183 842 1248 subierit.

212 1293 388 1370 Sequuntur
401 1294 488 1353 hese:
508 1287 572 1354 ‘sed
592 1295 618 1354 si
635 1295 720 1354 tutor
734 1294 874 1355 solvendo
892 1313 952 1354 nou
966 1297 1020 1374 est,
1033 1294 1135 1355 viden·

122 1383 193 1444 dum
217 1383 286 1459 erit,
309 1387 411 1442 utrum
429 1428 435 1442 .
451 1429 459 1444 .
473 1376 493 1442 ‚⁹

210 1485 263 1549 43.
291 1483 522 1568 D.45‚1,83,
545 1485 572 1549 1.
617 1483 738 1551 Paulus
766 1485 849 1550 libro
874 1486 1133 1570 septuagensimo

122 1574 262 1639 seeundo
282 1574 322 1638 ad
341 1574 481 1640 edietum
501 1569 552 1659 (P.
569 1571 657 1661 798).
677 1611 719 1620 —
740 1571 774 1638 Si
794 1573 942 1638 Stichum
961 1574 1134 1658 stipulatus

122 1662 161 1727 de
185 1663 251 1728 elio
275 1662 423 1746 sentium,
446 1666 482 1726 tu
504 1662 543 1726 de
562 1663 636 1747 alio,
659 1663 740 1728 nihil
760 1667 865 1728 aetum
884 1663 955 1730 erit.
996 1662 1082 1747 quod
1101 1665 1133 1727 et

121 1751 157 1815 in
180 1750 305 1817 iudiciis
329 1751 442 1816 Aristo
467 1751 672 1816 existimavit.

214 1863 326 1924 Paulus
355 1863 452 1923 addit:
482 1856 546 1923 ‘sed
568 1863 617 1922 hie
640 1863 736 1940 magis
760 1867 818 1942 est,
846 1867 882 1924 ut
903 1865 929 1922 is
951 1864 1066 1941 petitus
1088 1863 1132 1925 vi·

120 1951 241 2030 deutur,
265 1954 301 2012 de
325 1972 384 2029 quo
408 1956 492 2012 ector
515 1945 629 2012 sensit'.

349 2143 399 2209 De
422 2125 612 2226 adquirendo
634 2163 738 2208 raaia
761 2143 909 2208 dominio.

208 2267 260 2331 44.
291 2266 328 2333 D.
343 2268 395 2345 41,
413 2269 440 2350 1,
457 2267 506 2331 19.
553 2266 750 2350 Pomponius
777 2267 861 2332 libro
889 2269 986 2332 tertio
1011 2269 1050 2332 ed
1075 2266 1132 2332 Sa-

121 2357 233 2421 binum
259 2354 308 2440 (P.
326 2353 417 2443 414).
442 2393 484 2402 —
508 2355 605 2421 Liber
633 2357 745 2436 homa,
773 2356 828 2440 qui
856 2358 941 2421 bona
968 2357 1029 2420 fide
1052 2357 1132 2420 mihi

121 2446 231 2528 servit,
256 2445 316 2526 [id]
341 2445 426 2529 quod
446 2466 485 2509 ex
504 2446 610 2529 operis
631 2445 696 2509 suis
716 2448 772 2508 eut
792 2466 829 2508 ex
849 2466 883 2508 rs
902 2467 974 2508 mea
992 2449 1132 2528 pararet,

121 2534 159 2598 ad
183 2555 235 2598 me
258 2535 420 2617 pertinere
444 2534 513 2598 siue
532 2533 629 2599 dubio
649 2533 759 2597 Aristo
778 2533 835 2616 ait,
859 2533 943 2616 quod
963 2554 1038 2598 vero
1059 2533 1130 2617 quis

120 2622 148 2687 ei
167 2623 336 2686 donaverit
355 2629 412 2687 eut
432 2645 470 2686 ex
488 2623 620 2706 negotio
639 2625 732 2706 gesto
753 2622 951 2704 adquisierit,
971 2621 1131 2704 adipsum

119 2712 290 2796 pertinere.
328 2711 383 2776 sed
402 2711 614 2777 hereditatem
632 2711 814 2790 legatumve
832 2732 897 2774 non
912 2709 1036 2793 adquiri
1051 2709 1130 2774 mihi

120 2823 178 2884 per
202 2821 284 2885 eum,
308 2801 382 2885 quia
401 2822 505 2886 neque
524 2821 563 2864 ex
581 2822 616 2865 re
635 2821 707 2864 mee
728 2801 844 2883 [neque
864 2821 902 2863 ex
922 2799 1029 2883 operis
1049 2798 1128 2878 suis]

118 2890 152 2955 id
181 2890 224 2955 sit
247 2911 305 2955 nee
328 2891 394 2953 ulla
419 2890 486 2954 eius
511 2911 609 2974 opera
633 2893 718 2954 esset
741 2888 775 2952 in
799 2889 920 2972 legato,
947 2887 981 2952 in
1003 2887 1129 2951 heredi·
1166 2928 1169 2933 -

119 2983 187 3044 tate
213 2979 427 3064 aliquatenuq
450 2979 527 3063 quia
550 2978 735 3064 peripsum
759 2977 914 3060 adiretur,
937 2999 1000 3060 quo
1023 2974 1131 3041 de1et

118 3067 255 3133 Verium
278 3066 446 3132 Lucullum
470 3067 640 3151 aliquando
661 3067 834 3151 dubitasse,
859 3067 913 3131 sed
933 3066 1039 3130 verius
1060 3087 1130 3129 esse

118 3179 185 3222 non
205 3156 341 3242 adquiri,
361 3157 490 3222 etiamsi
509 3158 647 3222 testator
666 3156 706 3221 ad
720 3178 772 3220 me
786 3155 944 3221 voluisset
957 3154 1128 3240 pertinere.

119 3246 176 3311 sed
204 3245 280 3311 lieet
308 3247 336 3310 ei
364 3245 439 3330 <eui
462 3246 602 3330 serviet>
631 3245 763 3310 minime
793 3245 946 3330 adquirit,
977 3247 1130 3327 attamen,

119 3336 148 3400 si
176 3336 327 3401 voluntas
356 3335 487 3401 evidens
511 3335 677 3400 testatoris
700 3339 870 3418 appareat,
899 3332 1129 3399 restituendam

119 3446 191 3491 esse
215 3425 244 3489 ei
266 3423 488 3490 hereditatem.

192 3585 206 3633 1
228 3580 275 3635 Ft.
295 3582 377 3648 quod.

864 3664 916 3718 25*
