2596 3902
171 233 236 299 134
249 234 296 290 III.
306 233 383 290 GAII
393 232 542 290 CLAUDII
551 231 687 288 Numen,
697 231 841 287 GALBAE
852 231 959 290 Tune.
969 231 1066 288 IURIS
1077 230 1181 289 CONS.

170 402 278 464 mento
303 398 488 479 scribserat,
518 396 632 460 deinde
655 397 702 460 ita
724 396 904 482 legaverat:
936 395 1043 461 ‘Lueio
1065 395 1182 462 Publio

169 485 329 552 Corneliis
358 487 396 551 ud
426 487 671 550 monumentum
699 506 806 549 meum
833 483 1065 550 aedificandum
1091 485 1182 550 mille

168 576 262 640 heres
295 597 384 640 meus
416 573 515 639 deto’.
566 573 738 639 Trebatius
770 573 937 658 respondit
969 595 1026 657 pro
1056 595 1093 639 eo
1123 575 1182 639 he-

168 663 309 729 bendum
337 685 374 729 ae
403 664 430 728 si
458 664 506 727 ite
531 663 675 748 legatum
699 666 796 744 esset,
826 661 854 727 si
878 662 1123 727 satisdedissent
1146 685 1181 728 se

168 753 215 817 ite
242 752 275 817 id
303 756 547 818 monumentum
576 773 615 816 ex
643 774 680 816 ee
706 751 842 835 pecunie
871 751 1023 816 facturos.
1071 751 1181 817 Labeo

169 842 314 907 Trebatii
337 842 529 906 sententium
551 842 682 925 probet,
712 839 787 923 quio
809 839 890 904 haee
913 861 1003 904 mens
1027 841 1181 906 testantis

168 930 291 1014 fuisset,
321 935 358 996 ut
381 952 419 994 ea
441 930 579 1014 peounis
601 929 635 993 in
660 932 904 994 monumentum
930 932 1182 994 consumeretur.

168 1019 253 1084 idem
276 1021 310 1084 et
332 1040 393 1104 ego
417 1022 451 1083 et
473 1018 629 1083 Proenlus
651 1017 836 1102 probemus.

257 1108 286 1173 9.
317 1108 357 1173 D.
378 1107 430 1190 35,
451 1110 479 1191 1,
498 1107 549 1172 69.
602 1103 702 1171 Gaius
735 1106 819 1170 libro
852 1107 949 1171 tertio
982 1105 1104 1172 decimo
1138 1107 1180 1170 ud

167 1199 272 1282 legem
291 1196 409 1262 Iuliam
432 1200 465 1261 et
483 1195 619 1280 Papium
639 1192 688 1280 (P.
702 1191 792 1282 469).
814 1229 852 1241 -
874 1193 909 1259 Si
927 1195 974 1261 ita
993 1217 1181 1279 expressum

168 1287 242 1350 erit:
276 1284 390 1368 uitio,
428 1286 455 1350 si
487 1285 641 1368 voluerit,
676 1285 716 1348 do
749 1282 846 1369 lego',
880 1283 963 1368 apud
995 1283 1181 1350 Labeonem

167 1373 323 1440 Prooulus
351 1378 444 1439 notet
466 1395 531 1439 non
555 1371 649 1437 eliter
673 1373 712 1437 ad
735 1372 1060 1457 heredemlegatsrii
1081 1373 1180 1458 perti·

167 1485 252 1548 nere,
276 1485 374 1548 quam
398 1464 426 1527 si
447 1462 519 1546 ipse
542 1461 719 1546 legatarius
739 1461 879 1527 voluerit
897 1460 937 1525 ed
956 1483 991 1526 se
1010 1462 1181 1546 pertinere,

168 1552 244 1637 quis
267 1552 413 1617 condicio
436 1572 592 1636 personae
616 1551 761 1616 iniuncto
783 1550 919 1615 videtur.
1209 1628 1214 1632 ⁸

258 1641 308 1706 10.
344 1640 419 1704 vat.
446 1640 484 1704 fr.
514 1641 555 1704 71
599 1637 688 1724 (Uip.
725 1640 780 1704 lib.
812 1638 908 1703 XVH
945 1638 985 1702 sd
1023 1637 1181 1704 Sabinum

167 1728 201 1792 P.
216 1725 341 1816 255912).
355 1729 500 1812 —Apud
515 1728 697 1794 Labeonem
714 1727 819 1813 agitet
828 1764 870 1775 —
881 1728 1052 1812 pertinere,
1068 1751 1181 1813 quam·

167 1818 216 1882 vis
240 1817 397 1884 Proculus
419 1840 485 1883 non
505 1853 595 1864 --

463 1993 514 2060 De
535 1997 684 2078 emptione
706 1995 884 2060 venditione.

260 2121 309 2185 11.
346 2119 474 2204 (1113,
503 2119 576 2185 140.
614 2155 652 2166 -
696 2117 843 2184 Pretium
875 2166 916 2184 ..
951 2121 1073 2184 eertum
1111 2140 1182 2184 esse

168 2208 276 2292 debet3
308 2230 384 2273 nem
410 2208 554 2294 alioquin
582 2209 611 2273 si
637 2210 684 2273 its
706 2206 790 2273 inter
818 2230 877 2273 nos
908 2207 1110 2292 convenerit,
1143 2212 1180 2272 ut

168 2298 282 2381 quenti
301 2297 406 2362 Titius
425 2319 495 2362 rem
515 2297 744 2380 aestimaverit,
767 2297 852 2361 tenti
871 2297 914 2362 sit
933 2301 1052 2382 empta,
1070 2282 1179 2363 Labeo

166 2387 300 2472 negavit
326 2387 427 2451 ullum
456 2386 523 2452 vim
550 2386 613 2451 hoe
640 2386 807 2469 negotium
834 2386 967 2470 hebere3
995 2383 1085 2450 euius
1113 2387 1182 2472 opi-

170 2475 302 2540 nionem
320 2472 453 2541 Cassius
476 2474 603 2559 probat.
645 2473 759 2540 Ofilius
783 2480 816 2539 et
838 2497 908 2539 eum
933 2476 1129 2559 emptionem
1149 2479 1183 2540 et

168 2565 401 2650 venditionem3
433 2565 522 2630 euius
546 2563 731 2649 opinionem
755 2563 910 2629 Proeulus
934 2567 1061 2628 secutus
1086 2568 1145 2628 est.

515 2758 565 2826 De
586 2760 713 2843 negotiis
732 2761 833 2843 pestis.

258 2882 308 2948 12.
346 2883 385 2949 D.
409 2885 442 2962 3,
463 2881 498 2966 5,
522 2883 559 2968 9,
584 2885 611 2947 1.
666 2880 827 2967 Ulpianus
864 2883 948 2947 libro
983 2881 1106 2947 deoimo
1140 2883 1181 2948 ad

168 2971 310 3035 edietum
338 2969 389 3058 (P.
408 2967 497 3057 354).
520 3007 564 3018 -
591 2970 625 3035 Is
646 3021 677 3035 ..
696 2971 751 3055 qui
780 2972 986 3055 negotiorum
1014 2974 1182 3055 gestorum

169 3058 239 3144 agit
276 3080 341 3123 non
372 3060 476 3124 solum
508 3059 537 3123 si
569 3059 719 3123 effectum
751 3059 866 3124 habuit
894 3059 1061 3145 negotium
1094 3060 1181 3144 quod

169 3148 280 3233 gessit,
299 3148 425 3212 actione
443 3147 509 3211 iste
527 3151 646 3230 utetur,
665 3147 719 3211 sed
739 3146 868 3230 suffieit,
887 3149 916 3212 si
928 3149 1053 3214 utiliter
1067 3147 1181 3234 gessit,

168 3236 232 3301 etsi
256 3236 403 3302 effectum
426 3257 491 3301 non
510 3234 627 3301 hebuit
644 3235 812 3320 negotium
828 3286 835 3301 .
850 3241 883 3302 et
900 3236 972 3303 ideo
992 3237 1021 3302 si
1040 3238 1181 3303 insulem

169 3324 263 3390 fulsit
279 3325 330 3389 vel
350 3346 479 3390 servum
498 3345 631 3410 aegrum
651 3326 786 3409 emovit,
805 3326 933 3391 etiamsi
947 3326 1053 3391 insula
1068 3332 1182 3392 exuste

169 3419 220 3478 est
243 3414 293 3478 vel
318 3435 428 3478 servus
451 3413 543 3499 obiit,
567 3419 642 3500 aget
664 3413 867 3499 negotiorum
888 3419 1062 3500 gestorum,
1084 3415 1181 3500 idque

170 3506 204 3567 et
221 3499 330 3567 Labeo
353 3503 480 3588 probet.
522 3503 578 3568 sed
600 3507 637 3568 ut
655 3502 769 3570 Celsus
790 3505 897 3589 refert,
920 3505 1075 3570 Proculus
1095 3505 1181 3588 apud

168 3613 244 3656 eum
276 3594 370 3656 notat
402 3613 467 3658 non
501 3614 627 3676 semper
658 3593 773 3659 debere
804 3593 882 3658 dari.
933 3592 1008 3676 quid
1037 3593 1124 3658 enim
1152 3594 1181 3657 si
