2590 3902
167 204 232 269 322
269 205 302 262 V.
321 203 472 260 NERVAE
490 203 538 258 ΕΤ
556 202 708 259 TRAIANI
726 203 833 260 TEMP.
852 202 948 259 mals
968 201 1151 259 CONSULTI

397 401 448 468 De
471 403 660 469 moliatur
681 403 717 468 io
738 423 804 468 rem
825 403 950 469 artium.

258 509 312 575 28.
330 507 498 591 1).6,2,17.
530 507 685 575 Neratius
699 509 783 575 libro
797 509 896 574 tertio
909 508 1182 575 Membranarum.

171 631 211 646 -·
235 596 427 663 Publiciana
453 597 538 663 actio
565 620 631 664 non
658 598 730 663 ideo
759 602 946 683 comparata
974 601 1036 682 est,
1063 602 1100 664 ut
1126 621 1180 664 res

169 687 300 752 domino
325 686 502 771 auferatur,
525 687 657 772 eiusque
679 688 727 752 rei
750 691 975 772 argumentum
999 691 1049 752 est
1071 688 1180 772 primo

169 776 329 861 aequitas,
362 775 476 840 deinde
503 776 648 861 exceptio
676 775 717 840 ‘si
744 797 782 841 ea
809 796 861 841 res
887 776 1084 861 possessoris
1110 798 1181 842 non

168 861 232 947 sit',
264 864 320 929 sed
348 868 386 930 ut
411 865 453 947 is,
489 865 545 950 qui
571 865 657 929 bona
683 864 745 928 fide
774 865 853 928 emit
879 867 1180 950 possessionemque

170 953 239 1018 eius
262 975 300 1018 ex
324 975 362 1017 ea
381 975 478 1019 causa
495 957 608 1018 nactus
628 958 685 1036 est,
706 953 815 1036 potius
833 975 902 1018 rem
920 952 1041 1019 habeat
1058 954 1180 1038 <quam

170 1042 308 1127 quilibet
330 1042 413 1108 alius
435 1046 563 1127 praeter
586 1042 765 1126 dominum,
789 1043 817 1108 si
840 1042 869 1107 is
892 1063 960 1107 rem
983 1042 1134 1125 habeat).

533 1218 584 1284 De
605 1219 810 1286 servitutibus

254 1327 308 1392 29.
327 1325 365 1392 D
381 1327 410 1411 8
425 1326 455 1410 3,
469 1327 499 1410 3,
514 1325 598 1391 3.-
616 1323 679 1402 om
692 1324 792 1391 habe
804 1326 966 1411 haustum,
979 1325 1042 1390 iter
1051 1348 1178 1411 quoque

168 1416 287 1481 habere
306 1415 393 1480 videt
379 1420 431 1480 tur
450 1415 490 1479 ad
509 1413 1072 1499 hauriendumtet,utaitNerat't1us
1092 1415 1178 1481 libro

166 1506 243 1571 tert
232 1527 265 1570 10
218 1504 555 1586 tMembranarum,
578 1503 645 1569 sire
669 1505 698 1568 ei
720 1502 771 1569 ius
793 1503 962 1570 hauriendi
985 1507 1018 1568 et
1040 1503 1178 1570 adeundi

165 1594 221 1678 <in
244 1592 335 1676 iure>
359 1615 484 1658 cessum
508 1593 564 1677 sit,
592 1596 763 1678 utrumque
786 1591 983 1676 habebit,
958 1598 1179 1658 auctentum

166 1682 348 1764 hauriendi,
375 1682 479 1747 inesse
503 1687 536 1746 et
558 1681 627 1747 adit
612 1686 695 1766 tum,
724 1683 791 1746 sive
818 1686 891 1747 taut
892 1703 946 1746 ιιιιι
975 1681 1112 1746 adeundi
1136 1682 1178 1746 ad

165 1768 335 1853 fontem,
325 1774 489 1836 messeet
474 1769 671 1836 thaustum.
717 1771 797 1836 haec
821 1771 860 1835 de
883 1771 1002 1836 haustu
1026 1793 1065 1836 ex
1086 1769 1178 1837 fonte

164 1861 301 1944 privata
343 1905 344 1910 η

254 1948 306 2013 30.
333 1946 373 2013 D.
387 1947 527 2013 ibid-
553 1947 604 2012 Ad
627 1948 746 2013 flumen
770 1952 879 2014 autem
902 1947 1067 2034 publicum
1089 1947 1176 2014 idem

165 2034 318 2101 Neratius
338 2036 449 2101 eodem
469 2037 553 2102 libro
574 2037 732 2103 scribitt
705 2060 716 2101 1
733 2057 766 2101 er
718 2037 900 2102 tdebere
914 2036 972 2120 <in
990 2036 1080 2121 iure>
1097 2037 1178 2124 cedi,

165 2125 317 2190 haustum
345 2146 411 2190 non
442 2129 605 2210 oportere,
642 2129 674 2190 et
706 2126 733 2190 si
765 2126 836 2212 quis
867 2129 996 2191 tantum
1022 2125 1176 2192 haustum

165 2215 310 2298 cesserit,
333 2213 416 2277 nihil
440 2235 513 2278 eum
537 2234 640 2300 agere.

334 2436 338 2445 -
589 2389 640 2455 Dc
661 2412 751 2474 aqua.

255 2500 307 2566 31.
334 2498 374 2565 D
388 2499 441 2583 43
455 2498 508 2581 20
521 2499 552 2562 6
597 2496 751 2562 Neratius
779 2496 863 2563 libro
890 2498 987 2564 tertio
1014 2497 1176 2566 Membra·

167 2611 355 2654 narum-
314 2587 429 2653 -De
456 2586 626 2652 interdicto
651 2585 689 2650 de
713 2608 797 2672 aqua
820 2590 889 2652 aest
890 2587 955 2666 ira,
982 2588 1061 2653 item
1084 2591 1177 2655 cotti·

166 2679 262 2743 diana
277 2680 467 2762 quaerentes
481 2675 621 2760 primurn
632 2674 891 2741 constituendum
901 2676 1176 2763 existimabamus,

166 2788 249 2853 quae
273 2769 358 2831 esset
381 2786 464 2851 aqua
487 2765 621 2851 aestiva,
643 2764 682 2829 de
700 2787 764 2851 qua
780 2765 948 2848 proprium
966 2764 1176 2832 interdictum

165 2856 206 2920 ad
229 2855 349 2939 prioris
369 2854 501 2920 aestatis
519 2857 647 2937 ternpus
665 2854 803 2919 relatum
821 2853 911 2919 reddi
930 2855 1022 2938 solet,
1044 2854 1106 2920 hoc
1125 2860 1176 2921 est

167 2945 292 3009 aestiva
319 2965 403 3028 aqua
429 2946 580 3008 utrumne
604 2964 643 3007 ex
664 2942 733 3007 iure
757 2942 879 3008 aestivo
903 2942 1073 3008 dumtaxat
1058 2947 1175 3008 t·tem

165 3052 243 3116 pore
270 3031 380 3095 utendi
407 3032 579 3116 diceretur,
607 3052 649 3094 an
672 3053 711 3095 ex
733 3034 841 3097 mente
863 3032 1095 3117 propositoque
1118 3032 1175 3098 du·

165 3122 239 3184 cent
239 3120 281 3201 is,
308 3118 394 3204 quod
421 3122 544 3185 aestate
571 3139 643 3184 eam
671 3118 805 3184 ducendi
833 3121 1003 3186 consilium
1030 3121 1176 3208 haberet,

166 3227 270 3272 snex
291 3207 440 3272 natura
430 3208 533 3291 ipsius
557 3228 673 3292 aquae,
696 3206 781 3291 quod
805 3212 927 3274 aestate
949 3213 1022 3274 tant
1023 3232 1077 3274 um
1100 3173 1176 3276 duci

164 3299 288 3378 potest,
321 3317 363 3359 an
395 3317 434 3360 ex
464 3295 607 3361 utilitate
638 3297 794 3380 locorum,
826 3297 860 3362 in
887 3319 969 3382 quae
997 3297 1174 3365 duceretur.

163 3383 314 3468 placebat
336 3383 438 3469 igitur
456 3404 573 3468 aquam
592 3383 633 3450 ob
652 3384 712 3450 has
731 3347 809 3450 duis
828 3407 889 3470 res,
911 3390 969 3452 nat
970 3409 1061 3452 uram
1081 3410 1173 3453 suam

165 3471 402 3556 utilitatemque
425 3473 602 3575 locorum
592 3495 626 3537 ιιι
649 3495 732 3560 quae
756 3473 936 3561 deducitur,
964 3476 1093 3580 proprie
1116 3498 1173 3561 ap

164 3561 294 3647 pellari,
321 3562 368 3626 ita
395 3565 444 3647 ut,
472 3559 540 3627 sire
568 3563 637 3628 eius
663 3567 779 3629 natura
804 3563 877 3650 erit,
904 3569 941 3630 ut
963 3566 1025 3630 nisi
1049 3568 1173 3632 aestate
