2614 3912
410 214 435 266 o.
457 207 666 264 rivorsras
685 207 833 264 Perseus
1060 205 1127 273 425

137 380 139 385 ’
207 371 260 438 94.
288 371 328 438 D.
347 372 425 438 ibid.
444 376 464 454 ξ
487 375 513 438 1.
543 407 581 420 -
611 373 762 438 Fundum
783 372 822 437 ab
844 392 877 437 eo
899 371 1012 453 emisti,
1038 372 1126 438 euius
1177 429 1179 436 ,

117 461 181 546 titii
205 465 314 544 postea
345 462 470 527 brutam
501 461 715 542 administras,
745 481 800 526 neo
830 481 960 526 ooouom
986 460 1127 543 accepisti

111 552 341 634 passessionem
381 551 451 618 diui
473 551 591 615 tradere
613 555 640 614 te
663 550 718 615 tibi
729 551 949 633 possessionem
965 548 1021 614 troo
1037 550 1127 614 modo

54 699 56 712 ‚
111 659 210 724 posse,
232 645 268 704 ut
283 639 426 722 papilius
447 644 476 704 et
493 639 622 720 fomitia
644 640 710 704 eires
731 640 852 704 decedat
868 640 904 704 de
924 638 1031 719 funda,
1055 644 1127 703 tuno

118 735 239 794 demum
262 733 295 794 tu
317 729 505 813 inprediaris
520 729 750 811 possessionem.

208 816 260 883 95.
287 815 327 883 D.
345 817 421 882 ibid.
441 819 461 896 ξ
480 817 510 881 2.
535 853 575 864 -
603 815 666 896 Qui
692 816 827 897 fundum
853 837 890 881 ea
917 816 978 898 iope
1005 819 1127 901 emerat,

117 909 154 972 ut
169 906 270 972 soluto
283 907 416 988 peouuia
434 906 604 971 eraderetur
620 907 650 970 ei
662 906 821 988 possessio,
838 904 955 970 duobus
970 904 1129 970 heredibus

117 995 231 1060 relictis
252 996 383 1060 decessit.
423 995 453 1060 si
474 1014 556 1060 unus
578 1015 698 1060 omnem
714 995 880 1077 perronium
901 994 1032 1077 soluerit,
1049 1013 1128 1076 par·

119 1089 178 1149 tem
194 1084 338 1165 familiae
354 1083 569 1148 turoisoundae
586 1084 700 1148 iudicio
717 1083 865 1160 seruabit;
884 1103 946 1163 nee,
964 1083 993 1147 si
1004 1086 1129 1165 partem

117 1172 229 1252 seirat,
256 1193 294 1237 ea
319 1177 417 1256 empto
444 1193 513 1237 orem
539 1173 691 1238 venditore
717 1176 797 1259 opst,
823 1173 971 1255 quoniam
992 1173 1037 1236 ita
1058 1191 1128 1237 aon·

119 1266 250 1328 uastum
272 1281 324 1326 aes
346 1263 483 1327 alienum
506 1261 603 1326 diuidi
624 1281 687 1326 non
703 1264 814 1343 potuit.
871 1263 872 1270 ’

208 1351 261 1416 96.
288 1349 329 1415 D.
342 1351 419 1415 ibid.
434 1353 454 1429 ξ
469 1351 499 1415 3.
520 1385 558 1397 -
578 1349 752 1415 Frumento
774 1371 851 1433 puae
869 1351 905 1414 in
922 1348 1022 1414 herbis
1040 1353 1131 1413 erant

119 1459 189 1505 oum
220 1440 415 1522 vendidisses,
447 1439 555 1504 dmisti
587 1443 628 1524 te,
659 1440 688 1503 si
718 1440 794 1521 quid
819 1440 850 1504 ot
877 1442 933 1503 aut
959 1441 1130 1521 tenpestate

116 1527 237 1610 factum
263 1533 349 1612 esset,
369 1532 612 1611 praestaturum.
644 1548 681 1592 ea
705 1529 863 1608 frumento
885 1528 969 1592 niues
991 1545 1130 1608 corrupe-

123 1620 214 1693 runt;
245 1618 274 1680 si
300 1618 519 1682 immoderatae
542 1617 673 1698 fererant
698 1621 727 1681 et
752 1620 859 1682 eontra
885 1616 1130 1682 consuetudinem

123 1705 319 1789 tempestatis,
340 1707 393 1788 opi
415 1711 511 1772 tecum
533 1726 571 1772 eoo
593 1711 691 1789 empto
707 1706 828 1787 poterit.

457 1888 504 1948 Do
526 1893 649 1963 emptore
672 1890 797 1948 liberato.

211 1996 262 2063 97.
290 1996 329 2062 D.
345 1997 395 2074 19,
412 2005 439 2078 1,
454 1996 506 2068 50.
547 1997 655 2063 Labeo
677 1998 760 2063 libro
780 2001 894 2082 quarto
914 1997 1130 2082 posteriorum

122 2108 142 2150 a
169 2084 320 2152 Iavoleno
349 2088 607 2171 epitomatorum.
630 2123 673 2133 -
697 2087 792 2152 Boua
818 2088 894 2171 tides
922 2107 984 2153 nau
1000 2087 1131 2170 patitur,

120 2179 164 2253 ut,
186 2195 255 2241 oum
277 2181 393 2258 emptor
415 2175 548 2242 alieuius
571 2175 645 2259 iupis
662 2176 803 2258 beneficio
816 2177 983 2258 pecuniam
1000 2176 1047 2240 rei
1064 2195 1132 2240 om·

121 2264 205 2329 ditae
231 2264 334 2330 debem
359 2265 483 2330 desisset
504 2269 669 2347 antequam
691 2285 740 2330 res
762 2266 790 2330 ei
812 2267 967 2344 tradatur,
994 2265 1133 2330 uenditor

121 2354 241 2418 tradem
263 2353 461 2434 compeliatur
482 2358 511 2418 et
531 2375 565 2418 re
586 2375 646 2420 sua
668 2360 790 2419 careret.
823 2355 1014 2437 possess-ione
1030 2357 1133 2417 auum

123 2442 240 2506 tradita
273 2443 419 2524 futurum
452 2447 507 2520 est,
543 2448 580 2508 ut
609 2464 673 2508 rem
705 2441 754 2526 <et
779 2443 965 2526 pecuniam>
995 2442 1133 2507 uenditor

120 2551 215 2612 aeque
245 2532 410 2614 amitteret,
440 2536 541 2613 utpote
572 2552 641 2596 mom
667 2533 782 2613 petenti
810 2552 879 2596 eam
905 2552 970 2594 rem
996 2528 1134 2614 <emptor

121 2620 321 2702 moeptiouem
348 2621 394 2684 rei
420 2619 558 2685 venditae
584 2625 614 2685 et
640 2622 772 2685 traditae
799 2640 945 2702 opponere
962 2620 1062 2701 possit
1079 2637 1134 2682 uee

114 2709 246 2792 perinde
268 2710 321 2792 sit,
346 2711 438 2790 quasi
459 2709 635 2792 semrom>
651 2710 766 2791 petitor
788 2711 815 2774 ei
837 2729 931 2791 neque
953 2707 1135 2772 uendidisset

121 2818 217 2880 neque
239 2798 422 2863 tradidisset.

408 2955 457 3023 De
480 2956 626 3022 locatione
648 2958 850 3022 conductione.

490 3077 537 3136 De
560 3079 646 3137 domu
669 3079 770 3137 boatu.
885 3127 886 3130 ,

212 3178 264 3244 98.
287 3176 326 3244 D.
344 3179 393 3263 19,
407 3180 438 3262 2,
452 3179 504 3246 28.
545 3178 653 3245 Labeo
677 3178 761 3244 libro
786 3184 900 3264 quarto
919 3179 1134 3260 posteriorum

123 3268 376 3351 epitomatorum
400 3290 421 3332 a
438 3266 601 3334 Iavoleno.
623 3303 660 3315 -
687 3267 825 3348 Quodsi
847 3269 930 3334 domi
948 3268 1135 3334 habitatione

122 3358 286 3423 oonduotor
311 3377 404 3439 aeque
429 3376 505 3422 usus
529 3357 652 3439 fuisset,
678 3355 797 3441 purtis¹
819 3354 918 3422 'etiam
940 3359 1005 3422 eius
1027 3359 1135 3422 domus

121 3447 300 3531 mmmmm,
322 3465 400 3528 quoe
421 3446 530 3510 uitium
549 3445 682 3526 ferisset,
705 3445 804 3511 deberi
819 3451 920 3528 putat.

196 3590 210 3638 1
231 3583 280 3640 Fi.
298 3585 513 3654 praestaturum.
