2568 3912
546 198 824 261 ADDITAMENTA.

548 379 658 444 Locott
680 380 826 444 condocti.

268 504 325 569 36.
355 501 425 568 Gai.
454 506 483 582 3,
514 504 586 568 143.
612 539 650 550 -
677 554 707 569 ..
732 504 760 567 si
783 503 888 568 alieno
912 503 1048 569 arbitrio
1078 525 1202 570 merces

181 593 343 678 permissa
367 591 419 675 sit,
441 593 529 657 velut
515 597 665 677 ttrquan
641 591 795 656 ti'Titius
822 596 892 656 aest
878 591 1050 676 t,imaverit
1075 594 1201 677 quaeri·

181 689 253 766 tur,
291 702 332 745 an
368 642 486 746 lodatio
520 685 553 745 et
585 680 754 745 conduct't1o
790 684 865 746 cont
851 681 1009 745 t.rahatur
1055 703 1122 766 qua
1162 683 1201 746 de

182 792 283 835 causa
298 793 324 834 si
316 769 451 834 f'ulloni
460 769 612 854 potienda
624 770 812 849 curandave,
827 770 1016 834 sarcinatori
1031 771 1200 835 sarcienda

128 892 130 897 ·
183 859 378 923 vestimenta
406 859 555 940 dederim,
583 859 671 922 nulla
695 858 805 923 statim
834 851 978 922 mercede
1008 859 1198 942 constituta,
1232 905 1235 912 -

181 951 311 1100 postea*³
326 951 455 1012 tantum
483 908 615 1012 detritus
644 947 759 1032 quanti
790 947 874 1010 inter
906 969 966 1011 nos
1000 910 1198 1029 convenerit,

64 1042 67 1048 '
183 1037 350 1120 quaeritur
373 1058 415 1101 an
437 1036 534 1100 locat'
510 1040 597 1100 troe
581 1035 800 1101 etconductio
819 1057 881 1100 con
881 1036 1059 1101 trahatur.

272 1144 322 1209 37.
352 1141 424 1208 Gai.
450 1142 480 1225 3,
511 1143 583 1207 144.
602 1179 652 1207 ,-
681 1141 764 1206 Item
798 1145 827 1206 sl
858 1163 924 1206 rem
953 1142 1015 1222 tibi
1042 1143 1197 1207 utendam

183 1233 326 1297 dederim
364 1235 396 1295 et
431 1231 569 1295 invicem
601 1230 698 1296 aliam
731 1251 798 1295 rem
830 1231 981 1294 utendam
1012 1231 1198 1319 acceperim,
1269 1253 1270 1292 1

132 1336 134 1339 ’
175 1321 347 1405 'quaeritur
371 1343 413 1384 an
435 1319 554 1385 locatio
578 1324 610 1384 et
629 1319 798 1384 conductio
817 1319 1036 1385 contrahatur.

113 1477 115 1481 -
272 1428 323 1493 38.
352 1425 580 1504 dai.,3„145.
608 1463 644 1472 -
675 1425 766 1491 Adeo
791 1426 964 1509 ..emptio
996 1430 1029 1490 et
1052 1427 1196 1491 venditio

122 1538 123 1542 ’
183 1521 215 1581 et
242 1515 360 1582 locatio
389 1514 557 1580 conductio
585 1514 840 1579 familiaritatem
873 1515 1016 1599 aliquam
1043 1517 1130 1580 inter
1161 1537 1195 1579 sa

141 1643 142 1648 ι
160 1674 163 1679 ,
181 1606 300 1670 habere
319 1605 475 1683 videntur,
498 1607 535 1668 ut
558 1603 591 1667 in
612 1604 805 1688 quibusdam
824 1603 929 1668 causis
949 1604 1059 1687 quaeri
1082 1604 1194 1686 soleat,

182 1698 290 1758 utrum
325 1693 445 1778 emptio
478 1697 511 1757 et
539 1693 682 1757 venditio
712 1692 922 1757 contrahatur
951 1715 994 1756 an
1017 1693 1138 1758 locatio
1165 1697 1196 1756 et

184 1783 361 1847 conductio.
407 1782 506 1846 veluti
529 1782 556 1845 si
579 1803 717 1866 quares
740 1781 775 1844 in
797 1785 988 1865 perpetuum
1012 1783 1100 1846 locat
1086 1786 1122 1845 ta
1145 1782 1196 1859 ιιι·

183 1871 268 1955 quod
283 1871 389 1935 evenit
411 1870 444 1934 in
464 1869 603 1955 praediis
623 1869 821 1954 municipum
838 1891 919 1954 quae
939 1892 977 1934 ea
995 1870 1069 1954 lege
1089 1872 1194 1936 locan-
1269 1895 1270 1972 p

183 1963 307 2041 tur,et
274 1959 488 2043 equamdiu
515 1959 654 2044 vectigal
681 1963 806 2042 praesta
790 1962 870 2042 et,ur
892 1980 996 2042 neque
1024 1960 1089 2045 ipsi
1122 1981 1194 2025 con·

184 2047 310 2112 ductori
332 2068 435 2130 neque
457 2047 568 2114 heredi
592 2049 660 2112 eius
683 2047 850 2132 praedium
875 2047 1047 2112 auferatur.
1168 2089 1171 2096 ·

272 2154 324 2218 39
348 2151 418 2217 Gai.
432 2153 462 2237 3,
479 2154 608 2218 146-
621 2153 704 2218 Item
725 2153 976 2238 [quaeritur],'
951 2176 978 2218 s1
997 2153 1192 2238 gladiatores

96 2267 97 2270 ¹
184 2239 221 2306 ea
248 2242 320 2327 lege
348 2241 450 2306 tibit
435 2203 637 2325 tiadiderim,
673 2243 775 2307 utin
804 2243 948 2328 singulos
983 2243 1038 2328 qui
1075 2244 1193 2329 integri

183 2331 333 2412 exierint,
362 2353 422 2414 pro
455 2331 570 2396 sudore
601 2332 733 2396 denario
763 2330 825 2396 XX
855 2331 935 2396 mihi
964 2330 1130 2417 darentur,
1152 2334 1192 2395 'in
1269 2405 1270 2408 Ἴ

183 2441 239 2485 eos
272 2441 347 2485 vero
376 2421 531 2506 singulos,
562 2421 617 2504 qui
647 2420 743 2486 occisi
781 2425 838 2485 aut
874 2419 1035 2484 debilitati
1063 2420 1193 2497 fuerint,
1269 2415 1270 2428 ¹

183 2509 308 2574 denarii
331 2508 432 2593 mille,
460 2511 625 2594 quaeritur
647 2513 754 2574 utrum
779 2509 900 2593 emptio
928 2513 961 2573 et
987 2509 1130 2575 venditio
1153 2531 1192 2573 an

182 2598 281 2665 locat
256 2602 303 2665 tro
327 2603 360 2663 et
383 2598 529 2663 conduct
506 2602 552 2663 ιιο
576 2621 635 2664 con
637 2599 794 2663 t.rahatur

272 2707 325 2770 40.
353 2703 475 2787 data,
500 2704 637 2770 147-
661 2703 744 2769 Item
769 2705 941 2789 quaeritur,
965 2705 1090 2768 sicum
1114 2704 1193 2769 auri·
1269 2715 1270 2784 ,

150 2781 152 2786 ⁸
185 2793 243 2858 fice
272 2794 351 2859 mihi
384 2755 584 2877 convinerit,
616 2795 689 2857 ut
680 2816 707 2857 ιι
743 2815 780 2857 ex
812 2815 890 2858 auro
918 2814 976 2858 suo
1005 2794 1087 2858 certi
1113 2814 1192 2878 pon·
1269 2791 1270 2862 l

186 2881 269 2945 deris
312 2888 481 2966 certaeque
526 2844 649 2947 forinae
696 2883 810 2947 anulos
855 2881 935 2946 mihi
980 2881 1117 2965 faceret,
1161 2885 1193 2945 et
1269 2931 1270 2956 ,

1268 2865 1270 2904 l

186 2971 346 3056 acceperit
373 2971 463 3035 verbi
487 2972 594 3056 gratia
617 2971 765 3036 denarios
791 2968 853 3053 00,
882 2975 990 3033 utrum
1016 2932 1139 3055 emptio
1161 2973 1193 3033 et

91 3075 94 3081 ·
186 3059 329 3123 venditio
353 3081 395 3123 an
418 3059 536 3125 locatio
560 3064 593 3124 et
615 3060 785 3139 conductio
810 3059 1029 3125 contrahatur.
1108 3117 1110 3120 .

274 3171 310 3227 ιι.
333 3189 361 3256 p.
388 3172 438 3229 va.

582 3361 793 3375 -—--—-—..-..
