2570 3904
164 207 207 271 30
235 207 279 261 ΙΙΙ.
296 206 372 261 GAll
387 204 834 261 CLAUDIINERON.GALBAE
846 205 1177 263 reclamaremus

162 370 376 435 interficiendi
408 367 531 433 domini
564 369 707 432 animum
735 369 925 453 sumpsisse,
957 373 1086 434 utnon
1113 392 1180 435 vox

162 461 271 544 minax
295 457 463 542 excideret,
486 458 570 522 nihil
593 479 652 542 per
671 459 888 523 temeritatem
907 458 1178 543 proloqueretur?

163 570 241 613 sane
263 547 435 612 consilium
454 547 639 625 occultavit,
660 547 763 611 telum
780 547 867 613 inter
883 547 1017 632 ignaros
1035 548 1179 631 pararit:

162 659 240 702 num
280 636 431 702 excubias
468 636 636 719 transiret,
678 636 818 700 cubiculi
859 635 946 701 fores
988 635 1180 719 recluderet,

162 727 271 791 lumen
311 725 459 808 inferret,
500 725 629 789 caedem
665 729 812 808 patraret
849 725 998 789 omnibus
1035 724 1178 790 nesciis?

162 816 267 879 multa
294 815 422 879 sceleris
449 813 570 880 indicia
596 814 821 896 praeveniunt:
855 814 957 878 servis
985 813 1014 877 si
1041 834 1179 897 pereun-

162 906 240 969 dum
267 905 325 982 sit,
352 903 387 967 ni
414 903 567 986 prodant,
594 923 766 987 possumus
795 901 916 986 singuli
943 903 1029 966 inter
1056 902 1179 988 plures,

161 994 225 1058 tuti
251 993 336 1057 inter
359 993 488 1077 anxios,
514 994 679 1075 postremo
702 1011 770 1054 non
792 991 889 1055 inulti
912 992 999 1056 inter
1023 995 1178 1056 nocentes

163 1104 269 1168 agere.
324 1084 474 1165 suspecta
511 1079 690 1144 maioribus
727 1080 849 1144 nostris
880 1079 1012 1144 fuerunt
1043 1079 1180 1164 ingenia

162 1192 342 1252 servorum,
380 1170 478 1234 etiam
509 1191 582 1234 cum
614 1169 648 1231 in
681 1169 768 1252 agris
803 1173 860 1233 aut
892 1168 1041 1233 domibus
1073 1167 1179 1248 isdem

162 1265 372 1325 nascerentur
392 1259 623 1342 caritatemque
643 1256 845 1322 dominorum
860 1257 970 1322 statim
985 1258 1180 1340 acciperent.

161 1353 335 1433 postquam
364 1369 440 1411 vero
467 1346 617 1411 nationes
644 1347 678 1409 in
705 1345 837 1410 familiis
860 1345 1029 1428 habemus,
1058 1346 1178 1431 quibus

161 1438 281 1502 diversi
302 1438 399 1519 ritus,
427 1438 561 1499 externa
583 1456 676 1500 sacra
699 1438 756 1499 aut
778 1436 870 1500 nulla
892 1439 982 1520 sunt,
1005 1435 1179 1500 colluviem

160 1528 259 1593 istam
286 1525 446 1590 nonnisi
474 1527 562 1588 metu
586 1524 774 1588 coercueris.
818 1529 852 1589 at
874 1524 1005 1609 quidam
1028 1525 1177 1590 insontes

161 1616 322 1698 peribunt.
354 1634 453 1677 'nam
490 1617 523 1676 et
558 1635 598 1677 ex
633 1613 706 1678 fuso
745 1614 885 1677 exercitu
921 1635 994 1678 cum
1033 1613 1176 1678 decimus

160 1704 296 1787 quisque
319 1702 397 1767 fusti
419 1701 548 1783 feritur,
571 1703 671 1768 etiam
696 1703 818 1766 strenui
841 1703 1029 1767 sortiuntur.
1075 1702 1177 1767 habet

162 1791 283 1875 aliquid
320 1813 358 1855 ex
394 1791 506 1874 iniquo
539 1812 634 1855 omne
666 1811 823 1874 magnum
855 1793 1052 1876 exemplum,
1089 1791 1176 1875 quod

162 1885 277 1945 contra
300 1880 446 1965 singulos
469 1879 611 1945 utilitate
634 1880 764 1964 publica
785 1880 980 1964 rependitur.

252 1977 438 2042 ‘Sententiae
457 1980 553 2041 Cassii
570 1987 606 2042 ut
624 2002 711 2042 nemo
730 2001 808 2041 unus
827 1984 988 2042 contraire
1008 2001 1099 2042 ausus
1118 1987 1174 2060 ast,

161 2073 206 2131 ita
239 2071 376 2131 dissonae
408 2089 495 2132 voces
527 2072 748 2147 respondebant
778 2091 938 2130 numerum
965 2076 1019 2130 aut
1045 2074 1178 2131 aetatem

162 2164 216 2220 aut
248 2179 352 2220 sexum
383 2178 417 2220 ac
449 2161 645 2236 plurimorum
678 2161 833 2220 indubiam
860 2160 1060 2220 innocentiam
1086 2161 1176 2220 mise·

160 2251 301 2310 rantium.
356 2249 526 2324 praevaluit
556 2252 659 2308 tamen
690 2268 773 2325 pars,
807 2268 882 2326 quae
915 2249 1095 2325 supplicium
1127 2250 1177 2309 de·

95 2415 98 2420 ¹
160 2338 309 2398 cernebat.
372 2337 424 2397 sed
470 2337 673 2413 obtemperari
719 2357 778 2398 non
819 2340 953 2416 poterat,
994 2339 1177 2417 conglobata

162 2427 356 2486 multitudine
379 2429 410 2486 et
433 2445 505 2486 saxa
527 2445 563 2486 ac
585 2427 665 2486 faces
682 2427 823 2486 minante.
865 2431 932 2486 tum
950 2425 1062 2487 Caesar
1078 2447 1176 2505 popu·

161 2518 224 2576 lum
252 2516 349 2575 edicto
376 2515 527 2592 increpuit
554 2523 645 2594 atqua
674 2535 759 2575 omne
787 2516 857 2588 iter,
886 2536 945 2594 quo
973 2516 1107 2576 damnati
1136 2518 1177 2577 ad

160 2625 288 2682 poenam
310 2605 505 2681 ducebantur,
528 2605 712 2664 militaribus
734 2605 893 2682 praesidiis
913 2605 1035 2681 saepsit.
1071 2623 1175 2665 censu-

162 2698 229 2755 erat
252 2694 415 2773 Cingonius
439 2693 549 2771 Varro,
575 2698 613 2754 nt
634 2695 738 2754 liberti
760 2712 891 2771 quoque,
915 2695 967 2771 qui
990 2695 1045 2753 sub
1070 2695 1176 2754 eodem

160 2787 241 2844 tecto
264 2784 405 2861 fuissent,
434 2783 526 2843 Italia
549 2783 793 2860 deportarentur,
820 2784 852 2841 id
875 2799 894 2840 a
916 2783 1050 2859 principe
1073 2783 1175 2858 prohi-

161 2873 259 2930 bitum
295 2875 352 2948 est,
389 2891 426 2931 ne
463 2891 526 2931 mos
564 2875 718 2949 antiquus,
755 2891 843 2948 quem
879 2871 1083 2931 misericordia
1114 2891 1176 2932 non

162 2960 324 3036 minuerat,
348 2979 402 3035 per
425 2960 584 3019 saevitiam
606 2953 834 3020 intenderetur'.

423 3109 475 3169 IV.
504 3110 618 3170 Notae
642 3111 685 3170 ad
708 3109 913 3170 Vitellium.

250 3215 386 3276 Cassium
413 3217 452 3276 ad
474 3217 600 3276 Masurii
623 3217 726 3276 Sabini
754 3217 943 3295 opusculum,
971 3217 1051 3293 quod
1077 3217 1173 3298 vulgo

161 3299 328 3365 ‘Vitellius’
351 3306 564 3366 nominabatur
587 3298 629 3387 (v.
646 3307 723 3382 Il,1
750 3327 777 3382 p.
793 3299 885 3386 376),
908 3310 996 3366 notas
1019 3307 1175 3383 scripsisse

159 3394 307 3473 Ulpianus
335 3395 371 3454 D.
392 3397 442 3469 33,
459 3399 488 3474 7,
504 3398 555 3475 12,
571 3398 610 3456 27
636 3387 679 3474 (v.
703 3395 783 3454 inira
806 3387 862 3477 31)
891 3396 1012 3456 videtur
1038 3397 1174 3474 trader03

160 3485 240 3561 quod
270 3485 368 3545 nescio
401 3504 441 3544 an
472 3485 504 3544 in
535 3503 615 3546 nova
646 3485 848 3561 praeceptoris
879 3483 1014 3562 opusculi
1041 3484 1175 3546 editione

159 3575 239 3635 notis
262 3575 410 3635 instructa
432 3574 547 3636 fecerit.
