2580 3900
176 207 239 272 156
255 205 301 264 lIL
313 184 388 262 GAII
400 204 548 260 CLAUDII
558 201 693 260 NERON.
704 203 849 260 GALBAE
860 203 967 260 nnnP.
977 203 1072 260 IURIS
1085 203 1191 260 CONS.

258 375 340 446 Quae
369 376 548 450 sequuntur:
576 367 635 433 ‘sin
662 375 763 433 autem
787 371 921 432 nondum
942 371 1017 432 mihi
1039 371 1186 431 damnum

170 464 299 540 dederis,
318 463 370 523 sed
382 464 427 522 ita
439 463 541 542 ignem
554 462 674 539 habeas,
693 464 882 538 utametuam,
900 480 937 520 ne
952 461 1026 519 mihi
1040 461 1185 520 damnum

168 553 235 628 des,
269 553 370 612 damni
401 552 506 612 infecti
536 555 610 629 puto
644 551 779 612 sufficere
811 542 993 610 cautionem'
1022 569 1081 610 non
1108 550 1185 609 item

169 661 188 702 a
210 641 336 701 Proculo
359 641 506 717 Ulpianus
529 641 650 701 videtur
672 639 883 715 desumpsisse.

259 727 324 790 69⁸.
357 724 473 791 Collat.
494 725 545 808 12,
564 725 594 805 7,
612 724 642 789 9.
693 722 852 807 Ulpianus
884 722 968 788 libro
997 720 1110 788 XVIII
1141 722 1184 787 ad

172 814 311 879 edietum
323 810 373 901 (P.
393 809 550 900 6232)-
566 812 722 878 Proculus
742 860 771 878 ..
790 811 965 897 respoudit,
984 834 1055 877 oum
1074 811 1183 877 coloni

172 903 256 967 servi
289 901 403 968 villam
437 902 632 984 exusserint,
663 901 814 967 uolonum
846 901 897 965 vel
931 921 970 965 ex
996 901 1102 966 locato
1130 901 1185 966 vel

169 991 242 1077 lege
260 989 393 1077 Aquilia
412 991 524 1075 teneri,
548 993 595 1056 ita
614 994 650 1054 ut
669 991 802 1055 oolonus
821 1011 931 1055 servos
950 993 1061 1073 posset
1079 1011 1186 1054 noxae

169 1080 299 1162 dedere,
330 1083 364 1146 et
396 1080 424 1143 si
459 1102 520 1145 uno
552 1079 670 1144 iudicio
698 1101 751 1144 res
779 1084 865 1144 esset
892 1078 1046 1161 iudicata,
1079 1079 1185 1144 altero

169 1171 308 1254 amplius
331 1192 395 1234 non
420 1168 589 1251 agendum.

258 1256 325 1324 69¹³.
349 1256 388 1322 D.
399 1258 429 1342 9,
439 1257 593 1340 2,27,11.
635 1255 796 1340 Ulpianus
820 1257 904 1321 libro
924 1259 1038 1321 octavo
1058 1255 1183 1322 deoimo

169 1347 210 1412 ad
234 1347 372 1412 edietum
392 1397 399 1411 .
418 1383 463 1392 -
480 1346 638 1412 Proculus
662 1347 718 1428 ait,
741 1367 814 1410 oum
835 1345 944 1411 coloni
963 1345 1047 1410 servi
1070 1345 1182 1410 villam

170 1435 382 1521 exussissent,
414 1435 564 1501 uolonum
592 1434 644 1500 vel
672 1457 710 1500 ex
738 1433 846 1499 looato
875 1435 925 1500 vel
952 1435 1024 1520 lege
1052 1433 1185 1519 Aquilia

169 1524 285 1608 teneri,
322 1525 369 1589 ita
406 1527 443 1589 ut
475 1524 607 1589 colonus
642 1521 749 1608 possit
780 1544 891 1600 servos
923 1544 1025 1588 noxae
1058 1522 1184 1610 dedere,

171 1617 205 1678 et
237 1613 264 1678 si
296 1634 362 1678 uno
392 1613 510 1678 iudicio
538 1634 590 1677 res
619 1616 704 1677 esset
731 1612 886 1695 iudicata,
914 1612 1018 1677 altero
1046 1611 1184 1693 amplius

174 1723 241 1766 non
265 1701 437 1785 agendum.

260 1791 312 1856 70.
339 1788 634 1876 boleslaum.
679 1789 841 1874 Ulpianus
865 1790 886 1853 l.
904 1790 924 1855 l.
951 1825 987 1836 -
1015 1837 1045 1854 ..
1068 1786 1182 1855 Celsus

169 1878 253 1943 libro
280 1877 409 1943 XXVII
433 1879 646 1963 Digestorum
674 1878 800 1944 soribIt:
829 1879 857 1943 si
884 1900 956 1944 oum
986 1900 1063 1962 apes
1091 1899 1183 1944 meae

170 1968 210 2032 ad
234 1974 309 2032 tuas
329 1968 544 2053 advolassent,
565 1973 602 2033 tu
621 1989 674 2032 eas
695 1968 863 2050 exusseris,
886 1967 1043 2051 quosdam
1061 1987 1182 2052 negare

172 2063 354 2140 competere
377 2056 459 2142 legis
479 2057 629 2141 Aquiliae
653 2056 819 2137 sotionem,
844 2057 930 2120 inter
952 2078 1033 2140 quos
1057 2060 1090 2121 et
1107 2055 1185 2121 Pro·

172 2145 290 2231 nulum,
309 2146 401 2230 qnasi
421 2168 498 2231 apes
514 2145 636 2212 domini
655 2146 719 2210 mei
737 2166 803 2210 non
817 2143 945 2210 fuerint.
1028 2143 1184 2210 Proculus

173 2255 211 2299 eo
248 2239 404 2312 movetur,
441 2236 527 2319 quod
562 2256 622 2300 neo
658 2238 846 2299 mansuetae
882 2254 940 2298 neo
976 2234 1024 2298 ita
1056 2234 1184 2298 clausae

172 2322 295 2389 fuerint
317 2323 345 2407 <.
361 2374 368 2388 .
383 2324 423 2409 >.
1036 2351 1038 2354 ·

260 2418 298 2478 Ι).
315 2419 345 2495 9,
360 2420 389 2495 2,
404 2420 456 2495 27,
472 2420 512 2477 12
541 2418 616 2478 haee
642 2418 763 2476 tautum
786 2416 919 2476 exhibet:
952 2409 997 2475 ‘Si
1023 2434 1090 2476 eum
1114 2434 1187 2492 apes

171 2524 256 2567 meae
278 2507 317 2566 ad
335 2510 404 2568 tuas
422 2505 623 2575 advolassent,
645 2508 682 2565 tn
700 2524 751 2565 eas
770 2504 927 2579 exusseris,
950 2504 1027 2583 legis
1045 2505 1187 2581 Aquiliae

172 2595 321 2656 actionem
345 2599 513 2674 competere
537 2594 641 2656 Celsus
665 2588 729 2655 ait'.

261 2681 312 2744 71.
329 2679 379 2746 .D.
393 2681 423 2762 9,
438 2681 468 2765 2,
482 2679 534 2756 29,
551 2680 578 2744 1.
623 2676 785 2765 Ulpianus
812 2678 898 2745 libro
922 2680 1037 2743 octavo
1061 2677 1187 2742 deoimo

171 2768 212 2833 ad
241 2768 381 2834 edietum
409 2767 458 2855 (P.
475 2765 580 2855 625³).
608 2805 653 2814 -
680 2767 715 2834 Si
742 2771 923 2852 protectum
951 2788 1072 2850 meum,
1101 2767 1188 2850 quod

173 2878 271 2941 supra
300 2857 430 2922 domum
458 2861 549 2922 tuam
576 2858 665 2923 nullo
694 2857 762 2922 iure
788 2856 963 2934 habebam,
990 2853 1188 2939 reddidisses,

171 2966 267 3028 posse
290 2967 341 3010 me
364 2950 471 3010 tecum
495 2946 604 3010 damni
628 2946 747 3010 iniuria
770 2966 864 3030 agere
884 2944 1038 3010 Proculus
1058 2944 1187 3028 scribit;

172 3033 312 3098 debuisti
345 3033 430 3099 enIm
463 3056 589 3099 meeum
620 3034 670 3098 ius
702 3033 783 3097 milri
814 3055 880 3096 non
907 3054 976 3098 esse
1003 3035 1188 3118 protectum

172 3120 292 3186 habere
316 3142 424 3206 agere,
447 3144 506 3187 nea
529 3143 599 3187 esse
623 3143 760 3206 aequum
784 3121 935 3187 damnum
959 3143 1010 3187 me
1032 3119 1100 3205 pati
1118 3143 1185 3186 rea·

174 3209 249 3275 oisis
274 3233 293 3274 a
315 3215 348 3275 te
372 3211 452 3274 meis
476 3212 584 3295 tignis.

264 3300 314 3364 72.
348 3299 386 3364 D.
405 3299 436 3381 9,
450 3301 480 3383 2,
496 3301 524 3381 7,
539 3301 567 3365 8.
617 3299 776 3385 Ulpianus
806 3299 888 3365 libro
918 3303 1032 3365 octavo
1061 3297 1186 3364 decimo

174 3385 214 3450 ad
247 3387 387 3453 edietum
420 3384 469 3475 (Ρ.
493 3386 596 3472 614⁸).
627 3425 664 3436 -
694 3388 849 3454 Proculus
883 3388 943 3473 ait,
980 3387 1008 3453 si
1042 3388 1186 3453 medians

174 3497 302 3540 servum
330 3477 478 3560 imperite
506 3479 657 3562 secuerit,
684 3479 735 3543 vel
764 3499 802 3542 ex
829 3479 935 3543 looato
966 3478 1017 3542 vel
1044 3497 1083 3541 ex
1114 3477 1187 3563 lege

173 3563 307 3647 Aquilia
326 3569 507 3649 competere
527 3567 696 3633 actionem.
