2602 3906
401 229 425 276 6.
448 219 657 277 IAVOLENUS
674 221 823 277 PRISCUS
1050 219 1119 286 463

105 386 244 450 nammis
270 385 368 468 ipsius
395 384 513 450 bmedis
538 385 639 464 solvit,
667 385 731 467 ipse
757 385 879 466 quidem
906 390 1033 467 repetere
1055 405 1118 449 non

101 479 209 556 potest.
262 475 315 538 sed
344 475 374 540 si
400 475 560 556 ipnoronte
585 472 691 538 herede
717 494 859 539 nummos
887 475 953 538 eins
980 475 1118 556 tradidit,

106 564 262 644 dominns,
288 564 347 647 oit,
374 583 424 627 eos
450 567 528 627 recte
552 562 727 628 vindicabit.
772 565 875 628 eodem
898 584 992 629 conso
1014 583 1119 628 rernm

106 652 314 734 corporalium
335 655 386 717 est.

430 739 480 805 De
502 741 660 806 interdicto
682 740 794 804 utrubi.

196 847 247 912 19.
269 845 307 911 D.
318 847 371 930 41,
381 848 410 931 3,
422 847 472 913 16.
508 845 680 911 [avolenus
695 846 779 911 libro
799 849 913 930 quarto
928 869 967 911 ex
980 846 1119 913 Plautio.

107 973 146 984 -
174 935 263 1002 Seroi
284 937 419 1015 nomine,
446 936 500 1018 qni
516 937 645 1019 pipnori
666 937 757 1000 doties
779 941 830 1014 est,
853 937 896 999 od
917 935 1118 1002 exhibendum

104 1046 174 1090 cnm
198 1025 355 1110 creditore,
381 1045 445 1089 non
467 1045 536 1089 cnm
557 1025 690 1089 debitore
711 1026 863 1107 opendnm
884 1029 941 1106 est,
967 1027 1042 1106 quio
1063 1027 1120 1107 qni

99 1115 230 1198 pipnori
251 1115 346 1195 dedit,
368 1115 411 1178 od
431 1115 648 1196 nsncopionem
671 1119 792 1178 tontum
809 1115 952 1195 possidet,
975 1115 1056 1196 qnod
1076 1115 1120 1178 od

103 1205 240 1285 reliquos
262 1223 365 1268 omnes
387 1223 497 1267 consae
515 1204 654 1284 pertinet,
676 1204 730 1286 qni
752 1203 864 1284 occepit
878 1203 1020 1285 possidet,
1043 1205 1120 1267 odeo

104 1298 140 1357 nt
160 1293 246 1357 ddici
261 1293 363 1375 possit
383 1296 412 1356 et
427 1293 577 1373 possessio
599 1292 664 1356 eins
686 1292 741 1374 qni
757 1292 885 1374 pipnori
909 1289 1059 1376 aceepitl.

435 1551 439 1564 ⁴
527 1491 636 1550 Liber
658 1491 694 1549 V.

603 1602 619 1666 t

195 1709 247 1774 20.
267 1708 303 1773 D.
314 1707 367 1792 50,
378 1711 429 1794 16,
440 1710 490 1776 83.
519 1709 692 1775 Iavolenus
705 1708 789 1774 libro
805 1710 918 1794 quinto
930 1732 969 1773 ex
978 1708 1119 1774 Plautio.

104 1835 148 1845 -
173 1798 304 1880 Proprie
325 1799 404 1864 bmm
425 1799 488 1863 dici
508 1819 572 1863 non
589 1802 729 1881 possent,
752 1819 830 1881 qnoe
840 1800 916 1885 plns
934 1798 1118 1863 incommodi

103 1908 201 1971 qnam
222 1889 369 1953 commodi
390 1887 508 1952 liabent.

194 1999 230 2059 or.
253 1999 348 2076 spui
372 1999 408 2058 fr.
432 2001 483 2058 47.

334 2193 385 2254 VI.
419 2195 672 2272 Epistularum
695 2196 782 2255 libri
805 2195 884 2255 XIV.

193 2319 363 2379 Labeonem
394 2319 612 2397 Promolumque
647 2325 768 2394 secutus
799 2321 960 2380 Involenua
993 2319 1119 2394 EpIstu·

103 2409 203 2468 larum
233 2407 319 2468 libris
346 2426 490 2484 responsa
519 2427 574 2468 sua
600 2410 764 2486 proposuit.
815 2427 883 2468 eum
909 2407 1045 2467 Iauoleni
1072 2426 1117 2466 re-

103 2515 214 2574 sponsa
241 2497 273 2556 in
299 2497 346 2556 his
373 2496 459 2557 libris
489 2498 599 2557 omissa
624 2498 676 2558 vix
703 2496 903 2573 reperiantur,
937 2514 1012 2572 opus
1040 2495 1118 2553 illud

102 2589 236 2647 extremo
251 2586 370 2646 demum
384 2586 466 2647 vitae
480 2589 613 2662 tempore
627 2586 747 2646 videtur
761 2585 896 2645 edidisse.
929 2584 961 2642 in
973 2583 1117 2659 posterio-

100 2695 171 2736 rum
193 2674 268 2734 iuris
292 2675 495 2736 consultorum
517 2674 694 2752 fragmentis
717 2674 764 2734 illi
786 2673 856 2734 libri
878 2691 1027 2750 nusquam
1050 2672 1114 2729 lau-

100 2761 226 2841 danim
253 2767 286 2823 at
308 2764 436 2826 fortasse
459 2763 613 2823 Aburnins
636 2763 761 2841 Valens,
789 2761 896 2836 Gaius,
925 2761 1040 2820 Paulus
1064 2777 1117 2820 eos

100 2852 266 2929 respiciunt
289 2843 332 2934 (v.
356 2845 459 2932 infra).

191 2940 249 3012 Qui
265 2941 441 3002 Iauolenum
459 2942 683 3017 cousuluerunt,
704 2942 784 3001 inter
802 2957 876 3018 qnos
895 2939 969 3000 iuris
989 2938 1118 2999 studiosi

99 3031 243 3093 videntur
270 3030 375 3108 fuisse,
402 3030 538 3108 priorum
564 3050 683 3109 quoque
710 3030 785 3089 iuris
813 3028 1019 3090 consultorum
1047 3047 1116 3088 sen-

99 3119 213 3180 tentias
236 3121 414 3197 attuleruut,
442 3121 513 3197 quid
536 3120 678 3181 Iauoleno
700 3119 861 3196 videretur,
889 3118 1118 3200 interrogantes

100 3203 151 3292 (D.
164 3209 461 3288 50‚16,116.28,5,
474 3201 536 3292 11).
574 3210 606 3269 in
624 3229 683 3287 quo
701 3229 774 3268 num
793 3226 864 3268 casu
882 3209 996 3267 laetum
1012 3207 1061 3280 eit,
1082 3210 1120 3266 ut

99 3298 215 3375 priores
242 3297 319 3357 iuris
346 3298 475 3359 consulti
502 3318 520 3357 a
547 3297 769 3359 consulentibus
797 3296 884 3357 allati
910 3296 934 3355 ii
961 3296 1020 3372 ipsi
1045 3295 1116 3368 sint,
1164 3323 1170 3334 ⁴

100 3387 154 3464 qui
185 3388 255 3446 ante
286 3385 443 3446 Neratium
480 3387 686 3463 Epistularum
716 3388 809 3447 libros
841 3385 1008 3461 ediderant,
1045 3384 1120 3443 lieet

101 3494 256 3554 quaerere.

173 3607 188 3656 1
210 3601 287 3656 Tne.
306 3599 394 3657 dedit
427 3601 587 3656 emendavit
604 3601 697 3656 Eieele
714 3599 741 3654 Z.
756 3599 782 3654 d.
798 3598 915 3656 Suu-St.
932 3597 1036 3666 XVIII,
1051 3601 1093 3650 12.
