2614 3912
179 191 244 256 362
281 191 313 246 V.
333 189 483 245 NERVAE
505 191 552 246 ET
572 191 723 246 TRAIANI
741 193 850 249 ΤΕΜΡ.
868 193 964 250 IURIS
983 193 1164 250 CONSULTI

177 361 251 437 ipsis
278 359 378 420 verbis
406 378 442 419 ex
464 329 706 420 Membrenerum
733 361 818 421 libris
845 361 945 423 siletis
974 361 1079 441 D.17,
1101 367 1128 442 1,
1149 367 1190 426 33

178 444 230 508 ‘Pr
262 448 397 508 Aristoni
425 453 455 508 et
483 447 569 510 Celso
596 451 677 526 patri
703 451 831 526 plsouit,
952 452 1032 528 quod
1059 458 1090 511 et
1117 453 1193 513 mihi

176 557 283 598 verum
310 555 374 597 esse
397 531 540 615 videtur’,
567 537 604 597 D.
619 541 670 617 36,
687 541 715 615 3,
731 541 771 599 13
796 533 888 599 ‘idem
909 539 1046 601 Aristoni
1072 535 1192 617 piscet'.

173 627 206 686 in
239 627 306 686 61116
337 645 408 687 4646
437 626 610 687 Aristonem
637 627 772 706 reliquit:
802 628 837 688 D.
860 632 889 706 2,
910 631 959 703 14,
980 630 1022 690 58
1054 623 1192 690 ‘dubium

173 734 234 774 non
257 718 311 777 est
355 715 490 775 Aristoni
513 717 568 776 hoo
591 716 720 793 emplius
742 715 905 778 videbatur
929 712 983 779 ...'
1020 717 1055 778 D.
1068 721 1118 795 18,
1130 722 1189 792 3,5

175 799 290 865 ‘Aristo
314 799 524 866 existimsbet'.

262 892 444 970 Pomponius
467 894 613 971 plurimes
633 894 782 954 Aristonis
806 885 972 956 sententias
995 895 1100 956 attulit
1121 917 1191 957 oum

172 983 205 1041 in
227 983 313 1041 libris
336 1002 372 1043 64
393 982 513 1044 Ρ164416
538 975 590 1064 (D.
606 986 634 1059 1,
650 985 678 1059 8,
695 985 745 1042 10.
770 985 820 1060 23,
837 986 867 1058 2,
882 977 953 1065 40),
978 985 1191 1061 Epistularum

172 1072 256 1131 6646
285 1065 460 1150 (4464,
486 1074 536 1132 64.
568 1073 622 1147 46,
646 1074 675 1150 5,
700 1065 769 1154 46),
801 1091 838 1132 ex
864 1073 965 1133 verns
993 1067 1189 1135 4666646664

172 1156 224 1242 (D.
239 1162 268 1235 4,
284 1163 313 1239 8,
328 1162 379 1221 40.
404 1161 455 1236 40,
470 1161 500 1236 4,
514 1152 583 1239 46),
606 1159 919 1222 Fideioommissorum
942 1155 995 1244 (D.
1011 1165 1062 1239 33,
1078 1165 1106 1235 1,
1124 1155 1191 1246 74),

171 1255 238 1310 tum
265 1252 296 1308 in
323 1249 408 1309 libris
436 1249 474 1308 ad
498 1248 532 1319 Q.
555 1249 687 1308 Mucium
710 1245 760 1326 (D.
775 1253 827 1322 40,
844 1254 872 1324 7,
888 1253 938 1325 29,
955 1244 989 1332 1)
1018 1254 1049 1311 64
1074 1253 1112 1311 ed
1135 1251 1189 1312 Su·

171 1339 276 1399 ornum
299 1329 333 1418 (1.
348 1337 395 1396 111
417 1337 758 1415 n.41,1‚1e,P.414‚
782 1339 855 1400 444
873 1339 908 1399 6.
920 1341 971 1418 66,
984 1344 1011 1417 4,
1021 1343 1052 1416 4,
1070 1341 1102 1399 P.
1112 1343 1190 1417 432,

170 1429 190 1487 1.
209 1427 253 1486 44
277 1426 314 1485 D.
330 1429 381 1503 30,
396 1429 493 1502 esp.
517 1427 550 1488 P.
565 1430 644 1505 466,
671 1429 689 1486 1.
704 1427 781 1486 4444
803 1428 905 1508 446,
922 1431 950 1504 4,
967 1431 1040 1505 sps.
1064 1429 1097 1489 P.
1114 1431 1189 1508 644,

170 1517 282 1576 LXIII
309 1516 344 1575 D.
362 1519 411 1586 17,
428 1517 455 1592 2,
473 1519 512 1576 62
543 1516 573 1576 P.
590 1519 666 1592 586,
695 1518 714 1576 l.
730 1516 801 1575 XIV
829 1517 865 1576 D.
880 1518 932 1592 40,
949 1521 1032 1595 7,11
1063 1518 1096 1579 P.
1113 1521 1188 1597 597,

170 1607 189 1666 1.
209 1605 266 1663 44
288 1605 325 1666 n.
340 1608 393 1683 46,
408 1607 437 1680 6,
454 1608 493 1665 46
518 1604 551 1665 P.
572 1597 659 1666 eoeb.
688 1606 724 1665 n.
742 1608 791 1681 re,
807 1607 869 1680 5,1
895 1606 927 1666 P.
944 1599 1032 1685 6451,
1060 1607 1080 1667 1.
1100 1608 1189 1668 444

171 1695 203 1753 6.
224 1695 275 1768 66,
297 1696 325 1768 4,
345 1689 386 1752 44
415 1693 447 1752 P.
468 1696 540 1755 665.
570 1693 605 1752 P.
627 1696 677 1771 re,
698 1696 726 1772 5,
746 1697 828 1771 46,4
854 1695 886 1756 P.
903 1698 965 1757 464
994 1699 1026 1755 es
1051 1697 1072 1755 1.
1087 1696 1188 1756 4444

169 1783 205 1842 D.
227 1785 277 1860 26,
298 1785 363 1861 9,]
390 1781 422 1841 Ρ.
444 1774 536 1863 741),
563 1801 661 1859 neque
688 1783 787 1842 minus
815 1783 847 1842 14
874 1785 960 1844 libris
988 1785 1027 1844 ad
1054 1783 1188 1846 edietum

168 1871 315 1947 praetoris
345 1864 394 1950 (D.
409 1873 439 1948 4,
454 1873 483 1947 4,
501 1873 551 1947 16,
566 1873 594 1930 2.
624 1874 675 1950 39,
690 1874 719 1947 5,
736 1874 832 1948 13pr.
860 1870 901 1949 §§
917 1877 944 1933 1.
962 1865 1004 1954 2).
1055 1874 1187 1934 eundem

169 1959 319 2018 Aristonis
338 1958 533 2036 Digestorum
555 1961 648 2021 libros
673 1961 797 2021 adiectis
819 1962 900 2021 notis
922 1963 1033 2022 iterum
1053 1963 1185 2024 edidisse

169 2047 243 2106 66416
271 2047 405 2107 indicant
431 2048 518 2107 Pauli
545 2049 638 2109 46466
664 2050 743 2109 mele
771 2049 900 2111 distorta
923 2050 958 2109 D.
975 2053 1025 2127 24,
1041 2051 1070 2129 3,
1085 2054 1127 2111 44
1138 2073 1184 2129 pr.

168 2131 227 2207 fest
258 2137 388 2196 relatum
403 2181 406 2185 -
421 2137 502 2213 apud
534 2137 658 2198 Sextum
690 2137 889 2214 Pomponium
919 2140 1113 2216 Digestorum
1145 2143 1184 2202 ab

167 2225 309 2285 Aristone
328 2225 404 2284 libro
424 2221 550 2302 quinto’.
583 2245 618 2286 66
634 2227 808 2303 plerumque
827 2227 1010 2306 Pomponius
1029 2229 1184 2290 Aristonis

168 2315 333 2374 sententies
347 2313 499 2392 probavit,
522 2316 597 2374 haeo
611 2315 691 2375 enim
704 2317 848 2394 leguntur
863 2310 906 2377 ‘et
915 2317 1051 2378 Aristoni
1059 2317 1185 2379 videtur

168 2407 199 2463 et
231 2403 412 2480 Pomponius
444 2397 565 2479 probet'
598 2403 668 2464 Vas
686 2405 722 2463 fr.
742 2406 793 2464 83.
848 2397 905 2466 ‘est
938 2407 1066 2466 relatum
1100 2409 1184 2485 apud

168 2493 293 2553 Sextum
312 2493 512 2568 Pomponium
592 2492 694 2570 ibique
713 2494 848 2554 Aristoni
866 2489 1026 2555 eonsentit'
1041 2494 1077 2554 D.
1089 2497 1140 2573 24,
1151 2499 1183 2574 3,

167 2583 260 2658 44pr.
311 2601 370 2659 qus
397 2581 429 2640 14
453 2601 485 2641 46
508 2581 667 2660 Pomponii
691 2601 806 2659 quoque
829 2584 925 2660 ipsius
948 2586 1041 2644 verba
1065 2585 1183 2646 tradite

167 2671 252 2749 sunt,
276 2673 372 2732 veluti
400 2670 545 2731 librorum
578 2672 616 2731 sd
643 2671 786 2731 Sabinum
814 2672 846 2732 D.
864 2674 994 2751 38,1,4
1024 2667 1109 2734 ‘huso
1135 2674 1183 2734 146

166 2761 269 2821 Aristo
289 2761 416 2839 scripsit,
435 2761 521 2820 ouius
541 2761 722 2822 sententiam
739 2764 813 2838 puto
833 2755 945 2821 veram’
965 2762 1015 2822 461
1033 2762 1182 2824 librorum

166 2851 204 2908 ed
228 2849 261 2920 Q.
284 2850 417 2909 Mucium
439 2848 475 2908 D.
496 2852 548 2922 40,
570 2854 599 2928 7,
619 2853 706 2925 29,1
733 2845 934 2910 ‘verissimum
957 2854 1016 2927 est,
1044 2851 1125 2928 quod
1148 2858 1181 2913 et

165 2938 270 2998 Aristo
294 2937 380 2997 Celso
403 2933 579 3013 rescripsit'.

254 3025 341 3096 Quod
373 3027 411 3085 ed
442 3025 595 3085 Iulianum
626 3027 745 3104 attinet,
773 3028 846 3087 14666
877 3029 1032 3106 leguntur:
1065 3029 1101 3089 D.
1126 3031 1178 3109 37,

167 3116 195 3190 5,
221 3117 238 3174 6
268 3107 399 3174 ‘Salvius
427 3113 529 3174 Aristo
559 3113 677 3174 Iuliano
707 3110 861 3184 selutem'‚
892 3135 968 3194 quoe
998 3117 1090 3202 46416
1119 3119 1178 3178 4161

165 3202 203 3262 64
233 3203 326 3262 elium
357 3201 505 3279 quendem
535 3202 707 3263 Aristonem
744 3207 894 3281 spectent,
928 3205 1030 3282 potius
1059 3207 1104 3266 146
1133 3209 1178 3267 16-

164 3291 263 3367 gende
285 3293 368 3350 sunt:
394 3289 512 3350 Salvius
535 3290 671 3350 Iulianus
695 3292 831 3353 Aristoni
854 3311 877 3354 s.
899 3293 1050 3355 Aristonis
1074 3300 1177 3356 eutem

165 3379 330 3440 6644644166
364 3380 472 3439 6116466
500 3379 635 3439 Iulianus
666 3400 727 3441 non
757 3401 825 3442 rero
861 3383 1002 3459 probavit
1038 3376 1089 3466 (D.
1123 3386 1176 3464 35,

164 3471 192 3542 2,
219 3473 247 3542 1,
272 3471 289 3528 9
323 3461 437 3529 ‘Aristo
466 3487 484 3528 6
511 3472 649 3529 veterum
680 3470 818 3547 opinions
850 3472 986 3550 46666614,
1019 3474 1063 3534 614
1095 3474 1176 3533 enim

239 3556 327 3634 idque
350 3557 500 3630 ¹Iulianus
539 3552 667 3634 probet'.
714 3559 748 3619 D.
783 3562 838 3635 12,
874 3564 906 3638 1,
939 3564 972 3640 9,
1006 3564 1025 3622 8
1059 3555 1174 3623 ‘Aristo
