<?xml version="1.0" encoding="UTF-8"?>
<!DOCTYPE html PUBLIC "-//W3C//DTD XHTML 1.0 Transitional//EN"
    "http://www.w3.org/TR/xhtml1/DTD/xhtml1-transitional.dtd">
<html xmlns="http://www.w3.org/1999/xhtml" xml:lang="en" lang="en">
 <head>
  <title>
</title>
<meta http-equiv="Content-Type" content="text/html;charset=utf-8" />
  <meta name='ocr-system' content='tesseract 3.04.00' />
  <meta name='ocr-capabilities' content='ocr_page ocr_carea ocr_par ocr_line ocrx_word'/>
</head>
<body>
  <div class='ocr_page' id='page_1' title='image "./iurisprudentiae03bremgoog_0416.png"; bbox 0 0 2614 3912; ppageno 0'>
   <div class='ocr_carea' id='block_1_1' title="bbox 146 189 1120 257">
    <p class='ocr_par' dir='ltr' id='par_1_1' title="bbox 146 189 1120 257">
     <span class='ocr_line' id='line_1_1' title="bbox 146 189 1120 257; baseline -0.005 -9"><span class='ocrx_word' id='word_1_1' title='bbox 146 192 211 257; x_wconf 85' lang='lat'><strong>386</strong></span> <span class='ocrx_word' id='word_1_2' title='bbox 248 192 280 248; x_wconf 90' lang='lat' dir='ltr'><strong>V.</strong></span> <span class='ocrx_word' id='word_1_3' title='bbox 300 189 450 247; x_wconf 84' lang='lat' dir='ltr'><strong>NERVAE</strong></span> <span class='ocrx_word' id='word_1_4' title='bbox 468 190 515 246; x_wconf 84' lang='lat' dir='ltr'><strong>ET</strong></span> <span class='ocrx_word' id='word_1_5' title='bbox 532 189 683 246; x_wconf 83' lang='lat' dir='ltr'><strong>TRAIANI</strong></span> <span class='ocrx_word' id='word_1_6' title='bbox 700 190 806 246; x_wconf 86' lang='lat' dir='ltr'>TEMP.</span> <span class='ocrx_word' id='word_1_7' title='bbox 824 191 921 247; x_wconf 82' lang='lat' dir='ltr'>IURIS</span> <span class='ocrx_word' id='word_1_8' title='bbox 941 190 1120 246; x_wconf 80' lang='lat' dir='ltr'>CONSULTI</span> 
     </span>
    </p>
   </div>
   <div class='ocr_carea' id='block_1_2' title="bbox 146 353 1160 530">
    <p class='ocr_par' dir='ltr' id='par_1_2' title="bbox 146 353 1160 530">
     <span class='ocr_line' id='line_1_2' title="bbox 146 353 1160 437; baseline 0 -17"><span class='ocrx_word' id='word_1_9' title='bbox 146 357 180 420; x_wconf 91' lang='lat' dir='ltr'><strong>in</strong></span> <span class='ocrx_word' id='word_1_10' title='bbox 209 356 276 420; x_wconf 88' lang='lat' dir='ltr'><strong>acie</strong></span> <span class='ocrx_word' id='word_1_11' title='bbox 305 354 474 420; x_wconf 75' lang='lat' dir='ltr'><strong>dumtaxat</strong></span> <span class='ocrx_word' id='word_1_12' title='bbox 501 354 640 419; x_wconf 88' lang='lat' dir='ltr'><strong>amissus</strong></span> <span class='ocrx_word' id='word_1_13' title='bbox 669 376 710 419; x_wconf 90' lang='lat' dir='ltr'><strong>an</strong></span> <span class='ocrx_word' id='word_1_14' title='bbox 737 358 883 437; x_wconf 91' lang='lat' dir='ltr'><strong>tempore</strong></span> <span class='ocrx_word' id='word_1_15' title='bbox 910 353 988 419; x_wconf 93' lang='lat' dir='ltr'><strong>belli</strong></span> <span class='ocrx_word' id='word_1_16' title='bbox 1016 355 1160 420; x_wconf 81' lang='lat' dir='ltr'><strong>amissus</strong></span> 
     </span>
     <span class='ocr_line' id='line_1_3' title="bbox 146 443 957 530; baseline -0.001 -21"><span class='ocrx_word' id='word_1_17' title='bbox 146 443 272 530; x_wconf 85' lang='lat' dir='ltr'><strong>prosit?</strong></span> <span class='ocrx_word' id='word_1_18' title='bbox 318 445 430 509; x_wconf 82' lang='lat' dir='ltr'><strong>Aristo</strong></span> <span class='ocrx_word' id='word_1_19' title='bbox 453 443 488 508; x_wconf 86' lang='lat' dir='ltr'><strong>iu</strong></span> <span class='ocrx_word' id='word_1_20' title='bbox 511 443 578 508; x_wconf 91' lang='lat' dir='ltr'><strong>acie</strong></span> <span class='ocrx_word' id='word_1_21' title='bbox 602 443 757 509; x_wconf 88' lang='lat' dir='ltr'><strong>amissum</strong></span> <span class='ocrx_word' id='word_1_22' title='bbox 781 443 957 508; x_wconf 87' lang='lat' dir='ltr'><strong>dumtaxat.</strong></span> 
     </span>
    </p>
   </div>
   <div class='ocr_carea' id='block_1_3' title="bbox 146 549 1162 1344">
    <p class='ocr_par' dir='ltr' id='par_1_3' title="bbox 146 549 1162 1344">
     <span class='ocr_line' id='line_1_4' title="bbox 235 549 1158 634; baseline -0.001 -19"><span class='ocrx_word' id='word_1_23' title='bbox 235 556 383 633; x_wconf 83' lang='lat' dir='ltr'>Ulpianus</span> <span class='ocrx_word' id='word_1_24' title='bbox 407 555 504 615; x_wconf 87' lang='lat' dir='ltr'><strong>addit:</strong></span> <span class='ocrx_word' id='word_1_25' title='bbox 529 549 595 634; x_wconf 69' lang='lat' dir='ltr'><strong>‘ego</strong></span> <span class='ocrx_word' id='word_1_26' title='bbox 618 558 692 632; x_wconf 93' lang='lat' dir='ltr'><strong>pnto</strong></span> <span class='ocrx_word' id='word_1_27' title='bbox 715 575 770 633; x_wconf 93' lang='lat' dir='ltr'><strong>per</strong></span> <span class='ocrx_word' id='word_1_28' title='bbox 787 558 906 632; x_wconf 88' lang='lat' dir='ltr'><strong>tempus</strong></span> <span class='ocrx_word' id='word_1_29' title='bbox 925 555 997 615; x_wconf 88' lang='lat' dir='ltr'><strong>belli</strong></span> <span class='ocrx_word' id='word_1_30' title='bbox 1015 555 1158 616; x_wconf 87' lang='lat' dir='ltr'><strong>amissum</strong></span> 
     </span>
     <span class='ocr_line' id='line_1_5' title="bbox 147 637 1161 722; baseline -0.002 -17"><span class='ocrx_word' id='word_1_31' title='bbox 147 644 254 705; x_wconf 88' lang='lat' dir='ltr'><strong>debere</strong></span> <span class='ocrx_word' id='word_1_32' title='bbox 287 646 440 722; x_wconf 80' lang='lat' dir='ltr'><strong>prodesse,</strong></span> <span class='ocrx_word' id='word_1_33' title='bbox 472 664 509 704; x_wconf 90' lang='lat' dir='ltr'><strong>ne</strong></span> <span class='ocrx_word' id='word_1_34' title='bbox 544 645 665 720; x_wconf 87' lang='lat' dir='ltr'><strong>publica</strong></span> <span class='ocrx_word' id='word_1_35' title='bbox 697 648 813 720; x_wconf 82' lang='lat' dir='ltr'><strong>strages</strong></span> <span class='ocrx_word' id='word_1_36' title='bbox 841 645 922 720; x_wconf 89' lang='lat' dir='ltr'><strong>patri</strong></span> <span class='ocrx_word' id='word_1_37' title='bbox 948 637 1074 705; x_wconf 85' lang='lat' dir='ltr'><strong>noceat&#39;.</strong></span> <span class='ocrx_word' id='word_1_38' title='bbox 1126 647 1161 703; x_wconf 89' lang='lat' dir='ltr'><strong>at</strong></span> 
     </span>
     <span class='ocr_line' id='line_1_6' title="bbox 146 733 1160 810; baseline -0.001 -18"><span class='ocrx_word' id='word_1_39' title='bbox 146 734 226 793; x_wconf 88' lang='lat' dir='ltr'><strong>idem</strong></span> <span class='ocrx_word' id='word_1_40' title='bbox 241 734 390 810; x_wconf 78' lang='lat' dir='ltr'><strong>Ulpianus</strong></span> <span class='ocrx_word' id='word_1_41' title='bbox 408 733 486 793; x_wconf 92' lang='lat' dir='ltr'><strong>libro</strong></span> <span class='ocrx_word' id='word_1_42' title='bbox 504 733 666 793; x_wconf 83' lang='lat' dir='ltr'><strong>vicensimo</strong></span> <span class='ocrx_word' id='word_1_43' title='bbox 685 734 723 792; x_wconf 94' lang='lat' dir='ltr'><strong>ad</strong></span> <span class='ocrx_word' id='word_1_44' title='bbox 741 735 839 808; x_wconf 84' lang='lat' dir='ltr'><strong>legem</strong></span> <span class='ocrx_word' id='word_1_45' title='bbox 858 733 968 793; x_wconf 88' lang='lat' dir='ltr'><strong>Iuliam</strong></span> <span class='ocrx_word' id='word_1_46' title='bbox 987 736 1018 793; x_wconf 91' lang='lat' dir='ltr'><strong>et</strong></span> <span class='ocrx_word' id='word_1_47' title='bbox 1033 733 1160 809; x_wconf 80' lang='lat' dir='ltr'><strong>Papiam</strong></span> 
     </span>
     <span class='ocr_line' id='line_1_7' title="bbox 147 815 1161 905; baseline -0.001 -23"><span class='ocrx_word' id='word_1_48' title='bbox 147 815 197 905; x_wconf 89' lang='lat' dir='ltr'><strong>(D.</strong></span> <span class='ocrx_word' id='word_1_49' title='bbox 215 825 310 901; x_wconf 81' lang='grc'>27,1,</span> <span class='ocrx_word' id='word_1_50' title='bbox 328 818 382 903; x_wconf 87' lang='lat'><strong>18)</strong></span> <span class='ocrx_word' id='word_1_51' title='bbox 397 822 570 882; x_wconf 85' lang='lat' dir='ltr'><strong>Aristonem</strong></span> <span class='ocrx_word' id='word_1_52' title='bbox 590 823 737 900; x_wconf 89' lang='lat' dir='ltr'><strong>sequitur:</strong></span> <span class='ocrx_word' id='word_1_53' title='bbox 757 816 847 882; x_wconf 76' lang='lat' dir='ltr'><strong>‘bello</strong></span> <span class='ocrx_word' id='word_1_54' title='bbox 867 822 969 882; x_wconf 89' lang='lat' dir='ltr'><strong>amissi</strong></span> <span class='ocrx_word' id='word_1_55' title='bbox 988 823 1027 881; x_wconf 91' lang='lat' dir='ltr'><strong>ad</strong></span> <span class='ocrx_word' id='word_1_56' title='bbox 1044 823 1161 881; x_wconf 87' lang='lat' dir='ltr'><strong>tutelae</strong></span> 
     </span>
     <span class='ocr_line' id='line_1_8' title="bbox 147 911 1162 988; baseline -0.002 -16"><span class='ocrx_word' id='word_1_57' title='bbox 147 913 368 972; x_wconf 85' lang='lat' dir='ltr'><strong>excusationem</strong></span> <span class='ocrx_word' id='word_1_58' title='bbox 400 915 535 988; x_wconf 78' lang='lat' dir='ltr'>prosunt.</span> <span class='ocrx_word' id='word_1_59' title='bbox 585 912 756 988; x_wconf 87' lang='lat' dir='ltr'><strong>quaesitum</strong></span> <span class='ocrx_word' id='word_1_60' title='bbox 788 915 834 970; x_wconf 89' lang='lat' dir='ltr'><strong>est</strong></span> <span class='ocrx_word' id='word_1_61' title='bbox 862 913 975 983; x_wconf 87' lang='lat' dir='ltr'><strong>autem,</strong></span> <span class='ocrx_word' id='word_1_62' title='bbox 1008 911 1060 988; x_wconf 88' lang='lat' dir='ltr'><strong>qui</strong></span> <span class='ocrx_word' id='word_1_63' title='bbox 1089 914 1162 971; x_wconf 88' lang='lat' dir='ltr'><strong>sunt</strong></span> 
     </span>
     <span class='ocr_line' id='line_1_9' title="bbox 146 1000 1160 1077; baseline -0.001 -17"><span class='ocrx_word' id='word_1_64' title='bbox 146 1002 207 1077; x_wconf 88' lang='lat' dir='ltr'><strong>isti,</strong></span> <span class='ocrx_word' id='word_1_65' title='bbox 230 1005 332 1062; x_wconf 89' lang='lat' dir='ltr'><strong>utrum</strong></span> <span class='ocrx_word' id='word_1_66' title='bbox 355 1000 387 1059; x_wconf 93' lang='lat' dir='ltr'><strong>hi</strong></span> <span class='ocrx_word' id='word_1_67' title='bbox 410 1001 461 1077; x_wconf 91' lang='lat' dir='ltr'><strong>qui</strong></span> <span class='ocrx_word' id='word_1_68' title='bbox 484 1000 515 1058; x_wconf 91' lang='lat' dir='ltr'><strong>in</strong></span> <span class='ocrx_word' id='word_1_69' title='bbox 534 1000 597 1059; x_wconf 83' lang='lat' dir='ltr'><strong>acie</strong></span> <span class='ocrx_word' id='word_1_70' title='bbox 616 1003 686 1060; x_wconf 88' lang='lat' dir='ltr'><strong>sunt</strong></span> <span class='ocrx_word' id='word_1_71' title='bbox 703 1000 885 1077; x_wconf 69' lang='lat' dir='ltr'><strong>interempti,</strong></span> <span class='ocrx_word' id='word_1_72' title='bbox 909 1019 947 1059; x_wconf 87' lang='lat' dir='ltr'><strong>an</strong></span> <span class='ocrx_word' id='word_1_73' title='bbox 965 1018 1036 1059; x_wconf 89' lang='lat' dir='ltr'><strong>vero</strong></span> <span class='ocrx_word' id='word_1_74' title='bbox 1056 1018 1160 1060; x_wconf 86' lang='lat' dir='ltr'><strong>omnes</strong></span> 
     </span>
     <span class='ocr_line' id='line_1_10' title="bbox 147 1088 1159 1167; baseline -0.002 -17"><span class='ocrx_word' id='word_1_75' title='bbox 147 1091 275 1167; x_wconf 88' lang='lat' dir='ltr'><strong>omnino,</strong></span> <span class='ocrx_word' id='word_1_76' title='bbox 299 1090 350 1166; x_wconf 87' lang='lat' dir='ltr'><strong>qui</strong></span> <span class='ocrx_word' id='word_1_77' title='bbox 372 1108 427 1166; x_wconf 90' lang='lat' dir='ltr'><strong>per</strong></span> <span class='ocrx_word' id='word_1_78' title='bbox 449 1107 572 1148; x_wconf 87' lang='lat' dir='ltr'><strong>cansam</strong></span> <span class='ocrx_word' id='word_1_79' title='bbox 594 1089 666 1148; x_wconf 88' lang='lat' dir='ltr'><strong>belli</strong></span> <span class='ocrx_word' id='word_1_80' title='bbox 689 1088 862 1164; x_wconf 87' lang='lat' dir='ltr'><strong>parentibus</strong></span> <span class='ocrx_word' id='word_1_81' title='bbox 887 1093 957 1148; x_wconf 87' lang='lat' dir='ltr'><strong>sunt</strong></span> <span class='ocrx_word' id='word_1_82' title='bbox 974 1088 1159 1164; x_wconf 88' lang='lat' dir='ltr'><strong>abrepti...</strong></span> 
     </span>
     <span class='ocr_line' id='line_1_11' title="bbox 146 1177 1162 1256; baseline -0.001 -18"><span class='ocrx_word' id='word_1_83' title='bbox 146 1179 254 1238; x_wconf 86' lang='lat' dir='ltr'><strong>molins</strong></span> <span class='ocrx_word' id='word_1_84' title='bbox 278 1179 373 1256; x_wconf 83' lang='lat' dir='ltr'><strong>igitur</strong></span> <span class='ocrx_word' id='word_1_85' title='bbox 394 1177 571 1255; x_wconf 83' lang='lat' dir='ltr'><strong>probabitur</strong></span> <span class='ocrx_word' id='word_1_86' title='bbox 594 1196 644 1237; x_wconf 90' lang='lat' dir='ltr'><strong>eos</strong></span> <span class='ocrx_word' id='word_1_87' title='bbox 668 1179 747 1238; x_wconf 87' lang='lat' dir='ltr'><strong>solos</strong></span> <span class='ocrx_word' id='word_1_88' title='bbox 770 1177 821 1253; x_wconf 92' lang='lat' dir='ltr'><strong>qni</strong></span> <span class='ocrx_word' id='word_1_89' title='bbox 839 1179 870 1237; x_wconf 90' lang='lat' dir='ltr'><strong>in</strong></span> <span class='ocrx_word' id='word_1_90' title='bbox 889 1177 952 1238; x_wconf 89' lang='lat' dir='ltr'><strong>acie</strong></span> <span class='ocrx_word' id='word_1_91' title='bbox 970 1179 1162 1253; x_wconf 89' lang='lat' dir='ltr'><strong>amittuntur,</strong></span> 
     </span>
     <span class='ocr_line' id='line_1_12' title="bbox 146 1261 496 1344; baseline -0.003 -17"><span class='ocrx_word' id='word_1_92' title='bbox 146 1268 286 1344; x_wconf 83' lang='lat' dir='ltr'><strong>prodesse</strong></span> <span class='ocrx_word' id='word_1_93' title='bbox 310 1267 417 1326; x_wconf 89' lang='lat' dir='ltr'><strong>debere</strong></span> <span class='ocrx_word' id='word_1_94' title='bbox 433 1313 439 1325; x_wconf 94' lang='lat'>.</span> <span class='ocrx_word' id='word_1_95' title='bbox 455 1314 461 1326; x_wconf 95' lang='lat'>.</span> <span class='ocrx_word' id='word_1_96' title='bbox 477 1261 496 1326; x_wconf 86' lang='lat'><strong>.’</strong></span> 
     </span>
    </p>
   </div>
   <div class='ocr_carea' id='block_1_4' title="bbox 147 1367 1160 1630">
    <p class='ocr_par' dir='ltr' id='par_1_4' title="bbox 147 1367 1160 1630">
     <span class='ocr_line' id='line_1_13' title="bbox 235 1367 1160 1452; baseline 0 -18"><span class='ocrx_word' id='word_1_97' title='bbox 235 1369 286 1436; x_wconf 81' lang='lat'><strong>39.</strong></span> <span class='ocrx_word' id='word_1_98' title='bbox 310 1368 349 1434; x_wconf 91' lang='lat' dir='ltr'><strong>D.</strong></span> <span class='ocrx_word' id='word_1_99' title='bbox 362 1369 420 1450; x_wconf 88' lang='grc'><strong>26,</strong></span> <span class='ocrx_word' id='word_1_100' title='bbox 440 1368 514 1450; x_wconf 83' lang='lat'><strong>9,1.</strong></span> <span class='ocrx_word' id='word_1_101' title='bbox 553 1367 750 1452; x_wconf 89' lang='lat' dir='ltr'><strong>Pomponius</strong></span> <span class='ocrx_word' id='word_1_102' title='bbox 774 1369 858 1434; x_wconf 90' lang='lat' dir='ltr'><strong>libro</strong></span> <span class='ocrx_word' id='word_1_103' title='bbox 878 1368 1053 1433; x_wconf 84' lang='lat' dir='ltr'><strong>vicensimo</strong></span> <span class='ocrx_word' id='word_1_104' title='bbox 1071 1391 1160 1434; x_wconf 88' lang='lat' dir='ltr'><strong>nono</strong></span> 
     </span>
     <span class='ocr_line' id='line_1_14' title="bbox 147 1454 1157 1543; baseline -0.002 -19"><span class='ocrx_word' id='word_1_105' title='bbox 147 1459 196 1524; x_wconf 58' lang='lat' dir='ltr'><strong>ad*</strong></span> <span class='ocrx_word' id='word_1_106' title='bbox 206 1457 360 1524; x_wconf 82' lang='lat' dir='ltr'><strong>Sabinum</strong></span> <span class='ocrx_word' id='word_1_107' title='bbox 381 1456 429 1542; x_wconf 84' lang='lat' dir='ltr'><strong>(P.</strong></span> <span class='ocrx_word' id='word_1_108' title='bbox 446 1454 532 1543; x_wconf 79' lang='lat'>741).</span> <span class='ocrx_word' id='word_1_109' title='bbox 554 1493 592 1503; x_wconf 87' lang='lat'>-</span> <span class='ocrx_word' id='word_1_110' title='bbox 618 1455 667 1523; x_wconf 89' lang='lat' dir='ltr'><strong>Ob</strong></span> <span class='ocrx_word' id='word_1_111' title='bbox 688 1458 796 1523; x_wconf 89' lang='lat' dir='ltr'><strong>dolum</strong></span> <span class='ocrx_word' id='word_1_112' title='bbox 816 1457 938 1523; x_wconf 89' lang='lat' dir='ltr'><strong>malum</strong></span> <span class='ocrx_word' id='word_1_113' title='bbox 957 1458 1008 1522; x_wconf 87' lang='lat' dir='ltr'><strong>vel</strong></span> <span class='ocrx_word' id='word_1_114' title='bbox 1027 1458 1157 1542; x_wconf 89' lang='lat' dir='ltr'><strong>culpam</strong></span> 
     </span>
     <span class='ocr_line' id='line_1_15' title="bbox 147 1545 1159 1630; baseline -0.002 -18"><span class='ocrx_word' id='word_1_115' title='bbox 147 1549 264 1612; x_wconf 89' lang='lat' dir='ltr'><strong>tutoris</strong></span> <span class='ocrx_word' id='word_1_116' title='bbox 274 1547 388 1612; x_wconf 88' lang='lat' dir='ltr'><strong>Aristo</strong></span> <span class='ocrx_word' id='word_1_117' title='bbox 403 1547 449 1611; x_wconf 87' lang='lat' dir='ltr'><strong>ait</strong></span> <span class='ocrx_word' id='word_1_118' title='bbox 462 1545 622 1630; x_wconf 92' lang='lat' dir='ltr'><strong>pupillum</strong></span> <span class='ocrx_word' id='word_1_119' title='bbox 636 1568 855 1630; x_wconf 87' lang='lat' dir='ltr'><strong>possessorem</strong></span> <span class='ocrx_word' id='word_1_120' title='bbox 870 1546 1159 1612; x_wconf 87' lang='lat' dir='ltr'><strong>condemnandum.</strong></span> 
     </span>
    </p>
   </div>
   <div class='ocr_carea' id='block_1_5' title="bbox 235 1723 1160 1915">
    <p class='ocr_par' dir='ltr' id='par_1_5' title="bbox 235 1723 1160 1915">
     <span class='ocr_line' id='line_1_16' title="bbox 518 1723 786 1790; baseline -0.004 -2"><span class='ocrx_word' id='word_1_121' title='bbox 518 1723 569 1788; x_wconf 87' lang='lat' dir='ltr'><strong>De</strong></span> <span class='ocrx_word' id='word_1_122' title='bbox 591 1725 786 1790; x_wconf 80' lang='lat' dir='ltr'><strong>condictione.</strong></span> 
     </span>
     <span class='ocr_line' id='line_1_17' title="bbox 235 1829 1160 1915; baseline 0.002 -21"><span class='ocrx_word' id='word_1_123' title='bbox 235 1830 288 1894; x_wconf 91' lang='grc'><strong>40.</strong></span> <span class='ocrx_word' id='word_1_124' title='bbox 311 1829 348 1895; x_wconf 90' lang='lat' dir='ltr'><strong>D.</strong></span> <span class='ocrx_word' id='word_1_125' title='bbox 365 1831 417 1914; x_wconf 86' lang='grc'><strong>12,</strong></span> <span class='ocrx_word' id='word_1_126' title='bbox 435 1832 463 1915; x_wconf 92' lang='lat' dir='ltr'><strong>l,</strong></span> <span class='ocrx_word' id='word_1_127' title='bbox 478 1830 508 1908; x_wconf 87' lang='lat'><strong>9,</strong></span> <span class='ocrx_word' id='word_1_128' title='bbox 522 1831 552 1896; x_wconf 88' lang='lat'><strong>8.</strong></span> <span class='ocrx_word' id='word_1_129' title='bbox 588 1829 749 1914; x_wconf 85' lang='lat' dir='ltr'><strong>Ulpianus</strong></span> <span class='ocrx_word' id='word_1_130' title='bbox 768 1830 852 1895; x_wconf 90' lang='lat' dir='ltr'><strong>libro</strong></span> <span class='ocrx_word' id='word_1_131' title='bbox 872 1829 1047 1896; x_wconf 86' lang='lat' dir='ltr'><strong>vicensimo</strong></span> <span class='ocrx_word' id='word_1_132' title='bbox 1067 1834 1160 1896; x_wconf 87' lang='lat' dir='ltr'><strong>sexto</strong></span> 
     </span>
    </p>
   </div>
   <div class='ocr_carea' id='block_1_6' title="bbox 146 1916 1161 2375">
    <p class='ocr_par' dir='ltr' id='par_1_6' title="bbox 146 1916 1160 2180">
     <span class='ocr_line' id='line_1_18' title="bbox 147 1916 1160 2006; baseline 0 -22"><span class='ocrx_word' id='word_1_133' title='bbox 147 1919 186 1984; x_wconf 87' lang='lat' dir='ltr'><strong>ad</strong></span> <span class='ocrx_word' id='word_1_134' title='bbox 211 1918 348 1984; x_wconf 88' lang='lat' dir='ltr'><strong>edictum</strong></span> <span class='ocrx_word' id='word_1_135' title='bbox 373 1919 420 2000; x_wconf 87' lang='lat' dir='ltr'><strong>(P.</strong></span> <span class='ocrx_word' id='word_1_136' title='bbox 437 1916 525 2006; x_wconf 82' lang='grc'><strong>769).</strong></span> <span class='ocrx_word' id='word_1_137' title='bbox 550 1955 591 1966; x_wconf 94' lang='grc'><strong>-</strong></span> <span class='ocrx_word' id='word_1_138' title='bbox 616 1918 650 1985; x_wconf 81' lang='lat' dir='ltr'><strong>Si</strong></span> <span class='ocrx_word' id='word_1_139' title='bbox 673 1941 822 1985; x_wconf 89' lang='lat' dir='ltr'><strong>nummos</strong></span> <span class='ocrx_word' id='word_1_140' title='bbox 844 1940 933 1984; x_wconf 89' lang='lat' dir='ltr'><strong>meos</strong></span> <span class='ocrx_word' id='word_1_141' title='bbox 952 1923 1009 1985; x_wconf 91' lang='lat' dir='ltr'><strong>tuo</strong></span> <span class='ocrx_word' id='word_1_142' title='bbox 1029 1920 1160 1984; x_wconf 87' lang='lat' dir='ltr'><strong>nomine</strong></span> 
     </span>
     <span class='ocr_line' id='line_1_19' title="bbox 147 2006 1160 2093; baseline 0.001 -21"><span class='ocrx_word' id='word_1_143' title='bbox 147 2006 261 2072; x_wconf 87' lang='lat' dir='ltr'><strong>dedero</strong></span> <span class='ocrx_word' id='word_1_144' title='bbox 298 2008 388 2072; x_wconf 87' lang='lat' dir='ltr'><strong>velut</strong></span> <span class='ocrx_word' id='word_1_145' title='bbox 421 2011 495 2073; x_wconf 90' lang='lat' dir='ltr'><strong>tuos</strong></span> <span class='ocrx_word' id='word_1_146' title='bbox 529 2009 662 2073; x_wconf 88' lang='lat' dir='ltr'><strong>absente</strong></span> <span class='ocrx_word' id='word_1_147' title='bbox 694 2011 727 2072; x_wconf 91' lang='lat' dir='ltr'><strong>te</strong></span> <span class='ocrx_word' id='word_1_148' title='bbox 760 2012 792 2073; x_wconf 88' lang='lat' dir='ltr'><strong>et</strong></span> <span class='ocrx_word' id='word_1_149' title='bbox 822 2008 1009 2093; x_wconf 83' lang='lat' dir='ltr'><strong>ignorante,</strong></span> <span class='ocrx_word' id='word_1_150' title='bbox 1046 2009 1160 2074; x_wconf 86' lang='lat' dir='ltr'><strong>Aristo</strong></span> 
     </span>
     <span class='ocr_line' id='line_1_20' title="bbox 146 2095 764 2180; baseline -0.002 -19"><span class='ocrx_word' id='word_1_151' title='bbox 146 2096 260 2162; x_wconf 77' lang='lat' dir='ltr'><strong>scribit</strong></span> <span class='ocrx_word' id='word_1_152' title='bbox 284 2095 410 2180; x_wconf 89' lang='lat' dir='ltr'><strong>adquiri</strong></span> <span class='ocrx_word' id='word_1_153' title='bbox 433 2096 764 2162; x_wconf 72' lang='lat' dir='ltr'><strong>tibi‘condictionem.</strong></span> 
     </span>
    </p>

    <p class='ocr_par' dir='ltr' id='par_1_7' title="bbox 148 2202 1161 2375">
     <span class='ocr_line' id='line_1_21' title="bbox 238 2202 1160 2285; baseline 0 -17"><span class='ocrx_word' id='word_1_154' title='bbox 238 2207 409 2284; x_wconf 82' lang='lat' dir='ltr'><strong>Sequuntur</strong></span> <span class='ocrx_word' id='word_1_155' title='bbox 436 2208 522 2268; x_wconf 91' lang='lat' dir='ltr'><strong>haec:</strong></span> <span class='ocrx_word' id='word_1_156' title='bbox 552 2202 697 2268; x_wconf 72' lang='lat' dir='ltr'><strong>‘Iulianus</strong></span> <span class='ocrx_word' id='word_1_157' title='bbox 721 2227 838 2285; x_wconf 89' lang='lat' dir='ltr'><strong>qnoque</strong></span> <span class='ocrx_word' id='word_1_158' title='bbox 930 2208 1034 2268; x_wconf 83' lang='lat' dir='ltr'><strong>scribit</strong></span> <span class='ocrx_word' id='word_1_159' title='bbox 1056 2227 1160 2269; x_wconf 83' lang='lat' dir='ltr'><strong>veram</strong></span> 
     </span>
     <span class='ocr_line' id='line_1_22' title="bbox 148 2291 1161 2375; baseline -0.001 -17"><span class='ocrx_word' id='word_1_160' title='bbox 148 2315 211 2358; x_wconf 89' lang='lat' dir='ltr'><strong>esse</strong></span> <span class='ocrx_word' id='word_1_161' title='bbox 235 2296 386 2357; x_wconf 87' lang='lat' dir='ltr'><strong>Aristonis</strong></span> <span class='ocrx_word' id='word_1_162' title='bbox 410 2291 611 2356; x_wconf 86' lang='lat' dir='ltr'><strong>sententiam&#39;.</strong></span> <span class='ocrx_word' id='word_1_163' title='bbox 652 2297 768 2375; x_wconf 87' lang='lat' dir='ltr'><strong>reliqua</strong></span> <span class='ocrx_word' id='word_1_164' title='bbox 791 2317 809 2356; x_wconf 86' lang='lat' dir='ltr'><strong>a</strong></span> <span class='ocrx_word' id='word_1_165' title='bbox 832 2297 1016 2358; x_wconf 84' lang='lat' dir='ltr'><strong>Triboniano</strong></span> <span class='ocrx_word' id='word_1_166' title='bbox 1039 2300 1161 2357; x_wconf 87' lang='lat' dir='ltr'><strong>mutata</strong></span> 
     </span>
    </p>
   </div>
   <div class='ocr_carea' id='block_1_7' title="bbox 148 2385 687 2447">
    <p class='ocr_par' dir='ltr' id='par_1_8' title="bbox 148 2385 687 2447">
     <span class='ocr_line' id='line_1_23' title="bbox 148 2385 687 2447; baseline -0.002 0"><span class='ocrx_word' id='word_1_167' title='bbox 148 2391 226 2447; x_wconf 87' lang='lat' dir='ltr'><strong>sunt.</strong></span> <span class='ocrx_word' id='word_1_168' title='bbox 262 2386 299 2447; x_wconf 88' lang='lat' dir='ltr'><strong>cf.</strong></span> <span class='ocrx_word' id='word_1_169' title='bbox 318 2387 440 2445; x_wconf 90' lang='lat' dir='ltr'><strong>Pernice</strong></span> <span class='ocrx_word' id='word_1_170' title='bbox 462 2385 509 2444; x_wconf 94' lang='grc' dir='ltr'><strong>ΙΠ</strong></span> <span class='ocrx_word' id='word_1_171' title='bbox 528 2387 591 2445; x_wconf 94' lang='grc'><strong>222</strong></span> <span class='ocrx_word' id='word_1_172' title='bbox 615 2405 644 2445; x_wconf 89' lang='lat' dir='ltr'><strong>n.</strong></span> <span class='ocrx_word' id='word_1_173' title='bbox 660 2387 687 2446; x_wconf 87' lang='grc'><strong>4.</strong></span> 
     </span>
    </p>
   </div>
   <div class='ocr_carea' id='block_1_8' title="bbox 432 2558 874 2643">
    <p class='ocr_par' dir='ltr' id='par_1_9' title="bbox 432 2558 874 2643">
     <span class='ocr_line' id='line_1_24' title="bbox 432 2558 874 2643; baseline -0.002 -19"><span class='ocrx_word' id='word_1_174' title='bbox 432 2558 482 2624; x_wconf 85' lang='lat' dir='ltr'><strong>De</strong></span> <span class='ocrx_word' id='word_1_175' title='bbox 503 2559 663 2624; x_wconf 70' lang='lat' dir='ltr'><strong>cadorum</strong></span> <span class='ocrx_word' id='word_1_176' title='bbox 685 2559 874 2643; x_wconf 79' lang='lat' dir='ltr'><strong>oblipotione.</strong></span> 
     </span>
    </p>
   </div>
   <div class='ocr_carea' id='block_1_9' title="bbox 87 2664 1162 3640">
    <p class='ocr_par' dir='ltr' id='par_1_10' title="bbox 87 2664 1162 3640">
     <span class='ocr_line' id='line_1_25' title="bbox 236 2664 1160 2750; baseline 0.001 -20"><span class='ocrx_word' id='word_1_177' title='bbox 236 2666 288 2733; x_wconf 88' lang='lat'><strong>41.</strong></span> <span class='ocrx_word' id='word_1_178' title='bbox 312 2665 350 2731; x_wconf 92' lang='lat' dir='ltr'><strong>D.</strong></span> <span class='ocrx_word' id='word_1_179' title='bbox 365 2667 418 2749; x_wconf 84' lang='lat'><strong>46,</strong></span> <span class='ocrx_word' id='word_1_180' title='bbox 433 2668 462 2750; x_wconf 86' lang='lat'><strong>3,</strong></span> <span class='ocrx_word' id='word_1_181' title='bbox 479 2667 529 2732; x_wconf 87' lang='grc'><strong>16.</strong></span> <span class='ocrx_word' id='word_1_182' title='bbox 571 2664 768 2750; x_wconf 89' lang='lat' dir='ltr'><strong>Pomponius</strong></span> <span class='ocrx_word' id='word_1_183' title='bbox 791 2666 875 2730; x_wconf 91' lang='lat' dir='ltr'><strong>libro</strong></span> <span class='ocrx_word' id='word_1_184' title='bbox 900 2665 1014 2749; x_wconf 89' lang='lat' dir='ltr'><strong>quinto</strong></span> <span class='ocrx_word' id='word_1_185' title='bbox 1033 2665 1160 2731; x_wconf 84' lang='lat' dir='ltr'><strong>decimo</strong></span> 
     </span>
     <span class='ocr_line' id='line_1_26' title="bbox 87 2753 1159 2839; baseline -0.003 -18"><span class='ocrx_word' id='word_1_186' title='bbox 87 2805 89 2810; x_wconf 84' lang='lat'>-</span> <span class='ocrx_word' id='word_1_187' title='bbox 149 2755 187 2820; x_wconf 91' lang='lat' dir='ltr'><strong>ad</strong></span> <span class='ocrx_word' id='word_1_188' title='bbox 212 2755 368 2821; x_wconf 81' lang='lat' dir='ltr'><strong>Sabinum</strong></span> <span class='ocrx_word' id='word_1_189' title='bbox 392 2755 441 2839; x_wconf 89' lang='lat' dir='ltr'><strong>(P.</strong></span> <span class='ocrx_word' id='word_1_190' title='bbox 461 2754 565 2839; x_wconf 66' lang='lat'>6091&#39;).</span> <span class='ocrx_word' id='word_1_191' title='bbox 590 2791 628 2802; x_wconf 97' lang='lat'><em>-</em></span> <span class='ocrx_word' id='word_1_192' title='bbox 655 2755 721 2820; x_wconf 82' lang='lat' dir='ltr'><strong>Sub</strong></span> <span class='ocrx_word' id='word_1_193' title='bbox 750 2753 935 2820; x_wconf 87' lang='lat' dir='ltr'><strong>condicione</strong></span> <span class='ocrx_word' id='word_1_194' title='bbox 964 2754 1103 2820; x_wconf 89' lang='lat' dir='ltr'><strong>debitori</strong></span> <span class='ocrx_word' id='word_1_195' title='bbox 1131 2755 1159 2820; x_wconf 92' lang='lat' dir='ltr'><strong>si</strong></span> 
     </span>
     <span class='ocr_line' id='line_1_27' title="bbox 148 2843 1159 2929; baseline -0.004 -19"><span class='ocrx_word' id='word_1_196' title='bbox 148 2849 315 2929; x_wconf 90' lang='lat' dir='ltr'><strong>acceptum</strong></span> <span class='ocrx_word' id='word_1_197' title='bbox 333 2843 466 2928; x_wconf 86' lang='lat' dir='ltr'><strong>feratur,</strong></span> <span class='ocrx_word' id='word_1_198' title='bbox 487 2848 601 2929; x_wconf 89' lang='lat' dir='ltr'><strong>postea</strong></span> <span class='ocrx_word' id='word_1_199' title='bbox 620 2845 807 2910; x_wconf 90' lang='lat' dir='ltr'><strong>condicione</strong></span> <span class='ocrx_word' id='word_1_200' title='bbox 825 2843 982 2907; x_wconf 87' lang='lat' dir='ltr'><strong>existente</strong></span> <span class='ocrx_word' id='word_1_201' title='bbox 999 2843 1159 2928; x_wconf 83' lang='lat' dir='ltr'><strong>intellegi·</strong></span> 
     </span>
     <span class='ocr_line' id='line_1_28' title="bbox 147 2931 1162 3018; baseline -0.001 -21"><span class='ocrx_word' id='word_1_202' title='bbox 147 2937 200 2997; x_wconf 90' lang='lat' dir='ltr'><strong>tur</strong></span> <span class='ocrx_word' id='word_1_203' title='bbox 220 2934 287 2997; x_wconf 88' lang='lat' dir='ltr'><strong>iam</strong></span> <span class='ocrx_word' id='word_1_204' title='bbox 306 2932 384 2998; x_wconf 92' lang='lat' dir='ltr'><strong>olim</strong></span> <span class='ocrx_word' id='word_1_205' title='bbox 403 2933 566 2998; x_wconf 87' lang='lat' dir='ltr'><strong>liberatus.</strong></span> <span class='ocrx_word' id='word_1_206' title='bbox 604 2937 636 2997; x_wconf 92' lang='lat' dir='ltr'><strong>et</strong></span> <span class='ocrx_word' id='word_1_207' title='bbox 655 2933 717 2998; x_wconf 90' lang='lat' dir='ltr'><strong>hoc</strong></span> <span class='ocrx_word' id='word_1_208' title='bbox 736 2934 835 2997; x_wconf 89' lang='lat' dir='ltr'><strong>etiam</strong></span> <span class='ocrx_word' id='word_1_209' title='bbox 853 2931 882 2996; x_wconf 90' lang='lat' dir='ltr'><strong>si</strong></span> <span class='ocrx_word' id='word_1_210' title='bbox 901 2932 1019 2996; x_wconf 90' lang='lat' dir='ltr'><strong>solutio</strong></span> <span class='ocrx_word' id='word_1_211' title='bbox 1038 2954 1072 2996; x_wconf 91' lang='lat' dir='ltr'><strong>re</strong></span> <span class='ocrx_word' id='word_1_212' title='bbox 1091 2932 1162 3018; x_wconf 84' lang='lat' dir='ltr'><strong>fiat,</strong></span> 
     </span>
     <span class='ocr_line' id='line_1_29' title="bbox 148 3020 1159 3105; baseline 0.001 -20"><span class='ocrx_word' id='word_1_213' title='bbox 148 3021 290 3085; x_wconf 89' lang='lat' dir='ltr'><strong>accidere</strong></span> <span class='ocrx_word' id='word_1_214' title='bbox 318 3021 430 3086; x_wconf 91' lang='lat' dir='ltr'><strong>Aristo</strong></span> <span class='ocrx_word' id='word_1_215' title='bbox 459 3021 594 3086; x_wconf 89' lang='lat' dir='ltr'><strong>dicebat.</strong></span> <span class='ocrx_word' id='word_1_216' title='bbox 645 3022 775 3105; x_wconf 80' lang='lat' dir='ltr'><strong>scripsit</strong></span> <span class='ocrx_word' id='word_1_217' title='bbox 803 3021 901 3105; x_wconf 88' lang='lat' dir='ltr'><strong>enim,</strong></span> <span class='ocrx_word' id='word_1_218' title='bbox 935 3020 962 3085; x_wconf 88' lang='lat' dir='ltr'><strong>si</strong></span> <span class='ocrx_word' id='word_1_219' title='bbox 990 3020 1075 3104; x_wconf 91' lang='lat' dir='ltr'><strong>quis,</strong></span> <span class='ocrx_word' id='word_1_220' title='bbox 1103 3022 1159 3105; x_wconf 90' lang='lat' dir='ltr'><strong>qui</strong></span> 
     </span>
     <span class='ocr_line' id='line_1_30' title="bbox 149 3109 1157 3194; baseline -0.001 -20"><span class='ocrx_word' id='word_1_221' title='bbox 149 3110 208 3174; x_wconf 87' lang='lat' dir='ltr'><strong>sub</strong></span> <span class='ocrx_word' id='word_1_222' title='bbox 232 3109 419 3174; x_wconf 84' lang='lat' dir='ltr'><strong>condicione</strong></span> <span class='ocrx_word' id='word_1_223' title='bbox 442 3110 610 3192; x_wconf 87' lang='lat' dir='ltr'><strong>pecuniam</strong></span> <span class='ocrx_word' id='word_1_224' title='bbox 633 3109 793 3194; x_wconf 88' lang='lat' dir='ltr'><strong>promisit,</strong></span> <span class='ocrx_word' id='word_1_225' title='bbox 816 3109 904 3174; x_wconf 87' lang='lat' dir='ltr'><strong>dedit</strong></span> <span class='ocrx_word' id='word_1_226' title='bbox 926 3131 997 3174; x_wconf 87' lang='lat' dir='ltr'><strong>eam</strong></span> <span class='ocrx_word' id='word_1_227' title='bbox 1021 3131 1060 3173; x_wconf 87' lang='lat' dir='ltr'><strong>ea</strong></span> <span class='ocrx_word' id='word_1_228' title='bbox 1083 3131 1157 3174; x_wconf 91' lang='lat' dir='ltr'><strong>con·</strong></span> 
     </span>
     <span class='ocr_line' id='line_1_31' title="bbox 148 3197 1157 3282; baseline 0.001 -21"><span class='ocrx_word' id='word_1_229' title='bbox 148 3197 282 3281; x_wconf 83' lang='lat' dir='ltr'><strong>dicione,</strong></span> <span class='ocrx_word' id='word_1_230' title='bbox 305 3202 351 3282; x_wconf 89' lang='lat' dir='ltr'><strong>ut,</strong></span> <span class='ocrx_word' id='word_1_231' title='bbox 374 3197 402 3261; x_wconf 87' lang='lat' dir='ltr'><strong>si</strong></span> <span class='ocrx_word' id='word_1_232' title='bbox 426 3197 571 3263; x_wconf 88' lang='lat' dir='ltr'><strong>condicio</strong></span> <span class='ocrx_word' id='word_1_233' title='bbox 595 3197 782 3282; x_wconf 85' lang='lat' dir='ltr'><strong>exstitisset,</strong></span> <span class='ocrx_word' id='word_1_234' title='bbox 805 3199 840 3262; x_wconf 92' lang='lat' dir='ltr'><strong>in</strong></span> <span class='ocrx_word' id='word_1_235' title='bbox 860 3199 1002 3263; x_wconf 90' lang='lat' dir='ltr'><strong>solutum</strong></span> <span class='ocrx_word' id='word_1_236' title='bbox 1021 3199 1157 3276; x_wconf 88' lang='lat' dir='ltr'><strong>cederet,</strong></span> 
     </span>
     <span class='ocr_line' id='line_1_32' title="bbox 149 3285 1157 3371; baseline 0.001 -21"><span class='ocrx_word' id='word_1_237' title='bbox 149 3286 306 3351; x_wconf 82' lang='lat' dir='ltr'><strong>existente</strong></span> <span class='ocrx_word' id='word_1_238' title='bbox 338 3286 522 3351; x_wconf 84' lang='lat' dir='ltr'><strong>condicione</strong></span> <span class='ocrx_word' id='word_1_239' title='bbox 550 3285 681 3350; x_wconf 87' lang='lat' dir='ltr'><strong>liberari</strong></span> <span class='ocrx_word' id='word_1_240' title='bbox 709 3308 782 3350; x_wconf 87' lang='lat' dir='ltr'><strong>eum</strong></span> <span class='ocrx_word' id='word_1_241' title='bbox 809 3308 869 3353; x_wconf 87' lang='lat' dir='ltr'><strong>nec</strong></span> <span class='ocrx_word' id='word_1_242' title='bbox 898 3287 1040 3371; x_wconf 87' lang='lat' dir='ltr'><strong>obstare,</strong></span> <span class='ocrx_word' id='word_1_243' title='bbox 1072 3287 1157 3371; x_wconf 92' lang='lat' dir='ltr'><strong>quod</strong></span> 
     </span>
     <span class='ocr_line' id='line_1_33' title="bbox 148 3374 1160 3460; baseline -0.001 -20"><span class='ocrx_word' id='word_1_244' title='bbox 148 3378 223 3440; x_wconf 89' lang='lat' dir='ltr'><strong>ante</strong></span> <span class='ocrx_word' id='word_1_245' title='bbox 249 3375 317 3440; x_wconf 88' lang='lat' dir='ltr'><strong>eius</strong></span> <span class='ocrx_word' id='word_1_246' title='bbox 341 3375 476 3460; x_wconf 89' lang='lat' dir='ltr'><strong>pecunia</strong></span> <span class='ocrx_word' id='word_1_247' title='bbox 498 3377 586 3440; x_wconf 86' lang='lat' dir='ltr'><strong>faeta</strong></span> <span class='ocrx_word' id='word_1_248' title='bbox 609 3380 658 3440; x_wconf 88' lang='lat' dir='ltr'><strong>est</strong></span> <span class='ocrx_word' id='word_1_249' title='bbox 675 3374 748 3459; x_wconf 85' lang='lat' dir='ltr'><strong>&lt;cui</strong></span> <span class='ocrx_word' id='word_1_250' title='bbox 767 3376 855 3440; x_wconf 90' lang='lat' dir='ltr'><strong>dedit</strong></span> <span class='ocrx_word' id='word_1_251' title='bbox 874 3397 970 3460; x_wconf 88' lang='lat' dir='ltr'><strong>quam</strong></span> <span class='ocrx_word' id='word_1_252' title='bbox 990 3376 1160 3441; x_wconf 86' lang='lat' dir='ltr'><strong>deberetur</strong></span> 
     </span>
     <span class='ocr_line' id='line_1_34' title="bbox 148 3464 1159 3551; baseline -0.001 -22"><span class='ocrx_word' id='word_1_253' title='bbox 148 3466 189 3547; x_wconf 74' lang='lat' dir='ltr'><strong>ei,</strong></span> <span class='ocrx_word' id='word_1_254' title='bbox 213 3486 289 3529; x_wconf 89' lang='lat' dir='ltr'><strong>nam</strong></span> <span class='ocrx_word' id='word_1_255' title='bbox 312 3485 352 3530; x_wconf 84' lang='lat' dir='ltr'><strong>ex</strong></span> <span class='ocrx_word' id='word_1_256' title='bbox 373 3465 535 3550; x_wconf 84' lang='lat' dir='ltr'><strong>postfacto</strong></span> <span class='ocrx_word' id='word_1_257' title='bbox 559 3465 749 3530; x_wconf 88' lang='lat' dir='ltr'><strong>creditorem</strong></span> <span class='ocrx_word' id='word_1_258' title='bbox 773 3487 845 3530; x_wconf 89' lang='lat' dir='ltr'><strong>enm</strong></span> <span class='ocrx_word' id='word_1_259' title='bbox 867 3464 1015 3551; x_wconf 81' lang='lat' dir='ltr'><strong>intellegi</strong></span> <span class='ocrx_word' id='word_1_260' title='bbox 1035 3466 1101 3530; x_wconf 89' lang='lat' dir='ltr'><strong>iarn</strong></span> <span class='ocrx_word' id='word_1_261' title='bbox 1120 3485 1159 3529; x_wconf 87' lang='lat' dir='ltr'><strong>eo</strong></span> 
     </span>
     <span class='ocr_line' id='line_1_35' title="bbox 147 3554 854 3640; baseline 0 -22"><span class='ocrx_word' id='word_1_262' title='bbox 147 3557 305 3640; x_wconf 88' lang='lat' dir='ltr'><strong>tempore,</strong></span> <span class='ocrx_word' id='word_1_263' title='bbox 329 3576 392 3638; x_wconf 91' lang='lat' dir='ltr'><strong>qno</strong></span> <span class='ocrx_word' id='word_1_264' title='bbox 415 3555 551 3639; x_wconf 89' lang='lat' dir='ltr'><strong>pecunia</strong></span> <span class='ocrx_word' id='word_1_265' title='bbox 574 3554 641 3620; x_wconf 87' lang='lat' dir='ltr'><strong>eius</strong></span> <span class='ocrx_word' id='word_1_266' title='bbox 665 3554 753 3620; x_wconf 86' lang='lat' dir='ltr'><strong>facta</strong></span> <span class='ocrx_word' id='word_1_267' title='bbox 776 3555 854 3640; x_wconf 77' lang='lat' dir='ltr'><strong>est).</strong></span> 
     </span>
    </p>
   </div>
   <div class='ocr_carea' id='block_1_10' title="bbox 0 0 1312 3912">
    <p class='ocr_par' dir='ltr' id='par_1_11' title="bbox 0 0 1312 3912">
     <span class='ocr_line' id='line_1_36' title="bbox 0 0 1312 3912; baseline 0 0"><span class='ocrx_word' id='word_1_268' title='bbox 0 0 1312 3912; x_wconf 95' lang='lat' dir='ltr'><strong> </strong></span> 
     </span>
    </p>
   </div>
  </div>
 </body>
</html>
