2568 3912
184 233 249 296 546
550 229 824 287 ADDITAMENTA.

186 394 311 459 fruetus
341 395 493 477 pertinet,
525 394 605 457 utile
638 394 801 459 communi
835 393 1008 460 dividundo
1042 395 1199 460 iudicium

185 482 276 548 reddi
298 482 459 566 plerisque
482 482 612 566 placuit.

545 658 596 724 De
618 662 686 725 iure
707 661 832 726 dotium.

274 784 325 850 76.
348 783 422 849 Vat.
441 783 480 848 fr.
497 783 569 850 115.
597 781 715 870 (Paul.)
736 821 774 830 -
796 831 851 849 ...
870 805 890 848 6
908 784 1100 868 quibusdam
1121 786 1199 850 diei·

183 878 246 957 tur,
265 874 374 938 omnia
397 875 431 936 in
454 873 561 938 dotem
586 871 679 955 da<ri
704 873 827 956 posse).

275 964 324 1027 77.
349 961 387 1028 D.
402 962 454 1043 25,
472 963 500 1045 1,
516 961 545 1035 5,
561 962 590 1026 2.
626 961 787 1045 Ulpianus
811 963 893 1027 libro
917 962 1084 1047 trigesimo
1105 968 1200 1029 sexto

185 1052 225 1116 ad
249 1050 413 1117 Sabinum.
438 1088 478 1097 -
505 1049 539 1115 Si
569 1051 625 1115 dos
650 1051 757 1115 soluta
781 1050 910 1115 sitnon
933 1051 1045 1115 habita
1068 1052 1199 1118 ratione

96 1151 100 1158 '
185 1143 415 1225 impensarum,
438 1140 608 1204 videndum
634 1144 691 1224 est,
715 1162 757 1204 an
781 1139 904 1220 eondioi
927 1141 1031 1222 possit
1054 1140 1086 1204 id
1111 1143 1198 1225 quod

184 1253 242 1314 pro
277 1229 430 1313 impensis
463 1228 651 1292 necessariis
685 1229 887 1312 compensari
915 1229 1007 1294 solet.
1050 1233 1198 1295 ...etsi

184 1318 328 1403 plerique
351 1321 471 1402 negent
493 1366 545 1382 ...

274 1407 324 1472 78.
353 1405 391 1471 D.
406 1406 459 1489 23,
473 1407 503 1488 2,
517 1407 568 1471 33.
600 1404 691 1469 Idem
711 1402 768 1492 (se.
788 1403 976 1491 Marcellus)
994 1405 1077 1470 libro
1096 1410 1198 1473 tertio

184 1497 224 1561 ad
257 1497 363 1579 legem
396 1493 512 1559 Iuliam
544 1499 576 1558 et
604 1493 746 1578 Papiam.
770 1493 984 1579 -Plerique
1011 1496 1199 1579 opinantur,

183 1608 256 1649 oum
286 1585 395 1648 eadem
424 1584 539 1647 mulier
567 1583 606 1647 ad
636 1582 771 1648 eundem
801 1583 905 1648 virum
933 1588 1130 1669 revertatur,
1164 1586 1197 1650 id

182 1673 424 1738 matrimonium
447 1671 531 1735 idem
556 1693 634 1737 esse.

275 1762 326 1825 79.
350 1761 388 1826 D.
399 1761 451 1842 23,
462 1762 491 1842 3,
502 1761 552 1826 66.
581 1760 669 1824 Idem
684 1759 742 1846 (se.
754 1758 967 1848 Pomponius)
979 1761 1063 1826 libro
1078 1767 1197 1829 octavo

184 1851 225 1914 ad
250 1849 405 1925 Quintum
428 1849 577 1915 Mucium.
605 1885 642 1896 —
669 1848 704 1915 si
727 1871 804 1914 usus
827 1850 949 1914 fructus
972 1849 1076 1931 fundi,
1104 1853 1196 1916 euius

187 1939 419 2023 proprietatem
446 1940 561 2003 mulier
583 1959 650 2002 non
673 1938 827 2018 6666666,
851 1938 935 2003 dotis
958 1939 1088 2003 nomine
1114 1941 1196 2005 mihi

183 2049 203 2092 a
224 2027 355 2091 domino
375 2027 583 2111 proprietatis
603 2027 704 2108 detur,
723 2025 897 2091 difficultas
916 2029 979 2092 erit
996 2033 1071 2112 post
1089 2029 1196 2094 divor·

185 2115 267 2180 tium
301 2116 386 2180 eirea
413 2113 609 2179 reddendum
642 2115 693 2178 ius
721 2115 846 2179 mulieri
870 2117 1084 2200 ...quidam
1116 2140 1196 2204 ergo

184 2203 319 2268 remedii
337 2205 409 2268 loeo
429 2256 435 2267 .
452 2251 459 2266 .
478 2207 671 2287 putaverunt
689 2203 964 2288 introducendum,
986 2210 1022 2270 66
1039 2207 1089 2270 661
1110 2207 1197 2272 16666

183 2294 269 2358 6666
288 2314 381 2357 usum
401 2292 541 2357 fructum
561 2293 687 2356 mulieri
707 2293 842 2357 maritus
861 2294 912 2357 vel
927 2295 1045 2358 vendat
1059 2317 1195 2361 nummo

184 2404 257 2466 suo,
286 2386 322 2446 ut
348 2381 454 2466 ipsum
483 2381 609 2465 quidem
637 2382 687 2445 ius
716 2386 882 2445 remaneat
910 2404 1007 2465 66666
1030 2386 1197 2466 maritum,

182 2472 346 2556 perceptio
370 2492 444 2535 vero
468 2468 632 2535 fructuum
655 2469 694 2533 ad
717 2470 883 2534 mulierem
906 2472 1074 2553 pertineat.

326 2648 377 2714 De
398 2649 613 2714 donationibus
634 2649 715 2712 iuter
736 2648 838 2712 ulrum
860 2653 890 2712 et
909 2669 1043 2712 uxorem.

274 2773 338 2838 80?
368 2771 406 2836 D.
420 2775 474 2855 41,
487 2775 518 2852 2,
535 2775 567 2857 1,
581 2774 610 2836 4.
651 2769 772 2836 Paulus
796 2772 880 2836 libro
903 2772 1196 2856 quinquagensimo

184 2865 300 2944 quarto
328 2861 367 2924 ad
396 2863 544 2926 edietum.
564 2897 606 2907 -
626 2859 660 2926 Si
685 2861 733 2924 vir
756 2861 847 2925 uxori
873 2862 966 2926 66666
988 2864 1196 2945 possessione

187 2951 370 3015 donationis
394 2972 500 3034 eausa,
523 2950 667 3035 plerique
690 2953 806 3032 putant
824 2949 988 3033 possidere
1008 2971 1090 3035 eam,
1115 2975 1195 3036 quo-

182 3037 271 3100 niam
295 3060 346 3102 res
370 3037 447 3102 faeti
470 3037 626 3102 infirmari
651 3041 719 3102 iure
742 3039 829 3102 civili
851 3060 918 3104 non
940 3045 1058 3122 potest.

273 3126 324 3190 81.
352 3125 390 3189 D.
406 3125 462 3205 24,
479 3125 573 3208 1‚3o‚
590 3128 617 3191 1.
655 3126 774 3191 Paulus
800 3129 883 3192 libro
906 3127 1075 3213 trigesimo
1100 3135 1194 3195 sexto

184 3213 224 3276 ad
239 3213 387 3278 edietum.
400 3251 438 3260 -
451 3213 597 3298 Sponsus
612 3215 751 3280 alienum
766 3217 898 3281 anulum
914 3239 1052 3301 sponsae
1067 3218 1196 3282 muneri

184 3301 273 3365 misit
301 3307 334 3365 et
358 3307 433 3384 post
455 3304 585 3386 nuptias
608 3326 667 3387 pro
691 3327 728 3369 eo
754 3327 846 3368 suum
870 3305 966 3370 dedit.
1012 3306 1144 3389 quidam
1165 3357 1194 3371 ..

182 3393 300 3472 putant
318 3388 388 3452 fieri
407 3412 478 3453 eum
495 3390 646 3474 mulieris,
666 3393 742 3476 quia
756 3398 832 3458 tune
846 3393 964 3458 factam
980 3395 1194 3461 donationem

181 3476 371 3541 confirmare
394 3477 528 3562 videtur,
550 3501 616 3545 666
638 3502 755 3545 novam
779 3483 940 3546 inchoare.

270 3588 306 3648 cf.
329 3587 400 3663 11‚1
421 3607 449 3663 p.
466 3591 537 3650 666.
