2580 3900
157 224 223 288 230
249 223 295 278 fv.
310 221 527 278 VESPASIANI
539 219 612 275 ΤΙΤΙ
625 221 820 278 DOMITIANI
833 220 940 276 TEMP.
953 219 1049 276 Iuffls
1064 219 1168 276 CONS.

157 408 253 472 quem
276 386 356 451 emit
378 387 494 451 mulier
517 385 597 450 satis
621 386 798 469 accepisset
821 389 855 449 et
876 384 1012 452 eundem
1029 383 1165 450 fundum

155 477 190 540 in
217 475 325 541 dotem
352 475 505 558 dedisset,
533 474 646 540 deinde
675 472 792 558 aliquis
821 495 893 540 eum
921 496 940 538 a
967 473 1084 538 marito
1108 494 1167 556 per

107 587 109 594 ’
156 563 311 628 iudicium
335 565 533 649 abstulisset,
559 583 650 649 posse
672 563 837 629 mulierem¹
857 561 969 628 statim
993 582 1089 647 agere
1113 562 1168 627 ad-

156 674 268 718 versus
309 653 513 719 fideiussores
555 652 729 738 emptionis
765 647 988 738 (evictionis?)
1025 650 1167 734 nomine,

156 740 249 825 qussi
289 742 447 807 minorem
484 742 593 807 dotem
628 741 748 806 habere
785 741 944 825 coepisset
979 739 1030 806 sel
1067 740 1166 806 etiam

155 829 293 913 nullam,
321 831 348 894 si
375 834 504 896 tantum
531 829 669 896 maritus
697 830 883 915 optulisset,
910 831 1024 915 quanti
1046 829 1165 894 fundus

156 923 249 984 esset.

244 1026 295 1093 25.
320 1025 358 1091 D.
374 1024 425 1110 18,
440 1028 469 1109 1,
483 1025 524 1092 57
532 1048 581 1109 pr.
616 1025 738 1092 Paulus
761 1027 845 1091 libro
870 1025 983 1111 quinto
1008 1025 1048 1089 ad
1070 1024 1165 1090 Plau·

154 1113 239 1180 tium
262 1111 311 1202 (P.
331 1113 442 1203 1116).
465 1151 508 1162 -
532 1114 674 1180 Domum
699 1115 775 1200 cmi,
804 1136 876 1179 cum
899 1135 970 1178 eam
994 1118 1026 1178 et
1049 1134 1109 1198 ego
1134 1120 1167 1179 et

156 1204 305 1270 venditor
346 1207 548 1269 combustam
588 1205 823 1289 ignoraremus.
881 1201 991 1268 Nerva
1026 1200 1166 1269 Sabinus

155 1291 287 1359 Cassius
306 1293 389 1357 nihil
408 1293 544 1372 venisse,
563 1294 710 1377 quamvis
729 1315 805 1358 area
823 1293 963 1375 maneat,
982 1293 1167 1375 pecuniam-

155 1404 216 1466 que
240 1383 381 1448 solutam
405 1381 529 1447 condici
552 1403 647 1465 posse
671 1382 772 1447 aiunt.

244 1489 295 1555 26.
324 1488 363 1554 D.
382 1488 458 1553 ibid.
477 1490 497 1569 ξ
514 1489 541 1553 1.
569 1525 612 1536 -
641 1487 698 1554 Sin
727 1493 833 1554 autem
861 1489 1009 1554 venditor
1036 1487 1166 1572 quidem

154 1578 278 1644 sciebat
297 1578 428 1642 domum
447 1598 517 1641 esse
536 1580 692 1660 exustam,
710 1581 836 1662 emptor
855 1581 965 1642 autem
981 1577 1168 1662 ignorabat,

153 1667 243 1731 nullo
277 1668 365 1731 modo
397 1665 615 1731 venditionem
648 1669 747 1750 stare,
782 1669 809 1731 si
840 1671 913 1732 tcta
944 1668 1056 1731 domus
1089 1670 1167 1730 ante

152 1755 368 1820 venditionem
392 1758 506 1818 exusta
529 1754 582 1818 sit.
688 1791 693 1802 ·

242 1863 324 1936 Quas
352 1867 530 1942 sequuntur,
558 1885 618 1925 non
645 1866 771 1942 Plautii,
800 1867 853 1926 sed
878 1867 997 1926 Neratii
1023 1866 1168 1928 videntur

154 1973 227 2014 esse.
273 1955 309 2016 cf.
332 1955 367 2014 D.
390 1957 617 2033 18‚1,57pr.:
646 1948 711 2014 ‘sed
738 1955 763 2015 si
789 1973 860 2032 pars
888 1957 993 2017 domus
1021 1959 1166 2030 maneret,

153 2043 296 2103 Neratius
320 2037 385 2102 ait'.

242 2147 295 2210 27.
318 2144 358 2210 D.
373 2145 426 2224 20,
439 2145 471 2228 4,
486 2145 537 2210 13.
573 2143 692 2210 Paulus
710 2144 793 2211 libro
813 2146 927 2229 qumto
945 2145 985 2210 ad
998 2145 1167 2212 Plautium

153 2233 203 2321 (P.
220 2231 328 2319 1118).
350 2271 387 2282 -
410 2234 554 2299 insulam
577 2233 638 2298 tibi
662 2233 791 2298 vendidi
813 2238 846 2300 et
865 2234 932 2300 dixi
950 2236 1069 2320 prioris
1088 2237 1167 2302 anni

153 2323 339 2409 pensionem
358 2322 448 2406 mihi,
467 2323 670 2408 sequentium
683 2321 745 2387 tibi
760 2328 961 2388 accessuram
976 2325 1167 2411 pignorum-

154 2434 214 2498 que
248 2413 288 2477 ab
322 2410 478 2497 inquilino
511 2413 661 2478 datorum
692 2412 742 2476 ius
770 2416 940 2498 utrumque
969 2417 1165 2479 secuturum.

152 2501 262 2567 Nerva
281 2499 448 2584 Proculus,
470 2501 536 2566 nisi
558 2500 599 2566 ad
621 2504 794 2585 utramque
816 2503 1005 2586 pensionem
1027 2503 1167 2587 pignora

154 2591 354 2678 sufficerent,
388 2591 439 2656 ius
476 2591 620 2656 omnium
655 2590 829 2676 pignorum
865 2591 1006 2675 primum
1039 2591 1081 2657 ad
1113 2614 1166 2657 me

152 2681 341 2764 pertinere[,
373 2680 449 2766 quia
475 2677 560 2744 nihil
592 2683 701 2764 aperte
729 2679 850 2744 dictum
880 2683 979 2759 esset,
1010 2703 1050 2744 an
1081 2702 1167 2746 com·

153 2771 294 2834 munitor
320 2791 358 2834 ex
382 2768 532 2835 omnibus
554 2768 748 2854 pignoribus
772 2790 898 2834 summa
920 2785 980 2854 pro
1003 2772 1075 2834 rata
1099 2791 1166 2834 ser-

152 2860 274 2939 vetur],
298 2858 326 2921 si
350 2858 424 2942 quid
450 2861 646 2942 superesset,
670 2857 710 2923 ad
733 2862 776 2922 te.

242 2951 415 3028 Sequuntur
436 2952 522 3010 haec:
547 2945 681 3010 ‘Paulus
717 2949 791 3010 facti
808 2950 945 3027 quaestio
965 2946 1022 3010 cst'
1044 2954 1076 3012 et
1094 2972 1122 3030 q.
1142 2971 1166 3014 s.

240 3051 294 3117 28.
321 3049 359 3115 D.
375 3053 427 3130 12,
445 3055 472 3133 1,
486 3053 539 3134 31,
554 3052 582 3116 1.
627 3051 718 3116 Idem
745 3049 803 3135 (sc.
825 3048 961 3138 Paulus)
986 3051 1070 3118 libro
1094 3072 1167 3138 sep·

153 3140 233 3204 timo
258 3139 380 3204 decimo
406 3139 446 3203 ad
464 3139 627 3204 Plautium
648 3138 696 3225 (P.
713 3137 823 3226 1235).
849 3177 888 3188 -
914 3139 1050 3205 Servum
1070 3144 1166 3208 tuum

153 3227 476 3380 iruna
496 3227 670 3381 irrui
693 3229 828 3402 uu
851 3250 898 3384 s
913 3230 1165 3384 ruitur

152 3339 211 3470 ist.
262 3338 401 3470 Spabinus
429 3367 561 3471 Odssius
593 3335 705 3490 possep
719 3410 751 3471 te
783 3341 864 3472 mihi
895 3407 1060 3473 hominem
1088 3429 1166 3472 con-

152 3491 268 3575 dicere;
297 3492 353 3558 sed
381 3494 409 3556 si
439 3493 516 3579 quid
544 3493 624 3557 mihi
652 3494 780 3560 abesset
807 3518 846 3560 ex
867 3496 1000 3582 negotio
1025 3495 1112 3580 quod
1135 3496 1164 3560 is

152 3583 319 3667 gessisset,
341 3581 479 3648 invicem
502 3604 554 3648 me
576 3585 682 3649 tecum
706 3588 860 3650 acturum.
