2590 3902
502 191 527 239 3.
545 183 707 239 maturus
1044 186 1107 250 2¹21

97 349 189 433 sequi
217 347 390 431 demebat,
417 346 519 431 quia)
542 368 581 410 ex
608 347 654 411 eis
682 347 767 411 inter
795 369 875 433 quos
898 353 1038 414 nonest
1059 371 1111 415 cc-

96 438 245 520 nubium,
276 436 331 520 qui
353 435 511 519 nascitus,
533 436 602 500 inre
625 438 770 520 gentium
792 437 906 501 matris
929 437 1112 503 condicioni·

97 527 229 592 accedit.
276 547 342 610 qua
367 528 463 608 parte
483 527 593 589 sutem
614 524 705 589 iubet
727 525 778 589 lex
807 547 846 590 ex
869 527 939 591 ciue
960 525 1109 593 Romano

97 621 130 680 st
161 615 336 700 peregrina
366 613 575 698 peregrinum
606 613 710 696 nasci,
742 635 940 698 simmacus
971 615 1110 700 videtur,

96 725 174 768 nam
211 707 246 768 et
279 708 407 767 remota
442 723 480 765 sa
516 702 589 786 lege
624 701 687 767 hoc
718 702 830 786 utique
860 703 934 768 iure
963 705 1109 787 gentium

96 791 242 859 intusum
270 795 350 856 orat
395 790 476 854 adeo
503 795 614 855 autem·
638 791 701 855 boo
727 791 777 855 ita
803 795 868 875 est,
895 796 932 857 ut
955 792 1017 875 <ex
1040 795 1110 860 cive

97 879 244 946 Romano
281 883 314 944 et
345 879 462 944 Latina
497 878 554 962 qni
584 881 741 960 nascitur,
777 877 913 946 bacinos
944 887 1106 967 nascatur,

98 991 295 1054 quamquam
322 967 365 1032 sd·
390 989 444 1034 eos
473 968 529 1050 qui
555 967 651 1033 hodio
672 966 781 1032 Latini
806 969 1026 1052 appellantur,
1054 971 1109 1036 lex

98 1058 232 1123 Minicia
258 1079 328 1122 non
351 1057 506 1140 pertinet3
534 1077 611 1120 nam
638 1056 954 1139 comprehenduntur
982 1059 1109 1142 quidem

97 1144 595 1319 {oculisoculis
611 1145 667 1298 aii
686 1146 859 1299 iffi
876 1147 986 1299 llll
1004 1147 1109 1300 {tt

96 1328 235 1409 nantum,
265 1323 321 1388 sed
352 1323 394 1388 ud
420 1323 502 1388 alios
529 1283 663 1390 Latinos
690 1257 844 1407 pertingit,
877 1324 936 1408 qui
958 1323 1109 1410 proprios

6 1457 7 1462 κ
97 1414 237 1515 populos
260 1411 470 1498 propriasque
493 1410 640 1481 civitates
663 1410 829 1480 habebant
852 1416 996 1478 sterant
1018 1434 1108 1497 pere-

6 1513 7 1532 *
98 1523 267 1588 gnuorum
290 1521 435 1568 numeru

190 1591 221 1655 2.
243 1586 379 1674 Ulpiani
400 1589 455 1653 lib.
474 1588 556 1674 sing.
579 1587 776 1674 Regularum
800 1588 831 1673 5,
845 1589 875 1655 8.
897 1627 940 1636 —
963 1588 1109 1660 Conubic

96 1679 330 1744 interveniente
366 1677 461 1742 liberi
499 1698 626 1760 semper
657 1681 781 1761 patrem
815 1683 1007 1764 sequuntur,
1043 1701 1109 1744 non

98 1767 336 1832 interveniente
363 1765 502 1831 conubio
525 1766 637 1858 mattis
661 1765 842 1836 condicioni
866 1767 1035 1852 accedunt,
1058 1790 1109 1832 ex·

98 1860 192 1940 cepto
217 1877 256 1920 ac
281 1855 338 1940 qui
360 1877 401 1920 ex
422 1855 595 1940 peregrino
619 1857 652 1918 et
670 1854 739 1920 cive
757 1854 907 1924 Βοιιιιιιιιι
922 1857 1110 1946 peregrinus

97 1947 252 2028 nascitur,
276 1943 429 2029 quoniam
452 1943 504 2007 lex
526 1940 678 2008 Minicic¹
701 1965 739 2010 sn
762 1943 918 2011 alterutro
939 1967 1115 2032 peregrino·

98 2037 214 2100 natum
239 2031 409 2097 deterioris
431 2032 575 2115 parentis
598 2031 818 2098 condicionem
841 2035 931 2120 sequi
953 2036 1050 2101 iubet.

187 2143 342 2204 Minicium
372 2144 449 2202 hanc
480 2143 579 2220 legem
603 2136 690 2220 ¹quod
716 2143 750 2205 L.
778 2144 899 2206 Minicio
927 2147 1031 2206 Natali
1058 2147 1109 2206 ab·

98 2234 274 2306 iudicemus,
296 2251 364 2292 cum
387 2232 436 2292 uel
458 2231 520 2290 sub·
532 2231 633 2291 Nerva
652 2232 787 2309 principe
804 2233 887 2310 leges
905 2239 1027 2313 rogatas
1045 2255 1110 2296 csse

98 2323 239 2382 tradatur
259 2314 311 2404 (D.
325 2323 377 2398 47,
392 2322 443 2396 21,
458 2322 488 2398 3,
503 2323 530 2380 1.
549 2320 690 2381 Karlowa
706 2321 763 2398 lp.
780 2316 869 2403 624),
890 2324 1006 2384 nullam
1023 2323 1110 2385 video

98 2411 246 2472 rabonem
271 2409 417 2470 idoneam.
463 2410 547 2468 cuius
574 2409 650 2488 legis
677 2415 888 2486 argumentum
917 2413 955 2471 ad
983 2412 1108 2472 eandem

5 2493 6 2496 '
99 2501 162 2560 fera
194 2503 324 2559 aetatem
356 2498 467 2558 reione
498 2497 582 2576 licet,
615 2497 729 2558 scincet
760 2499 799 2558 ad
829 2500 864 2562 iu
886 2503 1019 2578 tempus,
1051 2521 1109 2576 quc

5 2725 6 2790 l

5 2959 7 3020 ι

5 3073 7 3152 ι

100 2593 132 2648 et
156 2588 307 2649 veteranis
335 2585 513 2663 quibusdam
535 2586 750 2663 principalibus
774 2587 1037 2647 constitutionibus
1060 2606 1108 2648 co-

5 2679 6 2718 l
99 2677 226 2737 nubium
254 2696 322 2736 cum
347 2675 395 2734 his
418 2675 533 2735 Latinis
560 2675 776 2752 peregrinisve,
804 2673 879 2751 quas
902 2676 1014 2751 primas
1041 2679 1110 2751 post

100 2766 273 2826 missionem
299 2781 409 2823 mores
435 2764 588 2842 duxerint,
615 2763 736 2824 concedi
765 2755 843 2844 (Gai.
859 2768 887 2843 Ι,
903 2756 960 2845 57)
988 2768 1020 2824 ct
1045 2783 1111 2840 pcr-

100 2854 212 2932 cgrinis
249 2853 423 2914 civitatibus
460 2852 639 2928 quibusdam
670 2852 751 2911 Latii
787 2853 833 2912 ius
870 2853 919 2914 vel
950 2873 969 2913 a
999 2853 1110 2930 populo

100 2942 235 3002 Romano
254 2942 304 3002 vel
318 2960 336 3000 a
350 2943 456 3000 senatu
470 2941 518 3001 vel
532 2960 550 3000 a
564 2939 691 3001 Caesare
705 2941 770 3000 dari
784 2942 900 3002 solebat
914 2933 993 3025 (Gai.
1005 2946 1033 3020 1,
1045 2935 1109 3023 95).

100 3031 240 3091 Minicius
273 3033 374 3089 autom
401 3029 533 3103 Natalis,
571 3030 622 3108 qui
659 3049 694 3088 cx
730 3032 858 3108 utroque
890 3032 969 3092 bello
1001 3031 1110 3092 Dacico

100 3120 186 3180 donis
205 3118 387 3178 militaiibus
411 3121 535 3178 ornatus
557 3119 697 3197 redierat,
718 3119 830 3180 Romae
853 3121 893 3181 <lc
912 3120 1111 3181 matrimoniis

100 3209 328 3285 peregrinorum
369 3225 436 3267 cum
471 3207 586 3268 civibus
622 3208 763 3269 Romanis
799 3229 859 3269 non
894 3210 1110 3272 interveniente

173 3347 188 3395 1
214 3340 243 3396 0.
263 3340 383 3408 Mensis,
407 3357 477 3410 quse
500 3340 585 3397 leobio
608 3345 692 3398 antea
708 3343 739 3398 in
758 3340 930 3398 editionibus
948 3344 1059 3413 prolata
1078 3359 1111 3396 ex

101 3428 134 3468 eo
154 3412 266 3468 demum
284 3413 423 3481 temporo,
443 3429 497 3481 quo
517 3411 692 3468 Studemuncl
711 3412 741 3467 in
760 3411 824 3468 Gaii
843 3413 939 3469 codice
958 3413 1112 3468 Veronensi

100 3487 176 3610 (11,ἔὲ
187 3483 288 3610 legem
306 3482 449 3538 Minicium
472 3484 607 3550 restituit,
630 3483 705 3554 apud
723 3484 875 3553 Ulpianum
894 3499 1004 3552 quoque
1019 3498 1110 3536 emen·
