2570 3904
174 189 218 252 34
245 188 291 243 HI.
307 187 382 242 GAII
396 187 541 242 CLAUDII
553 187 688 243 NERON.
699 188 844 242 GALBAE
856 188 964 244 ΤΕΜΡ.
975 189 1071 244 mals
1082 189 1186 246 CONS.

267 355 332 414 Iam
355 355 502 415 librorum
526 355 629 415 Sabini
651 356 785 416 Iauoleni
808 355 903 415 Cassii
927 357 1011 432 ordo,
1038 361 1190 434 quatenus

176 444 379 522 cognoscitur,
401 446 457 504 hoo
481 448 640 520 conspeetu
662 445 810 504 illustrari
832 448 944 520 potest:

176 603 302 663 Sabini
330 603 422 662 iuris
448 603 496 662 oi·
553 603 748 664 Iavolenus
772 625 812 664 ex

232 692 318 752 vilis
342 692 438 751 uari.
616 692 746 753 cassio.
949 639 1105 702 cassius.

176 828 236 914 (Ea
263 836 382 892 tantum
410 833 513 893 Sabini
541 837 572 894 et
594 835 728 895 Iauoleni
756 835 855 910 oapita
883 837 1020 913 apposui,
1049 855 1126 914 quae
1156 839 1190 898 in

443 925 571 1000 utroque
595 942 684 1000 opere
707 917 916 1005 reperiuntur)

173 1063 218 1122 De
250 1065 438 1124 testamentis
518 1064 563 1124 De
594 1066 783 1125 testamentis
864 1065 909 1125 De
938 1066 1069 1127 aditione
1097 1069 1189 1129 hore·

218 1144 250 1233 (1.
264 1147 302 1233 I).
563 1147 597 1234 (1.
611 1147 650 1234 I).
908 1155 1013 1215 ditatis
1037 1149 1070 1236 (l.
1084 1151 1140 1238 II).

170 1266 216 1326 De
239 1268 348 1344 legatis
372 1261 406 1343 (l.
420 1262 473 1349 H).
518 1268 563 1326 De
590 1269 699 1346 legatis
728 1262 761 1349 (l.
782 1261 837 1351 Π),
864 1268 908 1328 ΒΘ
939 1269 1086 1331 bonorum
1117 1293 1189 1348 pos-

563 1353 836 1436 [debonorumpos-
909 1359 1041 1419 sessione
1055 1355 1089 1440 (1.
1101 1358 1189 1440 VII).

563 1444 714 1522 sessione).
908 1446 952 1506 De
993 1449 1104 1525 legatis
1152 1443 1190 1534 (l.

907 1535 984 1596 VIII
1007 1541 1038 1596 et
1060 1533 1111 1618 X).

171 1648 371 1816 ΒΘᾶἱἮῗΘΘΘ
385 1648 491 1708 relicta

174 1850 220 1909 De
264 1852 360 1926 operis
401 1853 489 1912 liber·

216 1942 315 1998 torum
339 1933 372 2022 (1.
387 1932 442 2022 H).

171 2052 216 2112 ΒΘ
231 2054 448 2130 mancipatione
461 2061 491 2115 et

216 2143 367 2218 emptione
403 2145 489 2204 vend.

217 2223 251 2312 (l.
265 2223 321 2312 H).

170 2346 216 2406 De
264 2347 330 2406 iure
376 2347 489 2407 dotium
516 2348 561 2408 ΒΘ
606 2352 671 2410 iure
717 2351 833 2411 dotium

217 2429 251 2517 (1.
264 2427 320 2516 II).
561 2429 595 2518 (l.
609 2434 676 2520 IV).

171 2552 344 2612 Detutelis
368 2544 400 2632 (l.
415 2545 469 2632 H).
514 2553 559 2613 ΒΘ
583 2555 687 2616 tutelis
711 2549 745 2638 (1.
760 2549 811 2636 V).

171 2668 214 2727 De
238 2668 327 2727 furtis
351 2659 384 2750 (l.
399 2661 452 2749 II).
515 2670 833 2842 D⁰(1ni]13)mmis⁵i⁰n⁰

170 2870 215 2929 ΒΘ
258 2872 324 2949 lege
365 2872 489 2949 Aquilia
515 2875 561 2934 ΒΘ
607 2877 703 2951 operis
744 2878 832 2937 liber-

215 2954 247 3036 (l.
261 2952 315 3041 H).
559 2965 660 3022 torum
684 2957 716 3045 (l.
731 2961 799 3047 VI).

516 3070 832 3161 DeJmanoipatione(.)

559 3169 590 3225 et
617 3170 706 3242 empt.
729 3169 833 3228 vendi·

558 3255 638 3315 tione
662 3251 696 3335 (1.
711 3249 792 3339 VH).

171 3365 215 3424 De
259 3367 442 3442 usucapione
515 3369 558 3428 De
590 3372 773 3446 possessione
801 3377 832 3433 et

215 3445 248 3533 (l.
264 3446 334 3536 III).
558 3461 738 3536 usucapione
791 3454 829 3543 (1.
941 3481 942 3484 ’

557 3543 639 3629 VII).
