2590 3902
178 233 242 297 266
279 233 312 287 V.
330 231 480 287 NERVAE
500 232 546 287 ET
566 231 845 288 reminiscare.
862 231 958 287 lorus
977 229 1155 287 CONSULTI

422 429 473 496 De
494 451 598 496 rerum
620 436 795 496 ancum
812 432 941 496 vcreticae.

264 556 293 620 9.
312 552 352 619 D.
367 554 418 637 25,
433 554 464 637 2,
478 555 554 638 dpr.
585 554 705 620 Paulus
720 555 805 621 libro
820 555 957 640 septimo
972 553 1013 619 ad
1026 551 1188 618 Sabinum

175 644 224 726 (P.
245 639 354 730 1775).
381 679 417 690 —
449 641 570 709 Contra
600 665 716 708 nurum
739 691 774 708 ..
801 665 911 709 socero
943 641 1005 708 hoc
1031 641 1190 706 iudicium

175 732 316 798 dandum
343 731 516 797 Atilicinus
549 737 581 798 et
607 732 774 797 Fulcinius
802 732 907 817 aiunt,
939 731 1085 816 quotiens
1116 729 1189 796 filio

172 821 318 886 ‘familias
347 821 405 885 dos
433 821 509 886 date
533 825 595 904 est3
623 841 768 886 socerum
795 822 836 886 ob
859 841 911 885 res
934 820 1063 885 divortii
1086 840 1190 884 causa

175 914 300 976 amotas
323 909 404 974 furti
428 929 523 996 agere
545 929 611 975 non
634 929 737 993 posse.

264 1000 315 1064 10.
338 997 377 1063 D.
392 998 445 1083 25,
459 1001 489 1080 2,
502 998 533 1082 3,
546 998 577 1064 4.
617 996 737 1062 Paulus
760 997 843 1062 libro
868 997 1005 1081 septimo
1030 995 1069 1061 ad
1093 993 1188 1061 Sabi-

112 1165 114 1170 ,
173 1109 251 1152 num
271 1085 320 1174 (P.
337 1083 447 1172 1774).
466 1123 510 1134 -
529 1084 563 1152 si
584 1085 654 1151 filia
676 1084 817 1150 familias
837 1103 889 1151 res
909 1086 1075 1171 amoverit,
1096 1081 1190 1150 Mela

173 1176 337 1243 Fulcinius
374 1176 465 1240 aiunt
497 1175 535 1240 de
566 1175 693 1261 peculio
726 1171 864 1240 dandam
897 1175 1070 1259 actionem,
1108 1175 1188 1258 quia

173 1265 338 1350 displicuit
370 1285 441 1329 eam
473 1264 552 1329 furti
584 1263 739 1349 obligari,
769 1261 821 1327 vel
853 1263 887 1328 in
917 1262 1026 1347 ipsam
1058 1263 1100 1328 ob
1130 1283 1186 1329 res

174 1358 300 1420 amotas
323 1353 392 1418 dari
416 1353 584 1418 actionem.
628 1351 684 1416 sed
707 1353 735 1416 si
758 1355 851 1436 pstor
874 1350 1025 1416 adiuncta
1046 1350 1115 1416 filia
1138 1354 1188 1417 rei

172 1439 317 1508 arceorr‘ue1
340 1444 430 1528 agat,
457 1463 524 1506 non
548 1442 643 1506 aliter
666 1441 696 1505 ei
719 1437 858 1505 dandam
881 1439 1054 1519 actionem,
1086 1461 1187 1524 quam

174 1531 202 1596 si
227 1531 329 1596 filiam
356 1552 462 1595 rerum
489 1532 669 1595 amotarum
693 1529 812 1594 iudicio
835 1528 870 1593 in
893 1525 1030 1594 solidum
1054 1531 1186 1594 etcum

173 1619 385 1684 satisdatione
409 1616 567 1683 defendat.

416 1809 466 1877 De
483 1813 671 1894 possessione
693 1817 722 1877 et
746 1813 939 1896 usucapione.

264 1937 314 2000 11.
337 1936 443 2019 D.43,
459 1937 510 2018 16,
525 1936 554 2000 8.
589 1934 680 2001 Idem
697 1933 758 2022 (sc.
772 1932 906 2020 Paulus)
925 1935 1008 2000 libro
1028 1935 1185 2020 quinqua*

172 2024 318 2108 gensimo
352 2029 467 2107 quarto
500 2023 541 2087 ad
572 2023 711 2089 edictum
744 2022 794 2110 (P.
812 2022 917 2110 674⁸).
946 2059 987 2070 —
1016 2023 1183 2090 Fulcinius

171 2112 300 2177 dicebat
327 2113 360 2177 vi
384 2111 556 2195 possideri,
584 2113 733 2197 quotiens
757 2112 807 2177 vel
830 2133 896 2177 uon
918 2112 1081 2196 dominus,
1109 2135 1184 2178 cum

172 2205 282 2264 tamen
304 2199 497 2284 possideret,
520 2200 554 2264 vi
576 2200 718 2266 deiectus
741 2203 800 2265 eat.

261 2290 312 2354 12.
334 2286 374 2353 D.
387 2289 441 2372 41,
455 2288 486 2373 2,
501 2289 597 2373 1,21.
636 2288 757 2353 Paulus
780 2289 865 2354 libro
890 2289 1182 2374 quinquagensimo

171 2382 286 2464 quarto
319 2377 359 2443 ad
391 2377 531 2442 edictum
559 2375 609 2462 (P.
627 2373 729 2464 657⁰).
760 2412 797 2424 —
828 2375 864 2442 Si
894 2378 1044 2442 iusserim
1070 2378 1180 2443 vendi·

170 2471 273 2532 torem
295 2467 498 2551 procuratori
521 2487 589 2530 rem
612 2465 753 2550 tradere,
781 2487 854 2530 cum
877 2487 916 2530 ea
938 2467 971 2531 in
994 2468 1182 2550 praeseutia

172 2557 224 2640 sit,
246 2555 348 2622 videri
370 2555 451 2619 milri
474 2555 628 2619 liuditum
646 2553 775 2619 Priscus
798 2555 859 2640 ait3
881 2555 1029 2640 idemque
1048 2576 1127 2638 esse,
1152 2557 1181 2621 si

170 2667 320 2711 nummos
340 2643 517 2709 debitorem
536 2644 685 2708 iusserim
703 2642 760 2708 elii
778 2643 864 2708 dare.
904 2661 972 2709 non
990 2640 1075 2708 osse²
1093 2644 1181 2710 euim

171 2756 304 2819 corpore
331 2738 365 2799 et
392 2736 483 2799 tactu
510 2753 641 2798 necesse
669 2732 905 2816 adprehendere
930 2733 1180 2819 possessionem,

170 2824 225 2888 sed
258 2824 356 2887 etiam
385 2822 485 2889 oculis
507 2824 541 2886 et
561 2821 689 2887 affectu.
733 2825 924 2906 argumento
948 2842 1018 2885 esse
1041 2841 1095 2884 eas
1118 2842 1181 2907 res,

170 2932 251 2994 quae
273 2914 405 2995 propter
428 2909 682 2994 magnitudinem
704 2910 856 2992 ponderis
880 2910 1002 2974 moveri
1020 2930 1084 2973 non
1103 2929 1180 2993 pos·

169 3003 254 3081 suut,
277 3003 314 3063 ut
337 2998 516 3080 columnam
538 3019 614 3061 nam
638 3019 696 3081 pro
719 2997 848 3063 traditis
872 3019 926 3062 eas
948 2997 1069 3077 haberi,
1093 2999 1122 3062 si
1145 3000 1180 3065 in

168 3109 203 3151 re
225 3086 392 3171 praesenti
415 3085 649 3168 consenserint,
673 3089 706 3150 ct
728 3087 804 3150 rina
826 3085 947 3151 tradita
969 3086 1081 3167 videri,
1103 3109 1179 3153 cum

168 3176 275 3240 claves
298 3174 398 3239 cellae
421 3174 561 3239 vinariae
584 3174 723 3257 emptori
744 3174 883 3239 traditae
905 3175 1035 3241 fuerint.

260 3262 322 3329 13?
350 3261 388 3328 D.
402 3263 455 3345 41,
468 3264 499 3345 4,
513 3263 543 3339 2,
558 3263 587 3327 6.
633 3263 752 3327 Paulus
774 3262 859 3328 libro
883 3263 1176 3348 quinquagensimo

168 3355 283 3437 quarto
302 3350 343 3416 ad
360 3350 500 3416 edictum
519 3349 566 3436 (P.
581 3349 670 3438 664).
693 3385 729 3399 -—
752 3348 833 3416 (lum
847 3349 994 3417 Stichum
1013 3353 1179 3439 emissem,

243 3532 256 3581 1
277 3525 354 3581 Trio.
373 3525 407 3581 de
426 3525 499 3582 dote.

239 3604 255 3651 2
277 3597 323 3653 ΓΖ.
342 3597 393 3652 est.
