2602 3906
271 218 304 273 Il.
325 218 563 274 INCERTORUM
582 218 810 275 SENTENTIAE
830 220 878 274 ΕΤ
896 219 1002 276 LIBRI.
1076 220 1141 284 523

424 399 474 465 De
496 401 645 484 emptione
667 402 845 466 venditione.

485 531 532 590 De
552 531 644 603 fnndo
666 533 787 590 vendito.

220 641 271 705 21.
317 638 355 704 D.
382 641 432 726 19,
458 642 489 720 1,
514 641 564 706 39.
610 640 809 706 Modestinus
833 640 916 706 libro
940 641 1053 726 quinto
1077 641 1139 706 Re·

132 750 336 812 sponsorum.
350 765 392 775 —
408 781 415 794 .
431 731 550 794 ..iuris
570 734 715 795 auctores
730 729 970 813 responderunt,
990 731 1017 793 si
1031 735 1137 794 certus
1172 761 1176 770 ·

132 817 280 882 venditor
308 818 499 902 quibusdam
526 820 673 902 personis
697 822 800 883 certas
829 818 999 882 servitutes
1024 819 1138 884 debere

131 928 195 972 non
230 906 451 972 admonuisset
488 910 678 992 emptorem,
714 929 752 971 ex
786 911 894 991 empto
931 927 1004 970 eum
1037 909 1138 972 teneri

132 996 249 1060 deberi.

221 1085 271 1149 22.
303 1082 342 1149 D.
363 1086 414 1170 18,
434 1086 462 1166 1,
481 1086 533 1150 60.
569 1085 741 1151 Marcellus
765 1085 849 1149 libro
873 1089 965 1149 sexto
989 1084 1139 1170 Digesto·

131 1195 212 1237 rum.
242 1208 280 1220 -
316 1171 591 1257 Oomprehcusum
624 1179 694 1240 erat
724 1175 796 1258 lege
829 1173 1024 1238 venditionis
1054 1174 1140 1238 dolia

131 1261 300 1346 sexaginta
324 1263 461 1345 emptori
485 1284 661 1329 accessura.
706 1286 778 1328 eum
803 1267 911 1327 essent
935 1266 1077 1342 centum,
1104 1262 1140 1326 in

130 1350 306 1414 venditoris
322 1350 391 1416 iore
405 1355 566 1435 potestate
581 1373 772 1437 responsum
786 1355 835 1415 est
850 1373 930 1434 quae
946 1352 1042 1415 vellet
1056 1350 1139 1415 dare.

221 1448 272 1512 23.
318 1447 356 1512 D.
374 1450 424 1528 18,
443 1450 473 1532 6,
496 1450 526 1515 9.
572 1448 672 1513 Gaius
693 1449 776 1515 libro
797 1448 919 1513 decimo
939 1448 979 1512 ad
999 1448 1137 1512 edictum

130 1537 335 1620 provinciale.
362 1573 399 1583 -
426 1536 460 1602 Si
478 1542 550 1621 post
569 1539 747 1622 inspectum
766 1537 941 1624 praedium,
965 1541 1137 1621 antequam

131 1625 253 1709 emptio
282 1626 502 1710 contrahatur,
530 1628 661 1691 arbores
689 1633 785 1693 vento
814 1627 954 1691 deiectae
983 1630 1069 1709 sunt,
1097 1648 1139 1690 an

131 1711 193 1777 hae
226 1735 351 1799 quoque
374 1716 512 1799 emptori
535 1716 619 1780 tradi
649 1716 796 1800 debeant,
820 1714 993 1799 quaeritur.
1037 1718 1070 1778 et
1091 1736 1140 1778 re-

132 1823 286 1885 sponsum
315 1808 365 1868 est
393 1825 458 1868 non
487 1804 604 1885 deberi,
635 1805 711 1888 quia
735 1828 788 1870 eas
817 1825 882 1868 non
910 1803 1037 1887 emerit,
1065 1825 1137 1867 cum

131 1894 205 1955 ante
234 1914 330 1975 quam
358 1893 490 1957 fundum
518 1893 632 1957 emerit
660 1893 814 1959 desierint
842 1891 934 1956 fundi
958 1913 1036 1957 esse.
1083 1892 1137 1956 scd

131 1981 159 2044 si
191 1979 356 2065 ignoravit
388 1987 515 2064 emptor
548 1982 689 2046 deiectas
718 2005 787 2047 esse
815 1984 957 2063 arbores,
989 1981 1138 2045 venditor

130 2071 239 2134 autem
264 2071 326 2134 scit
352 2091 411 2134 nec
435 2069 609 2154 admonuit,
638 2073 752 2155 quanti
776 2070 931 2154 emptoris
955 2068 1139 2134 interfuerit

130 2179 199 2222 rem
221 2158 452 2223 aestimandam
477 2180 554 2243 esse,
579 2161 724 2225 simodo
750 2161 859 2225 veuit'

338 2332 385 2392 De
406 2334 505 2406 frnetn
527 2334 620 2393 olicae
636 2337 791 2407 pendentis
813 2335 934 2393 vendito.

220 2443 269 2507 24.
317 2441 354 2506 D.
389 2443 631 2526 18,1,39,1.
676 2444 820 2509 Iulianus
844 2443 927 2507 libro
952 2442 1064 2526 quinto
1087 2442 1139 2505 de-

131 2533 215 2596 cimo
239 2530 457 2616 Digestorum.
476 2567 518 2577 —
538 2530 721 2596 Verisimile
746 2535 795 2596 est
818 2553 899 2609 eum,
924 2530 979 2614 qui
998 2529 1138 2594 fructum

130 2621 235 2685 olivae
262 2620 432 2704 pendentis
461 2619 655 2685 vendidisset
684 2626 715 2685 et
743 2619 916 2703 stipulatus
944 2622 995 2682 est
1029 2617 1137 2682 decem

130 2707 237 2792 pondo
262 2709 324 2773 olei
347 2707 432 2793 quod
455 2713 569 2773 uatum
594 2713 689 2791 essct,
712 2710 850 2794 pretium
871 2706 1077 2772 constituisse
1097 2729 1135 2771 ex

130 2820 168 2863 eo
193 2797 278 2883 quod
303 2804 415 2862 natum
440 2802 526 2862 esset
547 2819 649 2882 usque
673 2797 712 2862 ad
736 2798 844 2862 decern
864 2796 972 2880 pondo
992 2794 1067 2880 olei3
1092 2794 1136 2859 id·

130 2887 215 2952 circo
239 2886 318 2951 solis
342 2887 485 2971 quinque
514 2886 657 2952 collectis
685 2909 750 2950 non
775 2885 913 2968 amplius
938 2905 1006 2949 enni
1028 2888 1137 2967 petere

129 2973 240 3060 posse1
265 2998 361 3060 quam
385 2978 524 3060 quinque
547 2974 654 3060 pondo
678 2975 750 3058 olei,
770 2996 850 3060 quae
869 2973 1003 3039 collecta
1022 2977 1138 3055 essent,

130 3085 149 3127 a
171 3064 334 3149 plerisque
358 3086 550 3150 responsum
575 3067 632 3129 est.

445 3239 492 3298 De
514 3241 588 3299 tono
610 3241 668 3312 nee
691 3243 824 3312 emptore.

220 3347 271 3412 25.
318 3348 355 3413 D.
385 3347 437 3431 41,
465 3351 494 3428 4,
523 3351 551 3414 8.
597 3348 686 3413 Idem
716 3345 774 3433 (sc.
796 3343 956 3432 Iulianus)
981 3347 1065 3411 libro
1090 3369 1139 3410 se-

131 3437 234 3503 cundo
259 3459 297 3500 ex
320 3436 459 3511 Minicio.
490 3474 528 3484 —
559 3435 593 3501 Si
617 3437 701 3521 quis,
728 3458 804 3500 cum·
822 3436 917 3500 sciret
939 3435 1138 3499 venditorem

203 3601 217 3647 1
238 3594 283 3649 Ft.
303 3596 412 3664 emptor
430 3597 525 3663 petere
543 3594 645 3662 potest.
