2602 3906
196 219 261 281 542
563 215 838 271 ADDITAMENTA.

196 384 306 446 mento
344 379 497 446 Scaevola
529 383 639 444 noster
675 379 815 464 dicebat,
851 379 927 464 quia
962 383 995 444 et
1031 381 1215 464 pupillares

196 469 325 534 tabulae
349 490 425 552 pars
453 471 529 533 sunt
549 469 666 552 prioris
689 469 885 534 testamenti.
926 468 983 533 sed
1005 469 1154 554 plerique
1178 471 1211 534 in

194 558 322 622 diversa
345 560 421 623 sunt
444 555 621 641 opinione.1

530 698 581 764 De
604 699 738 764 lrbertote
760 700 873 765 relicta.

284 814 336 881 56.
364 813 402 879 D.
421 814 474 898 40,
494 815 525 896 4,
543 815 595 879 57.
641 813 741 879 Gaius
773 815 856 879 libro
888 813 986 879 tertio
1019 814 1059 879 de
1096 838 1209 880 manu-

195 903 417 969 missionibus.
427 941 466 950 —
480 901 513 967 Si
527 903 670 987 locuples
687 905 796 987 egenti
808 903 901 968 heres
916 903 1087 986 exstiterit,
1100 904 1209 968 videa·

194 1015 276 1075 mus,
300 1015 341 1057 an
366 1014 403 1056 ea
426 1015 477 1057 res
500 996 694 1057 testamento
719 992 805 1057 datis
825 992 1029 1057 libertatibus
1048 992 1208 1078 proficiat,

196 1086 233 1147 ut
251 1081 425 1146 creditores
444 1080 585 1145 fraudari
604 1102 671 1146 uon
689 1080 869 1145 videantur.
894 1085 926 1145 et
945 1103 1022 1145 sane
1042 1084 1119 1145 sunt
1137 1081 1206 1165 qui·

196 1171 279 1251 dam,
299 1170 364 1254 qui,
383 1191 455 1235 eum
474 1170 568 1234 heres
587 1169 731 1253 locuples
752 1170 911 1254 existeret,
929 1170 994 1234 tale
1014 1191 1084 1234 esse
1103 1170 1207 1234 credi-

196 1261 326 1337 derunt,
354 1260 462 1343 quala,
490 1261 518 1322 si
541 1259 610 1342 ipse
632 1261 770 1323 testator
793 1259 938 1324 adauctis
961 1262 1078 1342 postea
1103 1257 1205 1323 facul·

194 1348 318 1413 tatibus
342 1347 539 1412 decessisset.

283 1441 320 1500 cf.
344 1440 409 1501 Gai.
427 1444 455 1519 1,
470 1443 522 1500 36.

284 1525 336 1589 57.
363 1524 404 1588 D.
416 1524 469 1605 40,
483 1524 514 1608 4,
532 1525 580 1590 19.
620 1521 711 1590 Idem
734 1521 793 1610 (sc.
815 1519 977 1610 Iulianus)
999 1523 1083 1589 libro
1106 1525 1205 1589 tertio

195 1614 235 1678 ad
255 1613 406 1679 Urseium
424 1613 587 1678 Ferocem.
605 1650 649 1662 -
668 1611 805 1688 Quidam
824 1612 971 1677 heredem
996 1633 1090 1677 suum
1110 1633 1206 1698 roga-

196 1709 295 1785 verat,
317 1707 354 1766 ut
377 1723 504 1767 servum
527 1702 785 1786 manumitteret3
811 1700 939 1780 deinde,
962 1702 990 1764 si
1012 1701 1106 1765 heres
1131 1722 1206 1766 eum

194 1813 260 1855 non
292 1791 528 1869 manumiserit,
564 1791 701 1856 liberum
734 1812 808 1856 eum
840 1811 910 1854 esse
939 1791 1079 1854 iusserat
1111 1791 1206 1875 eique

195 1879 374 1964 legaverat:
396 1879 489 1943 heres
515 1901 587 1944 eum
611 1880 806 1944 manumisit.
848 1878 991 1963 plerique
1015 1878 1205 1944 existimant

194 1967 279 2032 hunc
303 1989 341 2031 ex
364 1971 560 2032 testamento
583 1968 767 2034 libertatem
792 1969 955 2052 consequi.

283 2055 349 2122 58?
370 2055 410 2121 D.
423 2056 477 2134 40,
491 2057 521 2139 5,
536 2055 589 2139 24,
603 2056 653 2121 19.
685 2054 846 2142 Ulpianus
865 2055 948 2121 libro
967 2056 1080 2139 quinto
1099 2054 1205 2120 Fidei·

195 2145 449 2210 commissorum.
476 2180 514 2191 -
540 2143 574 2209 si
605 2147 655 2209 cui
686 2148 827 2231 legatum
858 2146 902 2210 sit
933 2145 1081 2209 relictum
1112 2145 1205 2229 isque

194 2240 336 2318 rogatus,
353 2233 396 2297 sit
417 2233 584 2318 proprium
609 2255 736 2298 servum
760 2232 986 2298 manumittere
1005 2232 1097 2318 eique
1116 2233 1205 2317 quod

192 2323 339 2408 legatum
373 2326 422 2386 est
454 2326 630 2408 praestare,
663 2345 705 2388 an
741 2322 1037 2388 fideicommissaria
1068 2323 1205 2386 libertas

193 2411 390 2496 praestanda
409 2412 475 2476 sit?
508 2413 665 2495 quosdam
684 2417 799 2491 movet,
819 2412 894 2495 quia
912 2411 940 2476 si
960 2411 1058 2476 fuerit
1072 2415 1204 2476 coactus

188 2501 233 2565 ad
266 2501 449 2565 libertatem
482 2500 722 2584 praestandam,
755 2522 793 2564 ex
823 2501 1014 2565 necessitate
1045 2498 1084 2563 ad
1114 2498 1205 2563 fidei-

193 2590 357 2655 commissi
377 2611 503 2675 quoque
521 2589 774 2673 praestationem
793 2588 856 2654 erit
874 2588 1046 2674 cogendus.
1074 2591 1107 2652 et
1128 2592 1206 2652 sunt

194 2681 249 2763 qui
272 2681 401 2763 putant,
423 2700 489 2743 non
514 2700 583 2743 esse
606 2679 794 2762 cogendum.

282 2766 346 2833 59?
369 2767 410 2832 D.
424 2769 477 2846 31,
491 2768 542 2832 84.
571 2765 692 2831 Paulus
710 2765 793 2832 libro
808 2767 961 2831 vicesimo
980 2766 1085 2850 primo
1102 2765 1204 2842 Quae·

193 2857 343 2921 stionum.
367 2891 410 2902 —
435 2853 468 2920 si
498 2857 569 2941 quis
598 2877 690 2921 servo
718 2877 776 2920 suo
802 2854 1083 2921 fideicommissam
1106 2854 1204 2918 liber·

192 2947 293 3008 tatem
317 2945 449 3028 reliquit
471 2950 504 3008 et
528 2944 613 3008 aliud
633 2944 709 3028 quid
729 2944 908 3028 adscripsit,
931 2943 1063 3028 quidam
1083 2943 1205 3026 dicunt,

194 3033 270 3115 quia
293 3032 443 3115 placebat
466 3034 506 3096 ab
530 3033 646 3098 herede
670 3055 741 3098 eum
762 3033 950 3098 manumitti
969 3032 1093 3116 debere,
1116 3031 1204 3096 futu·

192 3141 265 3184 rum
289 3141 371 3204 esse,
396 3124 432 3185 ut
454 3143 520 3185 non
544 3122 735 3186 admittatur
758 3122 799 3186 ad
821 3121 1113 3187 fideicommissum.

509 3269 560 3336 De
581 3272 883 3338 manumissionrbus.

282 3374 346 3438 60?
370 3373 408 3439 D.
418 3375 471 3458 40,
480 3377 510 3456 2,
523 3378 573 3461 14,
585 3380 612 3441 1.
635 3376 818 3442 Marcianus
833 3378 916 3442 libro
931 3380 1047 3461 quarto
1061 3375 1204 3463 Regula·

194 3485 274 3528 rum.
295 3499 333 3508 -
359 3459 442 3526 Sunt
469 3465 525 3546 qui
552 3469 670 3548 putant
695 3467 793 3529 etiam
817 3465 952 3530 feminas
975 3488 1071 3550 posse
1094 3465 1205 3530 matri-

265 3591 279 3637 1
300 3582 348 3638 Fl.
367 3582 479 3637 dicebat
498 3623 504 3635 .
524 3586 572 3639 sed
592 3626 621 3639 ..
640 3583 782 3654 opinione,
802 3587 868 3654 quia
887 3629 893 3641 .
910 3626 916 3639 .
932 3628 939 3640 .
957 3586 1127 3642 testamenti.
