2602 3906
175 215 242 280 520
543 213 818 272 averruncum.

291 384 338 442 De
361 385 451 458 deputo
475 401 505 442 eo
529 385 603 456 quod
625 387 726 442 uaeris
749 399 840 443 causa
856 389 1000 458 paralum
1023 389 1070 444 est.

266 485 295 550 6.
319 485 359 550 D.
379 485 430 565 32,
453 485 505 566 47,
531 487 558 548 1.
583 482 740 567 Ulpianus
763 485 846 550 libro
869 486 1022 550 vicesimo
1047 487 1190 552 secundo

178 573 218 638 ad
234 571 398 638 Sabinum.
415 609 454 619 -
470 573 559 638 Inter
573 579 716 657 emptum
737 578 768 637 et
786 578 936 657 paratum
953 574 1029 658 quid
1044 575 1191 659 interest,

177 664 349 747 quaerItur.
390 666 422 726 et
449 684 639 746 responsum
668 665 718 726 est
745 663 778 724 in
812 669 919 746 empto
942 684 1008 727 non
1031 664 1190 729 continuo

176 756 325 835 paratum
349 753 462 832 inesse,
484 751 517 815 in
537 756 651 835 parato
672 749 830 835 emptum1
850 752 1016 836 contineri,
1040 751 1140 816 veluti
1160 754 1191 816 si

176 841 249 924 quis
268 862 348 925 quae
369 839 486 925 prioris
506 843 614 904 uxoris
634 861 732 905 causa
751 841 890 922 emisset,
908 841 1080 924 posteriori
1095 843 1192 905 uxori

176 929 374 1012 tradidisset,
398 952 451 993 eas
475 950 526 993 res
550 951 623 993 eum
644 929 832 1012 posterioris
852 929 960 994 uxoris
979 951 1077 994 causa
1092 952 1190 1014 para-

176 1019 271 1103 visse,
294 1041 357 1083 non
382 1018 496 1082 emisse
521 1022 654 1082 constat.

536 1148 587 1215 De
606 1152 704 1233 flando
728 1151 832 1234 deputo.

267 1259 295 1322 7.
333 1257 372 1322 D.
402 1257 456 1342 31,
492 1258 546 1339 76,
577 1258 607 1321 2.
639 1257 728 1321 Idem
762 1254 819 1341 (se.
851 1255 1062 1342 Papinianus)
1104 1257 1190 1324 libro

180 1347 317 1433 septimo
345 1346 594 1430 Responsorum.
620 1345 843 1410 —Dominus
871 1347 987 1411 herede
1010 1347 1190 1413 fructuario

178 1437 301 1519 scripto
336 1435 471 1499 fundum
509 1434 568 1499 sub
610 1434 797 1499 condicione
839 1436 968 1519 legavit.
1010 1436 1191 1501 voluntatis

176 1525 259 1590 ratio
287 1547 353 1588 non
381 1525 516 1608 patitur,
538 1527 576 1586 ut
603 1523 696 1586 heres
725 1545 764 1587 cx
792 1545 888 1588 causa
916 1525 1040 1589 fructus
1065 1524 1189 1589 emolu-

176 1618 321 1679 mentum
358 1614 503 1678 retineat.
559 1612 718 1676 diversum
760 1613 795 1676 in
831 1613 945 1678 ceteris
982 1613 1190 1697 praediorum

177 1703 401 1787 servitutibus,
429 1723 508 1785 quas
536 1701 628 1765 heres
656 1700 784 1786 habuit,
813 1723 1004 1785 responsum
1029 1706 1086 1784 est,
1110 1724 1191 1786 quo·
1289 1737 1290 1776 r

178 1791 265 1854 niam
289 1791 414 1856 fructus
438 1790 595 1873 portionis
618 1791 721 1854 instar
744 1790 877 1873 optinet.
922 1865 927 1876 .

267 1879 295 1943 8.
320 1878 358 1943 D.
378 1879 431 1962 33,
445 1881 474 1956 3,
494 1879 523 1943 3.
542 1877 631 1943 Idem
651 1877 707 1960 (sc.
726 1876 911 1964 Marcellus)
931 1880 1013 1944 libro
1032 1879 1189 1944 vicesimo
1289 1873 1290 1882 ’

175 1988 261 2031 nono
281 1966 500 2050 Digestorum.
515 2003 559 2012 —-
639 1968 846 2032 interiturum
864 1969 933 2032 fore
948 1970 1018 2032 viae
1033 1968 1190 2052 legatum,

175 2060 213 2119 ut
240 2077 431 2138 responsum
456 2060 517 2137 est,
546 2077 619 2120 cum
644 2057 736 2119 alteri
760 2078 798 2120 ex
821 2057 947 2140 vicinis,
976 2056 1031 2140 qui
1054 2056 1190 2120 fundum

178 2165 380 2208 communem
400 2143 574 2227 habebant,
592 2145 679 2208 viam
698 2145 757 2208 s‘ub
778 2145 972 2230 condicione,
995 2145 1090 2209 alteri
1109 2166 1191 2228 pure

178 2234 320 2316 legasset
338 2237 370 2296 et
385 2233 543 2316 pendente
559 2233 747 2298 condicione
762 2234 952 2298 decessisset
966 2235 1040 2318 quia
1055 2234 1190 2298 alterius
1289 2235 1290 2246 ¹

178 2321 328 2406 legatarii
343 2344 482 2406 persona
496 2320 728 2405 impedimento
744 2326 836 2405 esset,
853 2323 1038 2407 quominus
1055 2322 1191 2404 [solidus

92 2417 94 2422 '
176 2410 294 2476 fundus
318 2413 402 2494 oum]
426 2411 480 2476 via
502 2411 727 2476 vindicaretur.

267 2501 295 2565 9.
327 2499 365 2564 D.
397 2501 453 2582 33,
482 2501 516 2583 7,
546 2499 599 2583 18,
631 2500 679 2563 11.
725 2498 844 2563 Paulus
872 2499 955 2564 libro
979 2499 1118 2564 secundo
1147 2500 1191 2564 ad

176 2587 354 2654 Vitellium.
399 2626 436 2635 -
471 2587 603 2653 Cassius
636 2589 682 2651 ait
721 2608 910 2671 responsum
944 2609 1025 2670 esse,
1057 2589 1192 2652 tametsi

177 2678 338 2762 mancipia
370 2677 521 2742 instructi
544 2676 635 2741 fundi
660 2676 733 2760 sint,
764 2679 872 2740 tamen
894 2675 997 2740 videri
1021 2697 1075 2741 eos
1101 2676 1191 2742 solos

178 2768 303 2852 legatos
328 2788 396 2830 esse
422 2769 476 2850 qui
499 2765 659 2831 nominati
682 2768 797 2846 essent,
822 2766 906 2849 quod
930 2770 1103 2849 appareret
1121 2787 1190 2830 non

133 2909 136 2926 .
178 2855 374 2919 intellexisse
392 2861 518 2938 patrem
537 2855 677 2919 familias
697 2855 912 2919 instrumento
932 2875 1059 2938 quoque
1079 2875 1191 2918 servos

179 2941 407 3007 adnumeratos
431 2964 508 3006 csse.

269 3037 453 3111 Responsum
472 3037 533 3094 iam
551 3037 591 3112 II,
612 3038 627 3094 1
649 3056 676 3112 p.
694 3039 757 3097 582
779 3038 909 3095 relatum
927 3037 1057 3096 fortasse
1077 3035 1192 3096 Sabino

179 3123 372 3183 tribuendum
396 3127 449 3182 cst.

469 3213 515 3271 De
531 3215 761 3287 possessionibus
785 3209 894 3289 tepolis.

265 3312 314 3374 10.
347 3310 386 3376 D.
415 3311 467 3391 50,
498 3313 546 3396 16,
576 3314 626 3378 78.
653 3312 772 3379 Paulus
801 3315 884 3380 libro
909 3315 1005 3379 tertio
1029 3314 1070 3379 ad
1094 3313 1192 3379 Plau·

176 3398 266 3460 tium.
310 3433 347 3444 -
392 3397 558 3464 Interdum
605 3402 838 3486 proprietatem
886 3424 1013 3487 quoque
1054 3404 1191 3468 verbum

249 3514 263 3562 1
285 3509 333 3563 Fl.
357 3507 387 3561 in
410 3513 503 3578 empto
526 3515 656 3581 peratum
679 3513 781 3582 inesse,
804 3515 834 3568 in
852 3516 951 3583 parato
974 3532 1031 3569 non
1056 3516 1190 3569 continuo

177 3584 310 3648 emptum.
329 3582 428 3636 emend.
439 3582 579 3652 ,Kruepeo
