2580 3900
492 209 517 256 3.
538 200 754 257 OCTAVENUS
1061 204 1125 267 211

537 450 543 462 .
559 450 587 463 ..
611 403 708 463 libri.

203 529 241 590 cf.
255 501 387 587 Peucini:
408 528 586 587 Rendiconti
600 528 648 588 del
666 528 740 588 istit.
750 529 853 589 Lomb.
865 529 941 589 serie
950 530 983 590 ΙΙ
997 531 1054 590 uol.
1064 531 1128 592 XX.
1238 581 1241 586 .

118 618 221 678 Libros
259 616 445 677 Octauenum
484 618 685 693 composuisse
724 619 905 693 Pomponius
948 612 1003 699 (D.
1027 622 1083 693 30,
1109 625 1127 684 9

119 701 297 766 ‘Octauenus
329 697 477 787 scripsit’)
510 709 541 764 et
572 705 718 781 Ulpianus
752 701 801 785 (D.
824 710 856 784 9,
880 710 912 786 2,
935 711 990 786 27,
1013 711 1063 769 25.
1086 712 1127 770 26

118 789 294 856 ‘Octauenus
323 838 353 854 ..
380 795 473 854 adicit
579 795 660 854 idem
768 788 899 877 scribit')
923 796 968 855 ita
990 798 1129 872 probant,

117 889 148 943 ut
177 903 273 962 neque
301 902 410 943 nomen
436 902 531 958 neque
559 885 770 960 argumentum
798 888 943 959 appareat
970 904 1004 944 ac
1030 906 1068 947 ne
1096 887 1128 946 id

117 974 233 1050 quidem
257 975 464 1048 cognoscatur,
487 975 587 1030 utrum
610 974 698 1048 plura
721 974 864 1047 opuscula
883 992 922 1031 an
940 992 1033 1032 unum
1052 995 1127 1052 opus

116 1061 321 1137 composuerit.
354 1061 665 1136 01.Κο11011οΙ,702.
697 1061 777 1136 quod
796 1061 822 1120 si
835 1081 930 1120 unum
944 1081 1018 1137 opus
1031 1063 1126 1123 fuisse

116 1153 305 1227 statuamus,
326 1150 460 1209 eiusdem
485 1149 549 1207 fere
576 1149 607 1207 id
634 1150 752 1226 generis
775 1149 869 1209 fuisse
893 1155 1127 1211 consentaneum

115 1243 167 1315 est,
185 1242 275 1315 atque
292 1238 406 1298 Plautii
426 1229 467 1319 (u.
482 1237 562 1296 infra
579 1258 607 1313 p.
624 1230 712 1320 219),
732 1257 799 1297 cum
817 1258 878 1298 non
895 1239 984 1299 modo
1003 1240 1039 1299 de
1057 1240 1125 1299 iure

115 1328 205 1401 ciuili,
233 1327 286 1386 sed
313 1327 404 1387 etiam
429 1328 466 1385 de
490 1327 553 1385 iure
576 1327 735 1386 honorario
758 1328 875 1386 dictum
898 1328 946 1386 sit.
992 1331 1126 1388 ceterum

114 1417 239 1476 aliorum
261 1417 425 1475 sententias
445 1413 632 1475 Octauenum
649 1416 804 1476 rettulisse
823 1418 855 1475 et
873 1416 1057 1476 examinasse
1076 1418 1125 1478 his
1241 1469 1244 1474 .

113 1506 183 1564 locis
198 1504 422 1580 comprobatur:
437 1504 472 1562 D.
484 1507 513 1583 1,
527 1507 555 1580 8,
567 1506 647 1583 12,6
663 1499 754 1564 ‘idem
769 1508 800 1564 et
809 1502 980 1564 Octauenus
994 1500 1124 1581 probat'.

113 1595 147 1653 fr.
162 1593 281 1654 Dosith.
298 1596 338 1651 12
358 1587 448 1652 ‘sicat
467 1597 499 1652 et
518 1591 687 1653 Octauenus
707 1589 836 1669 probat’.
874 1594 910 1654 D.
926 1596 978 1671 40,
994 1597 1021 1668 9,
1039 1597 1089 1674 30,
1105 1598 1123 1654 2

114 1676 200 1742 ‘idem
220 1680 391 1743 Octauenus
413 1682 523 1758 probat
546 1686 577 1741 09
600 1674 711 1742 adicit'.
754 1682 789 1741 D.
805 1685 834 1760 9,
850 1685 879 1756 2,
895 1685 946 1758 27,
962 1686 1002 1744 25
1024 1678 1124 1744 ‘Octa-

113 1791 203 1831 uenus
228 1818 279 1831 ...
303 1764 416 1831 adicit'.

456 1916 484 1971 1.
511 1912 564 1972 Ad
587 1912 644 1971 ius
668 1913 781 1973 ciuile.

366 2023 416 2088 De
437 2023 545 2107 Zapatas
566 2027 595 2088 09
614 2023 866 2104 fideicommissis.

199 2133 226 2194 1.
250 2129 291 2194 D.
301 2129 354 2213 30,
364 2130 394 2194 9.
432 2128 522 2192 Idem
545 2125 604 2216 (sc.
617 2128 828 2214 Pomponius)
852 2131 937 2196 libro
961 2132 1057 2198 tertio
1082 2133 1123 2198 ad
1232 2130 1235 2136 ’

111 2217 265 2284 Sabinum
290 2217 339 2299 (P.
352 2215 443 2304 419).
468 2254 505 2264 —
531 2218 569 2284 Id
593 2218 679 2302 quod
702 2219 786 2301 apud
809 2219 922 2284 hostes
946 2227 996 2286 est
1019 2221 1122 2306 legari

109 2331 203 2392 posse
222 2306 405 2372 Octauenus
429 2307 560 2390 scripsit
583 2319 616 2370 et
636 2306 829 2390 postliminii
849 2309 918 2378 iure
937 2311 1121 2375 consistere.

195 2402 233 2462 cf.
248 2401 377 2460 Sabinus
395 2400 430 2459 D.
447 2402 498 2477 30,
515 2403 587 2477 104,
602 2404 630 2459 2.
660 2401 696 2459 de
715 2401 815 2479 legato
830 2421 884 2477 per
898 2403 1121 2464 damnationem

108 2490 251 2567 Sabinus,
275 2487 445 2549 Octauenus
469 2490 504 2548 de
528 2491 629 2568 legato
652 2509 705 2564 per
727 2489 961 2551 vindicationem
984 2491 1034 2550 ait.

194 2585 225 2648 2.
265 2581 304 2646 1).
327 2583 380 2660 36,
405 2582 433 2661 1,
456 2582 499 2646 69
509 2604 556 2666 pr.
610 2580 732 2646 Valens
768 2581 853 2646 libro
886 2582 983 2646 901910
1016 2583 1119 2648 Fidei·

107 2673 353 2738 commissorum
375 2668 423 2756 (P.
440 2667 505 2757 12).
529 2706 571 2717 -
594 2668 628 2734 si
650 2671 835 2754 postulante
859 2692 910 2733 me
935 2675 1118 2754 suspectam

107 2761 319 2826 hereditatem
339 2782 377 2824 ex
395 2759 520 2825 decreto
539 2758 700 2843 praetoris
719 2758 836 2822 adieris
855 2780 914 2823 nec
927 2779 988 2843 ego
1002 2764 1118 2843 postea

107 2873 179 2915 00111
202 2849 285 2914 mihi
306 2849 436 2914 restitui
458 2848 556 2912 uelim
578 2870 637 2912 nec
660 2848 753 2913 bonis
772 2869 824 2911 me
842 2846 1032 2932 immiscere,
1056 2849 1118 2914 hoc

106 2940 174 3004 fieri
194 2939 298 3017 debat,
315 2941 362 3022 119,
381 2937 466 3022 quod
485 2935 649 3002 Octaueno
731 2935 910 3016 uidebatur,
929 2959 948 3001 a
966 2942 1117 3023 praetore

107 3028 237 3112 perinde
265 3027 409 3092 actiones
431 3027 465 3090 in
488 3048 539 3090 me
562 3025 692 3110 dentur,
720 3048 757 3090 ac
781 3028 808 3090 si
832 3026 1045 3092 hereditatem
1069 3050 1117 3094 re·

107 3118 271 3202 cepissem.

193 3211 306 3271 Valens
329 3203 528 3284 addit'²qu0d
551 3211 598 3268 est
620 3204 749 3269 iustius'.

441 3363 491 3428 Dc
513 3362 648 3428 libertate
669 3364 782 3429 relicta.

194 3473 223 3538 3.
260 3471 299 3537 D.
318 3473 371 3555 40,
388 3472 419 3548 4,
438 3471 490 3548 61,
509 3471 537 3534 2.
592 3469 788 3554 Pomponius
826 3473 910 3537 libro
945 3472 1113 3535 undecimo

109 3559 327 3644 Epistularum
351 3559 399 3646 (P.
414 3556 503 3644 200).
528 3594 566 3604 -
592 3606 622 3622 ..
646 3558 828 3623 Octauenus
852 3559 969 3640 aiebat,
992 3559 1019 3620 si
1042 3557 1113 3638 quis

848 3659 901 3711 14*
