2580 3900
167 181 231 245 154
245 181 291 237 111.
302 180 378 242 GAII
388 179 536 237 CLAUDII
545 180 681 237 NERON.
692 179 835 236 GALBAE
846 181 955 238 ΤΕΜΡ.
965 182 1060 238 mars
1072 181 1178 241 CONS.

580 361 630 427 De
652 363 761 428 tutelis

254 476 305 542 60.
329 475 367 541 D.
383 477 435 560 26,
448 478 479 559 2,
489 477 541 542 33.
574 477 746 542 Iavolenus
760 478 845 545 libro
860 483 973 545 octavo
988 501 1027 544 ex
1041 480 1179 563 posteri-

165 565 275 630 oribus
313 564 483 632 Labeonis.
518 603 556 613 -
591 567 766 632 'sutoribus
803 567 850 631 ita
888 567 986 633 datis:
1023 567 1177 634 ‘Lucium

163 653 286 719 Titium
309 657 449 719 tutorem
473 654 513 721 do
533 705 540 720 .
560 656 588 719 si
610 655 638 720 is
658 677 724 721 non
743 656 834 740 vivit,
854 660 924 721 tum
945 657 1061 723 Gaium
1080 657 1178 722 Plau·

164 744 247 807 tium
272 747 412 808 tutorem
442 743 504 829 do',
527 744 632 809 Titius
659 745 784 809 vixerat
807 751 840 810 et
863 747 1001 810 tutelam
1024 751 1179 832 gesserat,

164 831 277 896 deinde
307 836 454 897 mortuus
484 839 561 898 erat.
616 832 786 898 Trebatius
817 837 916 919 negat
943 835 984 900 ad
1011 834 1179 900 Plautium

164 921 326 1004 pertinere
339 922 484 1005 tutelam,
500 921 609 987 Labeo
624 927 744 987 eontra.
782 921 940 988 Proculus
957 924 1042 1008 quod
1057 924 1178 990 Labeo.

254 1010 305 1075 61.
330 1008 368 1074 D.
379 1011 432 1089 26,
446 1011 475 1087 2,
487 1009 537 1089 10,
548 1010 577 1075 3.
604 1010 766 1094 Ulpianus
781 1011 866 1077 libro
881 1012 1071 1097 trigessimo
1087 1017 1177 1078 sexto

167 1097 206 1162 ad
226 1097 381 1163 Sabinum
400 1097 449 1183 (P.
464 1097 575 1186 2830).
595 1137 637 1146 -
657 1098 691 1164 Si
710 1100 851 1166 furiosus
870 1104 1067 1168 testamento
1087 1105 1179 1167 tutor

164 1188 270 1272 detur,
304 1187 332 1252 si
359 1188 501 1272 quidem,
529 1209 601 1252 oum
629 1189 735 1253 furere
762 1188 908 1274 desierit,
935 1193 1076 1256 tutorem
1105 1213 1178 1256 esse

163 1280 249 1341 reete
278 1276 390 1342 datum
420 1276 575 1341 Prooutus
609 1275 782 1344 existimat.
832 1279 918 1362 quod
951 1279 978 1343 si
1010 1280 1104 1344 datus
1133 1280 1179 1345 sit

163 1387 256 1450 pure,
282 1369 380 1450 negat
402 1364 557 1457 Prooutus
581 1367 688 1430 valere
712 1366 884 1433 dationem.
1286 1423 1287 1452 ,

253 1455 304 1520 62.
341 1458 390 1518 Ad
420 1459 637 1536 possessionem
669 1460 857 1520 alienandum
885 1461 1037 1538 pupillum
1064 1463 1177 1523 tutoris

162 1548 346 1608 auctoritato
381 1567 442 1608 non
477 1549 611 1626 indigere
643 1548 790 1610 Proculus
826 1549 947 1610 videtur
979 1551 1176 1612 existimasse.

163 1631 348 1698 Marcianus
376 1637 454 1696 enim
482 1631 522 1697 D.
540 1633 598 1717 41,
619 1634 651 1710 1,
672 1633 711 1698 11
743 1632 855 1698 tradit:
887 1632 1046 1718 ‘Pupillus
1075 1657 1177 1720 quan·

163 1726 233 1784 turn
271 1721 311 1784 ad
349 1721 581 1805 adquirendum
618 1743 684 1786 non
720 1723 844 1808 indiget
880 1721 999 1788 tutoris
1037 1724 1176 1788 auotori-

163 1813 244 1893 tate3
273 1809 413 1874 alienare
441 1831 517 1875 vero
546 1811 670 1875 nullam
694 1833 762 1876 rem
785 1815 894 1894 potest
916 1811 980 1877 nisi
1002 1817 1176 1896 praesente

163 1901 270 1963 tutore
294 1902 438 1982 auctore,
466 1903 499 1962 et
521 1921 562 1964 66
586 1900 715 1983 quidem
737 1901 992 1986 possessionem,
1020 1922 1101 1986 quae
1126 1906 1177 1968 est

162 1987 336 2069 naturalis,
373 1991 410 2052 ut
440 1984 623 2053 Sabinianis
657 1988 762 2053 visum
796 1991 858 2074 est3
896 2011 977 2074 quae
1014 1991 1178 2057 sententia

165 2097 241 2140 vera
264 2075 336 2142 est'.

252 2165 303 2230 63.
326 2164 367 2229 D.
383 2165 434 2248 16,
449 2165 478 2248 3,
493 2165 546 2231 32.
586 2163 700 2230 Celsus
724 2166 806 2231 libro
831 2165 1001 2232 undecimo
1024 2166 1177 2252 Digesto·

162 2276 234 2319 rum
257 2252 307 2339 (P.
321 2250 387 2340 91).
414 2291 451 2300 -
478 2252 570 2330 Quod
594 2253 702 2319 Nerva
728 2254 848 2320 diceret
871 2254 1021 2320 latiorem
1045 2257 1177 2341 eulpam
1286 2321 1287 2350 ,

162 2342 272 2407 dolum
297 2364 380 2425 esse,
403 2342 540 2408 Prooulo
563 2343 767 2426 displicebat.

252 2437 288 2497 of.
310 2437 346 2496 D.
363 2440 413 2516 27,
429 2440 458 2512 5,
474 2440 545 2513 lpr.

252 2539 317 2606 64⁸.
345 2537 415 2604 Gai.
437 2539 556 2621 1,196.
581 2576 623 2586 -
647 2537 784 2604 Maseuli
799 2588 806 2603 .
822 2589 829 2604 .
844 2561 917 2604 eum
943 2539 1080 2622 puberes
1103 2561 1177 2606 esse

162 2630 348 2712 coeperint„
372 2629 475 2693 tutela
502 2628 751 2694 liberantur...
771 2628 915 2694 diversae
944 2628 1072 2694 scholae
1100 2651 1176 2694 auo·

161 2720 249 2782 tores
282 2717 374 2782 annis
406 2719 524 2802 putant
551 2718 755 2800 pubertatem
783 2717 1031 2802 aestimandam,
1063 2716 1096 2781 id
1125 2721 1177 2783 est

162 2827 235 2870 eum
266 2808 419 2889 puberem
448 2828 518 2871 esse
545 2805 746 2892 existimant,
778 2805 856 2890 <qui
883 2805 962 2871 XIV
992 2829 1093 2872 annos
1122 2828 1175 2871 ex·

187 2895 294 2976 teuit>

162 2917 183 2977 p
253 2981 320 3049 64¹³.
348 2980 423 3065 Ulp.
439 2981 490 3066 11,
504 2982 556 3047 28.
582 3018 620 3029 -
645 2981 840 3047 Liberantur
867 2983 972 3048 tutela
996 2984 1130 3049 maseuli
1145 3032 1176 3051 ..

163 3070 343 3154 pubertate.
371 3070 527 3154 puberem
546 3074 654 3135 autem
668 3119 676 3136 .
691 3118 699 3135 .
714 3119 721 3134 .
736 3071 867 3136 dieunt.
883 3122 889 3138 .
904 3122 911 3137 .
927 3072 1130 3138 Proculeiani
1145 3123 1153 3139 .
1168 3121 1176 3137 .

164 3180 250 3242 eum,
274 3161 328 3243 qui
353 3157 609 3243 quattuordecim
633 3180 736 3225 annos
759 3159 907 3242 explevit.

583 3335 634 3402 De
654 3337 758 3418 furtis.

252 3449 303 3518 65.
332 3450 372 3515 D.
394 3450 444 3535 11,
464 3450 492 3536 1,
512 3453 564 3534 22,
583 3454 611 3517 7.
658 3451 776 3518 Ρ66166
804 3453 888 3520 libro
912 3454 1102 3540 trigeusimo
1127 3477 1176 3521 se·

165 3539 269 3606 eundo
294 3540 334 3605 ad
358 3539 497 3606 edietum
522 3539 569 3626 (P.
583 3538 676 3628 481).
698 3579 735 3588 -
758 3541 792 3607 Si
815 3544 876 3608 tibi
900 3547 1027 3610 eentum
1047 3544 1176 3630 dedero,
