2590 3902
167 194 233 258 324
268 195 301 248 V.
320 191 470 248 NERVAE
491 191 536 245 ΕΤ
555 189 707 245 ‘FRAIANI
725 190 831 247 TEMP.
850 189 946 245 IURIS
966 188 1149 246 CONSULTI

534 371 584 437 Dc
606 372 806 438 servitutibus.

257 480 310 545 35.
333 478 371 543 D.
383 479 514 562 8,6,12.
560 477 673 545 Celsus
696 479 779 544 libro
802 477 976 543 vicensimo
999 476 1097 542 tertio
1122 475 1185 543 Di-

170 572 336 656 gestorum
359 564 409 654 (P.
425 563 513 720 1993.
536 567 664 644 -Qui
686 567 819 632 fundum
845 567 984 631 alienum
1008 565 1185 631 bonafide

171 659 257 740 emit,
281 658 395 722 itinere
417 677 479 741 quo
526 657 555 721 ei
573 656 672 722 fundo
690 656 823 721 debetur
841 677 918 720 usus
938 659 1000 721 est:
1024 655 1186 720 retinetur

170 747 203 811 id
227 747 277 811 ius
299 745 438 829 itineris,
458 749 558 831 atque
582 745 689 830 etiam,
712 745 740 810 si
762 745 906 830 precario
930 747 988 809 aut
1004 743 1038 809 vi
1056 744 1183 809 deiecto

170 835 300 900 domino
323 833 480 920 possidet3
507 833 625 899 fundus
649 833 735 898 enim
757 833 898 918 qualiter
921 855 955 898 se
977 833 1101 897 habens
1124 833 1186 916 ita,

171 929 208 988 ut
226 925 260 988 in
279 945 337 989 sno
354 923 470 988 habitu
488 945 658 1009 possessus
678 926 736 1007 est,
754 924 804 988 ius
822 944 890 987 non
905 921 1060 1007 deperdit,
1077 943 1183 1006 neque

170 1013 277 1096 refert,
299 1014 383 1078 iuste
405 1034 464 1077 nec
486 1034 527 1076 ne
545 1011 721 1097 possideat,
743 1013 799 1096 qui
816 1012 915 1076 talem
934 1032 1007 1074 eum
1025 1010 1184 1094 possidet.

170 1124 268 1187 quare
287 1101 404 1167 fortius
424 1103 457 1166 et
475 1101 503 1166 si
522 1121 606 1185 aqua
624 1122 682 1185 per
698 1101 804 1165 rivum
819 1121 879 1165 sua
893 1103 1007 1184 sponte
1021 1099 1184 1184 perfluxit,

172 1193 223 1256 ius
252 1211 354 1274 aquae
383 1189 544 1255 ducendae
572 1191 736 1255 retinetur.
782 1189 867 1274 quod
894 1191 928 1253 et
951 1186 1072 1253 Sabino
1094 1193 1184 1253 recte

170 1280 285 1365 placet,
311 1283 348 1344 ut
371 1278 455 1362 apud
478 1277 647 1343 Neratium
670 1278 755 1344 libro
779 1281 894 1363 quarto
917 1277 1183 1343 Membranarum

169 1369 406 1453 scriptumest.

453 1472 503 1538 Dc
527 1474 742 1553 centumvirali
763 1472 897 1538 iudicio?

260 1581 311 1646 36.
335 1579 374 1645 Ι).
388 1581 441 1665 44,
456 1582 486 1663 1,
500 1582 552 1646 21.
597 1579 750 1646 Neratius
773 1579 857 1646 libro
881 1584 997 1664 quarto
1020 1578 1185 1645 Membra-

147 1668 296 1735 ‘narum
330 1705 367 1716 -
401 1668 461 1734 Rei
497 1669 628 1734 maioris
664 1670 818 1754 pecuniae
849 1668 1080 1752 praeiudicium
1112 1669 1185 1734 fieri

171 1758 311 1841 ridetur,
338 1780 410 1823 cum
434 1780 472 1821 ea
495 1758 640 1842 quaestio
663 1761 697 1821 in
721 1757 873 1822 iudicium
897 1757 1075 1840 deducitur,
1099 1779 1184 1842 quae

172 1847 223 1911 vel
251 1850 323 1911 tota
345 1847 397 1910 vel
420 1868 459 1911 ex
482 1846 589 1931 aliqua
611 1850 704 1932 parte
728 1846 906 1912 communis
929 1850 980 1911 est
1001 1848 1186 1932 quaestioni

172 1935 266 2000 dere
290 1935 414 2001 maiori.

260 2028 298 2088 of.
320 2027 413 2087 Lenel
435 2027 531 2088 Edict.
546 2049 574 2104 p.
589 2029 663 2088 415.

464 2198 515 2265 Dc
537 2200 600 2265 doti
620 2201 699 2265 mati
721 2201 898 2282 exceptione.

262 2306 313 2372 37.
336 2305 375 2372 D.
385 2306 438 2390 44,
447 2307 478 2391 4,
491 2307 584 2393 llpr.
616 2305 770 2372 Neratius
788 2305 872 2372 libro
892 2311 1006 2392 quarto
1025 2305 1186 2374 Membra·

174 2418 298 2462 narum.
321 2432 358 2441 -
381 2393 416 2460 si
437 2400 629 2479 procurator
651 2396 729 2481 agit,
752 2395 790 2460 de
814 2396 888 2462 dolo
908 2397 979 2462 cius
998 2396 1102 2480 excipi
1119 2420 1187 2464 non

176 2485 284 2569 debet,
312 2485 388 2570 quia
416 2484 522 2550 aliena
548 2485 589 2550 lis
617 2485 780 2571 cutisque
803 2486 849 2550 rei
872 2489 1055 2569 extraneus,
1081 2508 1186 2571 neque

177 2575 301 2640 alienus
329 2573 421 2640 dolus
445 2594 560 2640 nocere
583 2574 677 2639 alteri
699 2574 804 2640 debet.
850 2575 877 2638 si
900 2578 975 2662 poet
997 2573 1089 2640 litem
1113 2597 1187 2640 oon-

50 2733 51 2736 ,
175 2667 331 2729 testatam
355 2663 427 2729 dolo
451 2663 527 2749 quid
550 2662 678 2748 fecerit,
703 2686 745 2728 an
767 2663 912 2749 exceptio
937 2684 973 2727 eo
997 2663 1129 2729 nomine
1152 2665 1187 2729 in

176 2753 328 2818 iudicium
352 2752 519 2819 obicienda
541 2753 593 2832 sit,
618 2752 759 2818 dubitari
780 2755 898 2839 potest,
922 2753 996 2837 quia
1019 2750 1086 2816 litis
1111 2775 1187 2818 con·

176 2842 352 2906 testatione
380 2863 431 2906 res
458 2842 678 2926 procuratoris
704 2842 743 2906 fit
769 2863 904 2925 eamque
933 2862 990 2906 suo
1018 2841 1082 2906 iam
1107 2864 1186 2927 quo·

177 2929 348 2994 dammodo
369 2931 498 2995 nomine
517 2931 692 3014 exequitur.
733 2933 766 2994 et
783 2931 891 3017 placet
910 2928 948 2994 de
965 2933 1187 3014 procuratoris

177 3016 251 3081 dolo
279 3017 500 3102 excipiendum
528 3040 606 3082 esse.
656 3019 742 3094 idem
771 3019 809 3083 de
827 3022 957 3098 tutore,
988 3019 1044 3103 qui
1070 3021 1187 3104 pupilli

175 3105 306 3170 nomine
329 3108 417 3191 aget,
441 3105 607 3170 dicendum
631 3110 688 3171 est.

266 3199 302 3258 D.
316 3199 367 3272 44,
383 3201 412 3277 4,
426 3201 456 3274 4,
473 3200 522 3259 18.
569 3199 714 3275 Ulpianus
736 3200 813 3260 libro
838 3202 1079 3280 septuagensimo
1102 3207 1187 3263 sexto

177 3285 214 3346 ad
231 3285 361 3345 edictum
375 3279 423 3367 (P.
435 3281 542 3366 1680).
588 3287 764 3358 Quaesitum
783 3291 836 3366 est,
859 3309 898 3348 an
921 3290 957 3349 de
984 3292 1188 3368 procuratoris

178 3373 260 3446 dolo,
289 3375 341 3451 qui
368 3374 406 3433 ad
433 3375 580 3452 agendum
608 3378 727 3435 tantum
754 3378 842 3438 datus
871 3381 929 3456 est,
959 3380 1054 3455 excipi
1081 3381 1187 3454 possit.

179 3464 209 3522 et
231 3465 306 3538 puto
329 3465 409 3522 recte
433 3462 559 3542 delendi,
582 3464 608 3524 si
631 3465 750 3542 quidem
773 3466 806 3525 in
825 3485 887 3526 rem
907 3486 992 3527 suam
1009 3473 1188 3545 procurator

179 3551 268 3610 datus
292 3551 344 3628 sit,
373 3551 464 3612 etiam
487 3552 523 3611 de
545 3553 708 3630 praeterito
731 3554 795 3615 eius
819 3555 899 3635 dolo,
922 3555 978 3617 hoc
1000 3560 1046 3617 est
1068 3556 1093 3617 si
1117 3560 1187 3617 anto
