2568 3912
298 186 331 242 Π.
350 185 587 242 INCFRTORUM
607 185 837 244 SENTENTIAE
858 187 903 241 rr
921 186 1026 242 LIBRI.
1102 189 1166 252 549

161 347 316 434 ‘plurimi'
348 349 477 434 quidem
508 351 641 414 verbum
674 348 818 414 adicitur.
868 352 901 414 et
932 351 1004 415 ideo
1037 352 1167 436 quidam

162 444 357 520 putaverunt
379 438 518 503 liberum
539 460 608 502 esse
627 439 723 503 iudici
743 438 782 503 ad
801 439 834 503 id
852 444 979 523 tempus
998 461 1036 503 ex
1056 440 1166 504 diebus
1240 455 1242 458 ’

160 525 251 592 XXX
275 528 534 591 aestimationem
561 527 719 612 redigere,
745 550 808 611 quo
832 528 961 611 plurimi
986 550 1045 600 res¹
1061 528 1168 612 fuerit,

159 618 209 681 vel
234 616 274 680 ad
297 616 331 680 id
354 637 417 700 quo
441 614 573 681 minoris
597 616 702 680 fuerit.

248 719 284 779 cf.
307 717 346 797 II,
366 722 383 777 1
404 739 432 794 p.
448 720 521 778 521.

249 819 301 886 95.
333 818 371 884 D.
393 820 452 905 47,
477 821 531 906 10,
553 819 604 886 25.
657 819 746 884 Idem
788 817 845 903 (sc.
877 817 1051 906 Ulpianus)
1084 821 1166 885 libro

161 913 275 974 octavo
291 909 415 974 decimo
431 908 470 972 ad
488 910 636 973 edictum.
648 945 687 954 —
762 909 789 973 si
804 907 961 992 virginem
972 911 1167 975 inmaturam

161 998 368 1082 stupraverit,
396 997 493 1061 etiam
520 997 602 1082 legis
626 998 776 1082 Aquiliae
806 997 962 1062 actionem
986 1003 1167 1080 competere
1188 1015 1191 1020 '

160 1088 291 1171 quidam
313 1091 436 1170 putant.

248 1176 300 1240 96.
333 1173 647 1259 collar.12,v,10.
689 1173 845 1258 Ulpianus
872 1174 955 1239 libro
984 1173 1097 1241 XVIII
1126 1175 1167 1240 ad

160 1263 308 1330 edictum.
333 1301 372 1310 —
398 1313 427 1326 ..
451 1262 563 1329 Celsus
663 1264 787 1328 scribit:
815 1264 843 1328 si
872 1284 942 1328 cunr
973 1285 1048 1347 apes
1077 1286 1166 1328 meae

159 1352 200 1416 ad
223 1359 296 1417 tuas
319 1352 533 1436 advolassent,
553 1356 588 1416 tu
612 1374 666 1416 eas
685 1352 854 1437 exusseris,
872 1350 1028 1436 quosdam
1048 1373 1167 1438 negare

159 1446 340 1524 competere
377 1442 458 1526 legis
490 1440 639 1525 Aquiliae
677 1440 849 1524 actionem,
966 1442 1057 1525 quasi
1091 1463 1166 1524 apes

161 1529 282 1594 domini
306 1531 369 1594 mei
392 1529 608 1594 nominarint.

508 1696 555 1753 De
577 1696 683 1754 domno
706 1697 817 1768 infecto.

249 1804 300 1868 97.
328 1803 366 1869 D.
385 1805 442 1889 39,
462 1805 494 1883 2,
514 1805 564 1870 36.
606 1804 725 1869 Paulus
753 1804 836 1869 libro
864 1803 986 1869 decimo
1013 1805 1050 1868 ad
1077 1801 1166 1869 Sabi-

161 1915 247 1957 num.
264 1929 305 1940 -
326 1945 354 1958 ..
374 1894 420 1956 ita
439 1892 589 1956 idoneum
609 1915 678 1957 esse
698 1891 755 1975 (so.
774 1894 929 1978 parietem
948 1889 1166 1980 communem)

158 1983 301 2067 plerique
325 1983 486 2060 dixerunt,
510 1986 546 2045 ut
568 1984 776 2066 utrarumque
800 1981 927 2046 aedium
951 2004 1060 2060 onera,
1084 2003 1166 2066 quas

159 2071 253 2136 modo
269 2072 337 2136 iure
350 2073 568 2155 imponantur,
578 2072 755 2136 communis
765 2069 871 2156 paries
884 2072 1041 2136 sustinere
1052 2071 1165 2157 possit.

247 2160 300 2225 98:
330 2159 369 2224 D.
388 2160 439 2241 39,
459 2160 489 2243 2,
509 2161 537 2224 6.
576 2159 674 2224 Gaius
709 2161 792 2225 libro
821 2161 926 2245 primo
957 2159 996 2224 ad
1027 2161 1166 2224 edictum

158 2248 366 2331 provinciale.
391 2282 432 2293 —
456 2247 577 2312 Evenit
603 2252 640 2313 ut
671 2270 911 2332 nonnumquam
941 2248 1056 2314 damno
1090 2249 1165 2313 dato

158 2336 248 2400 nulla
288 2336 381 2401 nobis
419 2340 581 2419 competat
618 2338 704 2402 actio
740 2359 805 2402 non
841 2337 1033 2421 interposita
1069 2341 1166 2402 antea
1277 2419 1280 2424 1

159 2424 317 2506 cautione,
340 2425 441 2488 veluti
465 2425 492 2487 si
511 2426 608 2489 vicini
630 2426 723 2490 aedes
742 2427 891 2490 ruinosae
910 2425 943 2488 in
963 2447 1051 2489 meas
1071 2425 1165 2489 aedes

159 2513 339 2596 ceciderint,
359 2512 437 2577 adeo
457 2516 493 2576 ut
512 2512 673 2597 plerisque
692 2514 848 2597 placuerit
867 2535 926 2578 nec
946 2513 1016 2597 cogi
1037 2513 1164 2598 quidem

158 2624 232 2667 eum
265 2623 373 2685 posse,
406 2604 442 2665 ut
472 2600 587 2665 rudera
618 2603 725 2685 tollat,
757 2603 785 2666 si
817 2603 912 2666 modo
944 2602 1053 2665 omnia
1085 2623 1166 2685 quae

158 2692 286 2756 iaceant
309 2712 367 2775 pro
391 2689 541 2754 derelicto
564 2689 691 2754 habeat.

559 2848 609 2914 De
630 2851 764 2915 iniuriis.

246 2966 299 3030 99.
322 2965 361 3030 D.
376 2965 428 3048 28,
445 2964 472 3045 1,
487 2965 538 3028 26.
573 2963 672 3029 Gaius
691 2964 775 3030 libro
794 2964 947 3028 vicesimo
967 2966 1105 3030 seeundo
1125 2965 1165 3029 ad

157 3055 297 3118 edictum
334 3053 540 3138 provinciale.
572 3089 609 3100 -
641 3051 722 3119 Cum
759 3055 829 3136 lege
867 3053 937 3137 quis
970 3053 1165 3118 intestabilis

157 3144 287 3208 iubetur
315 3165 398 3225 esse,
426 3164 463 3207 eo
492 3143 645 3225 pertinet,
672 3165 712 3207 ne
740 3145 807 3207 eius
835 3142 1056 3208 testimonium
1089 3145 1165 3206 reci-

158 3233 268 3316 piatur
291 3237 324 3296 et
347 3254 384 3297 eo
409 3233 563 3315 amplius,
587 3237 623 3297 ut
647 3233 776 3316 quidam
799 3234 925 3315 putant,
947 3252 988 3294 ne
1012 3228 1081 3297 vell
1102 3230 1164 3314 ipsi
1276 3291 1277 3294 ,

157 3320 283 3385 dicatur
305 3319 537 3385 testimonium.

246 3421 292 3480 De
315 3423 381 3500 lege
404 3420 542 3482 (lemelia
565 3442 660 3483 sermo
684 3426 738 3483 est.
775 3423 812 3482 cf.
830 3422 933 3500 D.4v,
950 3424 1000 3499 10,
1016 3424 1044 3501 5,
1060 3424 1087 3480 9.

1275 3443 1276 3478 l

1274 3479 1276 3516 l

230 3560 244 3609 1
265 3554 311 3611 FI.
331 3572 408 3612 neve.
1274 3545 1276 3616 l

1272 3655 1276 3695 l
