2596 3902
155 195 220 260 118
238 195 285 250 ΙΙΙ.
297 195 372 252 GAIl
383 194 529 250 CLAUDII
537 193 672 252 NERON.
683 193 827 250 GALBAE
838 195 860 249 T
862 194 945 250 EMP.
955 193 1051 250 rums
1062 193 1166 250 CONS.

298 392 348 459 De
370 391 562 476 adquirendo
584 357 613 460 et
633 395 803 459 omittendo
821 393 1020 478 possessione.

243 514 273 584 9.
305 516 344 582 D.
359 517 412 600 41,
428 518 455 599 1,
471 516 522 582 55.
572 516 727 583 Proculus
754 514 840 583 libre
869 517 1007 583 secundo
1034 515 1167 600 Epistu-¹

155 606 269 670 larum
293 642 336 652 —
357 604 395 670 In
418 605 576 690 laqueum,
600 630 694 692 quem
718 605 856 672 venandi
879 627 977 671 cause
999 627 1165 692 posueras,

155 717 232 779 aper
248 693 369 759 incidit.
404 716 477 759 cum
499 716 535 760 eo
555 694 711 780 haereret,
734 697 918 780 exemptum
937 716 1011 759 eum
1029 694 1165 759 abstuli:

153 805 231 848 nuru
259 783 321 848 tibi
344 782 453 848 videor
476 785 568 848 tuum
592 807 706 870 aprum
730 781 926 848 abstulisse?
964 788 997 848 et
1019 783 1047 848 si
1069 786 1183 848 tuum·

154 875 249 956 putas
277 871 390 954 fuisse,
417 871 446 936 si
474 873 615 937 solutum
645 895 717 937 eum
743 873 777 937 in
801 872 917 937 silvam
941 871 1165 956 dimississem,

153 981 191 1023 eo
225 981 301 1025 cusu
332 963 406 1025 tuus
439 982 508 1025 esse
541 961 677 1026 desisset
708 983 750 1026 cn
782 959 948 1025 maneret?
999 964 1033 1025 et
1066 982 1163 1046 quam

154 1048 312 1114 actionem
338 1070 462 1114 mecum
485 1049 692 1134 haberes,=si
716 1049 852 1114 desisset
875 1055 951 1115 tuus
975 1070 1058 1134 esse,
1086 1071 1164 1114 uum

152 1137 187 1201 in
210 1136 333 1202 facturn
358 1137 427 1202 dari
450 1142 627 1223 oporteret,
651 1159 780 1222 quaero.

235 1225 435 1328 Respondit
409 1231 435 1290 t·
459 1228 601 1308 loqueum
623 1227 778 1292 rideamus
800 1247 839 1292 m
856 1226 976 1292 intersit
993 1226 1028 1290 in
1038 1226 1164 1309 publico

151 1335 200 1379 arr
228 1315 262 1380 im
285 1316 408 1397 privato
428 1317 588 1400 posuerim
615 1321 655 1394 ei,
682 1317 712 1382 si
732 1317 768 1380 in
785 1315 909 1399 prinmo
926 1316 1032 1398 posui,
1058 1318 1165 1379 utrum

151 1404 187 1466 in
215 1424 279 1468 meo
302 1424 345 1469 on
367 1405 401 1469 in
424 1404 607 1494 alimmei,
635 1405 664 1470 si
684 1405 720 1470 im
742 1405 856 1506 eliceto,
884 1407 990 1469 mirem
1005 1405 1165 1506 permisso

151 1493 220 1557 eins
247 1492 335 1557 mins
359 1493 477 1573 flendos
503 1497 571 1558 erat
591 1514 634 1557 on
656 1513 719 1558 non
733 1494 891 1576 permissu
913 1493 979 1558 eim
996 1493 1163 1574 posuerim

147 1585 306 1662 praetereo
333 1582 480 1646 uirum
466 1602 501 1646 m
526 1602 559 1646 eo
581 1583 627 1646 ite
649 1579 780 1648 haeserit
801 1602 888 1666 oper,
915 1585 951 1646 rei
971 1582 1111 1664 expedire
1133 1601 1164 1646 se

150 1690 214 1733 mon
229 1669 330 1751 possit
345 1671 419 1754 ipse,
441 1691 484 1734 oro
502 1671 620 1736 diutins
638 1672 779 1736 irmiomlo
798 1671 993 1752 expediturus
1010 1690 1041 1735 se
1057 1670 1164 1752 feeerit.
1287 1715 1288 1754 ,

150 1778 304 1822 sommam
332 1763 433 1823 tamen
459 1758 539 1824 imm
560 1765 637 1842 poto
664 1780 738 1843 esse,
762 1763 812 1844 mi,
838 1760 867 1824 si
893 1760 928 1824 im
955 1779 1055 1824 meam
1077 1763 1163 1837 poie-
1287 1757 1288 1780 ¹

151 1849 258 1910 sioiem
271 1849 417 1932 peremit,
434 1868 518 1913 meres
534 1846 636 1928 socios
653 1849 703 1914 sit.
743 1848 794 1914 sim
811 1853 912 1913 antem
930 1868 1043 1929 aprum
1061 1868 1164 1912 mmm

148 1932 284 2015 foetum²
311 1937 347 2000 im
373 1956 464 2001 snum
490 1937 666 2003 noiurolem
695 1938 854 2002 lenitatem
881 1937 1049 2002 dimisisses
1075 1941 1104 2000 ei
1130 1956 1163 2001 eo

148 2023 230 2102 focio
257 2044 341 2088 meres
367 2045 429 2089 esse
455 2025 591 2108 desisset,
618 2028 766 2092 ortionem
793 2025 871 2090 milri
893 2026 928 2090 iro
948 2024 1067 2101 facirrm
1090 2026 1164 2090 dori
1244 2029 1246 2033 ’
1287 2019 1288 2054 ³

151 2117 298 2197 oportere,
334 2113 427 2178 veluti
461 2135 640 2196 responsum
671 2119 727 2194 est,
763 2135 832 2180 mm
864 2114 991 2197 qnidam
1017 2113 1164 2196 poculum

152 2201 279 2266 alterins
301 2221 338 2266 eor
360 2222 437 2266 nore
459 2203 597 2268 eiecisset.
1226 2213 1229 2218 '

237 2311 418 2388 Pomponius
451 2313 580 2389 Ulpiano
616 2317 693 2381 teste
725 2315 760 2375 D.
784 2315 841 2388 41,
866 2316 898 2393 1,
921 2315 964 2374 44
1001 2314 1032 2372 in
1067 2313 1160 2372 simili

151 2401 323 2476 quaestione
347 2401 465 2462 Proculi
491 2403 591 2463 verbis
618 2403 726 2462 utitur:
757 2396 922 2480 ‘cogitabat
945 2446 952 2462 .
973 2446 980 2462 .
1004 2421 1094 2480 quem
1124 2403 1163 2462 ed

150 2489 271 2550 modum
304 2494 385 2551 terre
416 2492 550 2569 merique
578 2495 680 2570 cepte,
712 2510 781 2551 eum
811 2492 844 2550 in
874 2509 959 2551 suem
992 2491 1162 2550 neturelem

151 2577 304 2691 laxitatem
321 2583 528 2658 pervenerant,
547 2580 718 2643 desinerent
730 2599 838 2640 eorum
857 2599 921 2640 esse
935 2580 988 2657 qui
1002 2583 1160 2657 ceperunt,

152 2666 195 2726 ita
231 2688 254 2729 e.
281 2689 307 2745 q.
332 2687 355 2728 e.

237 2757 321 2817 Peul.
342 2757 370 2819 S.
387 2761 415 2835 3,
435 2761 465 2832 6,
483 2759 524 2819 45
554 2753 643 2818 ‘retia
666 2753 798 2835 eprcriu'
820 2759 914 2820 fundo
937 2757 1082 2818 contineri
1106 2758 1159 2818 eit.

240 2857 290 2922 10.
324 2857 363 2923 D.
380 2861 411 2941 4,
425 2860 454 2941 3,
469 2860 521 2924 31.
570 2860 724 2926 Proculus
752 2861 834 2925 libro
863 2859 1003 2926 secundo
1030 2857 1162 2942 Epistu-

150 2944 267 3010 larum.
295 2977 337 2992 --
366 2945 445 3012 Onm
472 2948 541 3030 quis
561 2951 753 3050 persuaserit
775 2949 917 3030 familior
943 2968 1038 3031 mene,
1065 2952 1102 3013 ot
1122 2949 1163 3013 de

145 3035 336 3115 possessione
359 3035 482 3100 decedat
469 3038 665 3120 t,1oossessio
686 3037 809 3119 quidem
832 3057 894 3102 mon
917 3039 1083 3140 omittitur,
1110 3038 1165 3102 scri

148 3121 185 3184 de
213 3121 281 3186 dolo
304 3123 385 3188 rnalo
409 3084 594 3188 mdidinm
582 3145 616 3189 m
638 3144 706 3190 eum
729 3127 881 3210 competit,
906 3127 936 3191 si
956 3126 1033 3258 errici
1053 3125 1164 3190 damni

149 3208 227 3274 miti
248 3212 410 3276 amesserii.

236 3303 359 3365 Persice
386 3297 439 3384 11²,
459 3305 521 3368 229
550 3325 579 3367 n
599 3307 632 3368 ὅτ
663 3297 728 3366 ‘der
754 3305 940 3369 'Schlusesstn
965 3307 1163 3369 verwechselt

149 3391 349 3452 enschcineud
372 3395 510 3455 secedere
533 3395 595 3454 und
618 3396 750 3455 cecidere
773 3389 838 3458 ...⁹

222 3567 235 3615 1
257 3561 303 3618 Fi.
322 3563 420 3620 ferum.
