<?xml version="1.0" encoding="UTF-8"?>
<!DOCTYPE html PUBLIC "-//W3C//DTD XHTML 1.0 Transitional//EN"
    "http://www.w3.org/TR/xhtml1/DTD/xhtml1-transitional.dtd">
<html xmlns="http://www.w3.org/1999/xhtml" xml:lang="en" lang="en">
 <head>
  <title>
</title>
<meta http-equiv="Content-Type" content="text/html;charset=utf-8" />
  <meta name='ocr-system' content='tesseract 3.04.00' />
  <meta name='ocr-capabilities' content='ocr_page ocr_carea ocr_par ocr_line ocrx_word'/>
</head>
<body>
  <div class='ocr_page' id='page_1' title='image "./iurisprudentiae03bremgoog_0107.png"; bbox 0 0 2596 3902; ppageno 0'>
   <div class='ocr_carea' id='block_1_1' title="bbox 390 201 1116 268">
    <p class='ocr_par' dir='ltr' id='par_1_1' title="bbox 390 201 1116 268">
     <span class='ocr_line' id='line_1_1' title="bbox 390 201 1116 268; baseline 0.012 -11"><span class='ocrx_word' id='word_1_1' title='bbox 390 209 415 257; x_wconf 81' lang='lat'><strong>4.</strong></span> <span class='ocrx_word' id='word_1_2' title='bbox 435 201 464 259; x_wconf 80' lang='lat' dir='ltr'><strong>O.</strong></span> <span class='ocrx_word' id='word_1_3' title='bbox 479 202 625 258; x_wconf 78' lang='lat' dir='ltr'><strong>cnsslus</strong></span> <span class='ocrx_word' id='word_1_4' title='bbox 644 201 827 258; x_wconf 82' lang='lat' dir='ltr'>LONGINUS</span> <span class='ocrx_word' id='word_1_5' title='bbox 1075 202 1116 268; x_wconf 75' lang='lat'><strong>75</strong></span> 
     </span>
    </p>
   </div>
   <div class='ocr_carea' id='block_1_2' title="bbox 437 393 790 574">
    <p class='ocr_par' dir='ltr' id='par_1_2' title="bbox 437 393 790 574">
     <span class='ocr_line' id='line_1_2' title="bbox 437 393 790 459; baseline 0 -1"><span class='ocrx_word' id='word_1_6' title='bbox 437 393 587 458; x_wconf 82' lang='lat' dir='ltr'><strong>Munduti</strong></span> <span class='ocrx_word' id='word_1_7' title='bbox 608 394 654 458; x_wconf 81' lang='lat' dir='ltr'><strong>vei</strong></span> <span class='ocrx_word' id='word_1_8' title='bbox 675 398 790 459; x_wconf 75' lang='lat' dir='ltr'><strong>eontra.</strong></span> 
     </span>
     <span class='ocr_line' id='line_1_3' title="bbox 505 514 719 574; baseline -0.005 -1"><span class='ocrx_word' id='word_1_9' title='bbox 505 514 553 573; x_wconf 86' lang='lat' dir='ltr'><strong>De</strong></span> <span class='ocrx_word' id='word_1_10' title='bbox 573 515 719 574; x_wconf 71' lang='lat' dir='ltr'><strong>mundato.</strong></span> 
     </span>
    </p>
   </div>
   <div class='ocr_carea' id='block_1_3' title="bbox 23 622 1122 1506">
    <p class='ocr_par' dir='ltr' id='par_1_3' title="bbox 23 622 1122 1506">
     <span class='ocr_line' id='line_1_4' title="bbox 195 622 1118 709; baseline -0.002 -19"><span class='ocrx_word' id='word_1_11' title='bbox 195 624 248 690; x_wconf 89' lang='grc'><strong>14.</strong></span> <span class='ocrx_word' id='word_1_12' title='bbox 271 623 380 703; x_wconf 87' lang='lat' dir='ltr'><strong>Gai.3‚</strong></span> <span class='ocrx_word' id='word_1_13' title='bbox 392 625 464 690; x_wconf 87' lang='lat'>161.</span> <span class='ocrx_word' id='word_1_14' title='bbox 480 658 520 671; x_wconf 95' lang='lat'><strong>—-</strong></span> <span class='ocrx_word' id='word_1_15' title='bbox 536 622 617 690; x_wconf 82' lang='lat' dir='ltr'><strong>(lum</strong></span> <span class='ocrx_word' id='word_1_16' title='bbox 634 673 658 688; x_wconf 94' lang='lat'><strong>..</strong></span> <span class='ocrx_word' id='word_1_17' title='bbox 674 624 701 688; x_wconf 90' lang='lat' dir='ltr'><strong>is</strong></span> <span class='ocrx_word' id='word_1_18' title='bbox 716 625 768 689; x_wconf 90' lang='lat' dir='ltr'><strong>eui</strong></span> <span class='ocrx_word' id='word_1_19' title='bbox 782 628 869 689; x_wconf 87' lang='lat' dir='ltr'><strong>reete</strong></span> <span class='ocrx_word' id='word_1_20' title='bbox 888 624 1118 709; x_wconf 78' lang='lat' dir='ltr'><strong>mandaverim,</strong></span> 
     </span>
     <span class='ocr_line' id='line_1_5' title="bbox 107 712 1118 798; baseline -0.001 -21"><span class='ocrx_word' id='word_1_21' title='bbox 107 733 256 798; x_wconf 81' lang='lat' dir='ltr'><strong>egressus</strong></span> <span class='ocrx_word' id='word_1_22' title='bbox 284 713 381 778; x_wconf 83' lang='lat' dir='ltr'><strong>fuerit</strong></span> <span class='ocrx_word' id='word_1_23' title='bbox 408 713 609 795; x_wconf 87' lang='lat' dir='ltr'><strong>mandatum,</strong></span> <span class='ocrx_word' id='word_1_24' title='bbox 640 732 700 796; x_wconf 83' lang='lat' dir='ltr'><strong>ego</strong></span> <span class='ocrx_word' id='word_1_25' title='bbox 729 712 857 796; x_wconf 88' lang='lat' dir='ltr'><strong>quidem</strong></span> <span class='ocrx_word' id='word_1_26' title='bbox 885 716 1017 777; x_wconf 84' lang='lat' dir='ltr'><strong>eatenus</strong></span> <span class='ocrx_word' id='word_1_27' title='bbox 1045 734 1118 778; x_wconf 91' lang='lat' dir='ltr'><strong>eum</strong></span> 
     </span>
     <span class='ocr_line' id='line_1_6' title="bbox 23 800 1121 886; baseline -0.002 -17"><span class='ocrx_word' id='word_1_28' title='bbox 23 863 24 870; x_wconf 72' lang='grc'>,</span> <span class='ocrx_word' id='word_1_29' title='bbox 109 823 144 867; x_wconf 91' lang='lat' dir='ltr'><strong>eo</strong></span> <span class='ocrx_word' id='word_1_30' title='bbox 176 802 282 867; x_wconf 83' lang='lat' dir='ltr'><strong>habeo</strong></span> <span class='ocrx_word' id='word_1_31' title='bbox 315 801 459 867; x_wconf 86' lang='lat' dir='ltr'><strong>mandati</strong></span> <span class='ocrx_word' id='word_1_32' title='bbox 490 801 665 886; x_wconf 75' lang='lat' dir='ltr'>actionem,</span> <span class='ocrx_word' id='word_1_33' title='bbox 696 804 854 886; x_wconf 88' lang='lat' dir='ltr'><strong>quatenus</strong></span> <span class='ocrx_word' id='word_1_34' title='bbox 886 822 957 865; x_wconf 84' lang='lat' dir='ltr'><strong>mea</strong></span> <span class='ocrx_word' id='word_1_35' title='bbox 985 800 1121 867; x_wconf 87' lang='lat' dir='ltr'><strong>interest</strong></span> 
     </span>
     <span class='ocr_line' id='line_1_7' title="bbox 107 888 1120 976; baseline 0 -22"><span class='ocrx_word' id='word_1_36' title='bbox 107 891 249 975; x_wconf 88' lang='lat' dir='ltr'><strong>inplesse</strong></span> <span class='ocrx_word' id='word_1_37' title='bbox 273 912 346 956; x_wconf 90' lang='lat' dir='ltr'><strong>eum</strong></span> <span class='ocrx_word' id='word_1_38' title='bbox 368 889 567 976; x_wconf 83' lang='lat' dir='ltr'><strong>mandatum,</strong></span> <span class='ocrx_word' id='word_1_39' title='bbox 589 891 618 955; x_wconf 91' lang='lat' dir='ltr'><strong>si</strong></span> <span class='ocrx_word' id='word_1_40' title='bbox 640 890 736 955; x_wconf 89' lang='lat' dir='ltr'><strong>modo</strong></span> <span class='ocrx_word' id='word_1_41' title='bbox 760 888 883 972; x_wconf 89' lang='lat' dir='ltr'><strong>inplere</strong></span> <span class='ocrx_word' id='word_1_42' title='bbox 903 889 1060 974; x_wconf 72' lang='lat' dir='ltr'><strong>potuerit,</strong></span> <span class='ocrx_word' id='word_1_43' title='bbox 1085 893 1120 955; x_wconf 85' lang='lat' dir='ltr'><strong>at</strong></span> 
     </span>
     <span class='ocr_line' id='line_1_8' title="bbox 23 977 1119 1064; baseline 0.001 -22"><span class='ocrx_word' id='word_1_44' title='bbox 23 1037 24 1054; x_wconf 67' lang='grc'><strong>,</strong></span> <span class='ocrx_word' id='word_1_45' title='bbox 107 978 161 1043; x_wconf 91' lang='lat' dir='ltr'><strong>ille</strong></span> <span class='ocrx_word' id='word_1_46' title='bbox 189 1000 316 1044; x_wconf 87' lang='lat' dir='ltr'><strong>meeum</strong></span> <span class='ocrx_word' id='word_1_47' title='bbox 345 999 439 1064; x_wconf 80' lang='lat' dir='ltr'><strong>agere</strong></span> <span class='ocrx_word' id='word_1_48' title='bbox 467 1001 532 1044; x_wconf 92' lang='lat' dir='ltr'><strong>non</strong></span> <span class='ocrx_word' id='word_1_49' title='bbox 555 982 671 1064; x_wconf 84' lang='lat' dir='ltr'><strong>potest</strong></span> <span class='ocrx_word' id='word_1_50' title='bbox 717 979 824 1060; x_wconf 88' lang='lat' dir='ltr'><strong>itaque</strong></span> <span class='ocrx_word' id='word_1_51' title='bbox 848 977 876 1041; x_wconf 94' lang='lat' dir='ltr'><strong>si</strong></span> <span class='ocrx_word' id='word_1_52' title='bbox 898 977 1119 1043; x_wconf 76' lang='lat' dir='ltr'><strong>mandaverim</strong></span> 
     </span>
     <span class='ocr_line' id='line_1_9' title="bbox 23 1064 1120 1153; baseline 0.001 -23"><span class='ocrx_word' id='word_1_53' title='bbox 23 1115 24 1120; x_wconf 18' lang='grc' dir='ltr'>η</span> <span class='ocrx_word' id='word_1_54' title='bbox 108 1067 178 1153; x_wconf 91' lang='lat' dir='ltr'><strong>tibi,</strong></span> <span class='ocrx_word' id='word_1_55' title='bbox 199 1072 238 1132; x_wconf 89' lang='lat' dir='ltr'><strong>ut</strong></span> <span class='ocrx_word' id='word_1_56' title='bbox 260 1068 351 1132; x_wconf 91' lang='lat' dir='ltr'><strong>verbi</strong></span> <span class='ocrx_word' id='word_1_57' title='bbox 374 1069 480 1152; x_wconf 81' lang='lat' dir='ltr'><strong>gratie</strong></span> <span class='ocrx_word' id='word_1_58' title='bbox 503 1067 638 1132; x_wconf 86' lang='lat' dir='ltr'><strong>fundum</strong></span> <span class='ocrx_word' id='word_1_59' title='bbox 660 1065 741 1131; x_wconf 91' lang='lat' dir='ltr'><strong>mihi</strong></span> <span class='ocrx_word' id='word_1_60' title='bbox 766 1065 923 1131; x_wconf 75' lang='lat' dir='ltr'>sestertiis</span> <span class='ocrx_word' id='word_1_61' title='bbox 942 1064 967 1130; x_wconf 82' lang='grc' dir='ltr'>Ο</span> <span class='ocrx_word' id='word_1_62' title='bbox 989 1087 1120 1146; x_wconf 87' lang='lat' dir='ltr'><strong>emeres,</strong></span> 
     </span>
     <span class='ocr_line' id='line_1_10' title="bbox 23 1154 1119 1240; baseline -0.002 -20"><span class='ocrx_word' id='word_1_63' title='bbox 23 1169 24 1200; x_wconf 76' lang='lat'><em>³</em></span> <span class='ocrx_word' id='word_1_64' title='bbox 107 1160 141 1220; x_wconf 90' lang='lat' dir='ltr'><strong>tu</strong></span> <span class='ocrx_word' id='word_1_65' title='bbox 163 1157 323 1222; x_wconf 87' lang='lat' dir='ltr'><strong>sestertiis</strong></span> <span class='ocrx_word' id='word_1_66' title='bbox 347 1154 400 1223; x_wconf 75' lang='lat' dir='ltr'><strong>GL</strong></span> <span class='ocrx_word' id='word_1_67' title='bbox 424 1157 552 1240; x_wconf 84' lang='lat' dir='ltr'><strong>emeris,</strong></span> <span class='ocrx_word' id='word_1_68' title='bbox 578 1178 645 1221; x_wconf 90' lang='lat' dir='ltr'><strong>non</strong></span> <span class='ocrx_word' id='word_1_69' title='bbox 668 1155 804 1220; x_wconf 87' lang='lat' dir='ltr'><strong>habebis</strong></span> <span class='ocrx_word' id='word_1_70' title='bbox 827 1175 952 1219; x_wconf 90' lang='lat' dir='ltr'><strong>meeum</strong></span> <span class='ocrx_word' id='word_1_71' title='bbox 975 1155 1119 1219; x_wconf 86' lang='lat' dir='ltr'><strong>mandati</strong></span> 
     </span>
     <span class='ocr_line' id='line_1_11' title="bbox 108 1241 1122 1328; baseline -0.002 -19"><span class='ocrx_word' id='word_1_72' title='bbox 108 1245 277 1328; x_wconf 73' lang='lat' dir='ltr'><strong>actionem,</strong></span> <span class='ocrx_word' id='word_1_73' title='bbox 300 1245 430 1310; x_wconf 85' lang='lat' dir='ltr'><strong>etiamsi</strong></span> <span class='ocrx_word' id='word_1_74' title='bbox 448 1245 532 1310; x_wconf 86' lang='lat' dir='ltr'><strong>tenti</strong></span> <span class='ocrx_word' id='word_1_75' title='bbox 551 1245 630 1309; x_wconf 88' lang='lat' dir='ltr'><strong>velis</strong></span> <span class='ocrx_word' id='word_1_76' title='bbox 648 1244 729 1308; x_wconf 92' lang='lat' dir='ltr'><strong>mihi</strong></span> <span class='ocrx_word' id='word_1_77' title='bbox 749 1243 825 1308; x_wconf 88' lang='lat' dir='ltr'><strong>dare</strong></span> <span class='ocrx_word' id='word_1_78' title='bbox 844 1241 987 1327; x_wconf 91' lang='lat' dir='ltr'><strong>fundum,</strong></span> <span class='ocrx_word' id='word_1_79' title='bbox 1007 1243 1122 1326; x_wconf 88' lang='lat' dir='ltr'><strong>quanti</strong></span> 
     </span>
     <span class='ocr_line' id='line_1_12' title="bbox 108 1327 1120 1416; baseline -0.003 -18"><span class='ocrx_word' id='word_1_80' title='bbox 108 1334 276 1399; x_wconf 90' lang='lat' dir='ltr'><strong>emendum</strong></span> <span class='ocrx_word' id='word_1_81' title='bbox 284 1332 347 1399; x_wconf 89' lang='lat' dir='ltr'><strong>tibi</strong></span> <span class='ocrx_word' id='word_1_82' title='bbox 356 1333 572 1416; x_wconf 86' lang='lat' dir='ltr'><strong>mandassem,</strong></span> <span class='ocrx_word' id='word_1_83' title='bbox 581 1332 677 1416; x_wconf 90' lang='lat' dir='ltr'><strong>idque</strong></span> <span class='ocrx_word' id='word_1_84' title='bbox 687 1333 828 1398; x_wconf 86' lang='lat' dir='ltr'><strong>maxime</strong></span> <span class='ocrx_word' id='word_1_85' title='bbox 837 1330 957 1397; x_wconf 83' lang='lat' dir='ltr'><strong>Sabino</strong></span> <span class='ocrx_word' id='word_1_86' title='bbox 968 1327 1120 1396; x_wconf 83' lang='lat' dir='ltr'><strong>ethssio</strong></span> 
     </span>
     <span class='ocr_line' id='line_1_13' title="bbox 107 1422 235 1506; baseline 0.016 -20"><span class='ocrx_word' id='word_1_87' title='bbox 107 1422 235 1506; x_wconf 80' lang='lat' dir='ltr'><strong>placuit</strong></span> 
     </span>
    </p>
   </div>
   <div class='ocr_carea' id='block_1_4' title="bbox 474 1533 754 1594">
    <p class='ocr_par' dir='ltr' id='par_1_4' title="bbox 474 1533 754 1594">
     <span class='ocr_line' id='line_1_14' title="bbox 474 1533 754 1594; baseline -0.004 -1"><span class='ocrx_word' id='word_1_88' title='bbox 474 1534 521 1593; x_wconf 84' lang='lat' dir='ltr'><strong>De</strong></span> <span class='ocrx_word' id='word_1_89' title='bbox 543 1533 754 1594; x_wconf 73' lang='lat' dir='ltr'><strong>ratihabitione.</strong></span> 
     </span>
    </p>
   </div>
   <div class='ocr_carea' id='block_1_5' title="bbox 108 1650 1121 1916">
    <p class='ocr_par' dir='ltr' id='par_1_5' title="bbox 108 1650 1121 1916">
     <span class='ocr_line' id='line_1_15' title="bbox 200 1650 1121 1738; baseline -0.002 -20"><span class='ocrx_word' id='word_1_90' title='bbox 200 1652 250 1719; x_wconf 88' lang='lat'><strong>15.</strong></span> <span class='ocrx_word' id='word_1_91' title='bbox 274 1652 557 1738; x_wconf 84' lang='lat' dir='ltr'><strong>D.43,1o,1,14.</strong></span> <span class='ocrx_word' id='word_1_92' title='bbox 604 1650 764 1736; x_wconf 77' lang='lat' dir='ltr'><strong>Ulpianus</strong></span> <span class='ocrx_word' id='word_1_93' title='bbox 788 1651 871 1716; x_wconf 90' lang='lat' dir='ltr'><strong>libro</strong></span> <span class='ocrx_word' id='word_1_94' title='bbox 896 1651 1121 1736; x_wconf 82' lang='lat' dir='ltr'><strong>sexagensimo</strong></span> 
     </span>
     <span class='ocr_line' id='line_1_16' title="bbox 108 1737 1121 1828; baseline -0.005 -20"><span class='ocrx_word' id='word_1_95' title='bbox 108 1764 193 1808; x_wconf 89' lang='lat' dir='ltr'><strong>nono</strong></span> <span class='ocrx_word' id='word_1_96' title='bbox 217 1742 257 1807; x_wconf 87' lang='lat' dir='ltr'><strong>ad</strong></span> <span class='ocrx_word' id='word_1_97' title='bbox 281 1742 420 1809; x_wconf 84' lang='lat' dir='ltr'><strong>edietum</strong></span> <span class='ocrx_word' id='word_1_98' title='bbox 443 1738 495 1828; x_wconf 85' lang='lat' dir='ltr'><strong>(P.</strong></span> <span class='ocrx_word' id='word_1_99' title='bbox 505 1737 615 1828; x_wconf 78' lang='lat'><strong>1524).</strong></span> <span class='ocrx_word' id='word_1_100' title='bbox 638 1776 680 1788; x_wconf 91' lang='lat'>-</span> <span class='ocrx_word' id='word_1_101' title='bbox 766 1741 939 1805; x_wconf 87' lang='lat' dir='ltr'><strong>secundum</strong></span> <span class='ocrx_word' id='word_1_102' title='bbox 964 1739 1121 1806; x_wconf 82' lang='lat' dir='ltr'><strong>Sabinum</strong></span> 
     </span>
     <span class='ocr_line' id='line_1_17' title="bbox 110 1828 1058 1916; baseline 0 -21"><span class='ocrx_word' id='word_1_103' title='bbox 110 1835 142 1895; x_wconf 91' lang='lat' dir='ltr'><strong>et</strong></span> <span class='ocrx_word' id='word_1_104' title='bbox 159 1828 319 1915; x_wconf 78' lang='lat' dir='ltr'><strong>Cassium,</strong></span> <span class='ocrx_word' id='word_1_105' title='bbox 338 1832 393 1916; x_wconf 90' lang='lat' dir='ltr'><strong>qui</strong></span> <span class='ocrx_word' id='word_1_106' title='bbox 411 1829 676 1896; x_wconf 76' lang='lat' dir='ltr'><strong>ratihabitionem</strong></span> <span class='ocrx_word' id='word_1_107' title='bbox 696 1828 849 1894; x_wconf 89' lang='lat' dir='ltr'><strong>mandato</strong></span> <span class='ocrx_word' id='word_1_108' title='bbox 870 1833 1058 1913; x_wconf 87' lang='lat' dir='ltr'><strong>comparant</strong></span> 
     </span>
    </p>
   </div>
   <div class='ocr_carea' id='block_1_6' title="bbox 497 2031 737 2106">
    <p class='ocr_par' dir='ltr' id='par_1_6' title="bbox 497 2031 737 2106">
     <span class='ocr_line' id='line_1_18' title="bbox 497 2031 737 2106; baseline -0.004 -16"><span class='ocrx_word' id='word_1_109' title='bbox 497 2031 600 2106; x_wconf 79' lang='lat' dir='ltr'><strong>Empti</strong></span> <span class='ocrx_word' id='word_1_110' title='bbox 621 2033 737 2092; x_wconf 72' lang='lat' dir='ltr'><strong>venditi.</strong></span> 
     </span>
    </p>
   </div>
   <div class='ocr_carea' id='block_1_7' title="bbox 108 2147 1124 2750">
    <p class='ocr_par' dir='ltr' id='par_1_7' title="bbox 108 2147 1124 2750">
     <span class='ocr_line' id='line_1_19' title="bbox 197 2147 1122 2236; baseline -0.004 -20"><span class='ocrx_word' id='word_1_111' title='bbox 197 2152 249 2217; x_wconf 88' lang='lat'><strong>16.</strong></span> <span class='ocrx_word' id='word_1_112' title='bbox 281 2149 351 2215; x_wconf 81' lang='lat' dir='ltr'><strong>Gai.</strong></span> <span class='ocrx_word' id='word_1_113' title='bbox 366 2151 395 2230; x_wconf 88' lang='lat'><strong>3,</strong></span> <span class='ocrx_word' id='word_1_114' title='bbox 413 2150 484 2216; x_wconf 82' lang='lat'><strong>147.</strong></span> <span class='ocrx_word' id='word_1_115' title='bbox 510 2186 547 2197; x_wconf 95' lang='lat'><em>—</em></span> <span class='ocrx_word' id='word_1_116' title='bbox 574 2200 603 2215; x_wconf 92' lang='lat'><strong>..</strong></span> <span class='ocrx_word' id='word_1_117' title='bbox 630 2147 809 2236; x_wconf 82' lang='lat' dir='ltr'><strong>quaeritur,</strong></span> <span class='ocrx_word' id='word_1_118' title='bbox 837 2151 865 2214; x_wconf 91' lang='lat' dir='ltr'><strong>si</strong></span> <span class='ocrx_word' id='word_1_119' title='bbox 891 2172 963 2216; x_wconf 89' lang='lat' dir='ltr'><strong>eum</strong></span> <span class='ocrx_word' id='word_1_120' title='bbox 992 2148 1122 2215; x_wconf 82' lang='lat' dir='ltr'><strong>aurifice</strong></span> 
     </span>
     <span class='ocr_line' id='line_1_20' title="bbox 109 2237 1121 2324; baseline -0.005 -18"><span class='ocrx_word' id='word_1_121' title='bbox 109 2240 188 2306; x_wconf 92' lang='lat' dir='ltr'><strong>mihi</strong></span> <span class='ocrx_word' id='word_1_122' title='bbox 219 2239 421 2324; x_wconf 80' lang='lat' dir='ltr'><strong>convenerit,</strong></span> <span class='ocrx_word' id='word_1_123' title='bbox 453 2242 490 2303; x_wconf 88' lang='lat' dir='ltr'><strong>ut</strong></span> <span class='ocrx_word' id='word_1_124' title='bbox 521 2240 549 2304; x_wconf 90' lang='lat' dir='ltr'><strong>is</strong></span> <span class='ocrx_word' id='word_1_125' title='bbox 582 2261 621 2304; x_wconf 82' lang='lat' dir='ltr'><strong>ex</strong></span> <span class='ocrx_word' id='word_1_126' title='bbox 654 2260 732 2304; x_wconf 86' lang='lat' dir='ltr'><strong>auro</strong></span> <span class='ocrx_word' id='word_1_127' title='bbox 765 2259 824 2304; x_wconf 91' lang='lat' dir='ltr'><strong>suo</strong></span> <span class='ocrx_word' id='word_1_128' title='bbox 857 2239 937 2305; x_wconf 85' lang='lat' dir='ltr'><strong>certi</strong></span> <span class='ocrx_word' id='word_1_129' title='bbox 969 2237 1121 2324; x_wconf 88' lang='lat' dir='ltr'><strong>ponderis</strong></span> 
     </span>
     <span class='ocr_line' id='line_1_21' title="bbox 109 2327 1124 2415; baseline -0.005 -21"><span class='ocrx_word' id='word_1_130' title='bbox 109 2333 277 2415; x_wconf 78' lang='lat' dir='ltr'><strong>certaeque</strong></span> <span class='ocrx_word' id='word_1_131' title='bbox 313 2327 437 2393; x_wconf 87' lang='lat' dir='ltr'><strong>formae</strong></span> <span class='ocrx_word' id='word_1_132' title='bbox 471 2328 589 2394; x_wconf 82' lang='lat' dir='ltr'><strong>anulos</strong></span> <span class='ocrx_word' id='word_1_133' title='bbox 617 2327 697 2393; x_wconf 91' lang='lat' dir='ltr'><strong>mihi</strong></span> <span class='ocrx_word' id='word_1_134' title='bbox 728 2327 862 2412; x_wconf 79' lang='lat' dir='ltr'><strong>iaceret,</strong></span> <span class='ocrx_word' id='word_1_135' title='bbox 899 2332 931 2392; x_wconf 88' lang='lat' dir='ltr'><strong>et</strong></span> <span class='ocrx_word' id='word_1_136' title='bbox 963 2327 1124 2411; x_wconf 83' lang='lat' dir='ltr'><strong>acceperit</strong></span> 
     </span>
     <span class='ocr_line' id='line_1_22' title="bbox 109 2414 1123 2506; baseline -0.002 -25"><span class='ocrx_word' id='word_1_137' title='bbox 109 2418 198 2483; x_wconf 90' lang='lat' dir='ltr'><strong>verbi</strong></span> <span class='ocrx_word' id='word_1_138' title='bbox 221 2416 330 2502; x_wconf 79' lang='lat' dir='ltr'><strong>gratia</strong></span> <span class='ocrx_word' id='word_1_139' title='bbox 347 2416 494 2506; x_wconf 89' lang='lat' dir='ltr'><strong>denarios</strong></span> <span class='ocrx_word' id='word_1_140' title='bbox 514 2414 575 2500; x_wconf 82' lang='lat' dir='ltr'><strong>CO,</strong></span> <span class='ocrx_word' id='word_1_141' title='bbox 593 2423 701 2481; x_wconf 88' lang='lat' dir='ltr'><strong>utrum</strong></span> <span class='ocrx_word' id='word_1_142' title='bbox 722 2416 844 2499; x_wconf 89' lang='lat' dir='ltr'><strong>emptio</strong></span> <span class='ocrx_word' id='word_1_143' title='bbox 867 2420 899 2481; x_wconf 90' lang='lat' dir='ltr'><strong>et</strong></span> <span class='ocrx_word' id='word_1_144' title='bbox 918 2415 1060 2480; x_wconf 76' lang='lat' dir='ltr'><strong>venditio</strong></span> <span class='ocrx_word' id='word_1_145' title='bbox 1081 2437 1123 2480; x_wconf 92' lang='lat' dir='ltr'><strong>an</strong></span> 
     </span>
     <span class='ocr_line' id='line_1_23' title="bbox 108 2502 1122 2572; baseline -0.004 -2"><span class='ocrx_word' id='word_1_146' title='bbox 108 2506 228 2572; x_wconf 86' lang='lat' dir='ltr'><strong>locatio</strong></span> <span class='ocrx_word' id='word_1_147' title='bbox 248 2509 282 2570; x_wconf 92' lang='lat' dir='ltr'><strong>et</strong></span> <span class='ocrx_word' id='word_1_148' title='bbox 300 2505 470 2570; x_wconf 85' lang='lat' dir='ltr'><strong>conductio</strong></span> <span class='ocrx_word' id='word_1_149' title='bbox 489 2507 707 2571; x_wconf 86' lang='lat' dir='ltr'><strong>contrahatur.</strong></span> <span class='ocrx_word' id='word_1_150' title='bbox 747 2502 880 2570; x_wconf 79' lang='lat' dir='ltr'><strong>Cassius</strong></span> <span class='ocrx_word' id='word_1_151' title='bbox 900 2504 947 2568; x_wconf 88' lang='lat' dir='ltr'><strong>ait</strong></span> <span class='ocrx_word' id='word_1_152' title='bbox 966 2503 1122 2568; x_wconf 88' lang='lat' dir='ltr'><strong>materiae</strong></span> 
     </span>
     <span class='ocr_line' id='line_1_24' title="bbox 108 2593 1122 2680; baseline -0.006 -20"><span class='ocrx_word' id='word_1_153' title='bbox 108 2595 236 2680; x_wconf 86' lang='lat' dir='ltr'><strong>quidem</strong></span> <span class='ocrx_word' id='word_1_154' title='bbox 256 2595 451 2678; x_wconf 82' lang='lat' dir='ltr'><strong>emptionem</strong></span> <span class='ocrx_word' id='word_1_155' title='bbox 471 2593 751 2676; x_wconf 88' lang='lat' dir='ltr'><strong>venditionemque</strong></span> <span class='ocrx_word' id='word_1_156' title='bbox 771 2593 931 2675; x_wconf 82' lang='lat' dir='ltr'><strong>contrahi,</strong></span> <span class='ocrx_word' id='word_1_157' title='bbox 950 2612 1122 2675; x_wconf 88' lang='lat' dir='ltr'><strong>operarum</strong></span> 
     </span>
     <span class='ocr_line' id='line_1_25' title="bbox 108 2683 769 2750; baseline -0.009 0"><span class='ocrx_word' id='word_1_158' title='bbox 108 2688 217 2750; x_wconf 85' lang='lat' dir='ltr'><strong>sutem</strong></span> <span class='ocrx_word' id='word_1_159' title='bbox 241 2683 435 2748; x_wconf 88' lang='lat' dir='ltr'><strong>looationem</strong></span> <span class='ocrx_word' id='word_1_160' title='bbox 459 2687 492 2748; x_wconf 91' lang='lat' dir='ltr'><strong>et</strong></span> <span class='ocrx_word' id='word_1_161' title='bbox 514 2683 769 2748; x_wconf 82' lang='lat' dir='ltr'><strong>conductionem.</strong></span> 
     </span>
    </p>
   </div>
   <div class='ocr_carea' id='block_1_8' title="bbox 483 2882 749 2943">
    <p class='ocr_par' dir='ltr' id='par_1_8' title="bbox 483 2882 749 2943">
     <span class='ocr_line' id='line_1_26' title="bbox 483 2882 749 2943; baseline -0.004 -2"><span class='ocrx_word' id='word_1_162' title='bbox 483 2883 588 2943; x_wconf 85' lang='lat' dir='ltr'><strong>Loculi</strong></span> <span class='ocrx_word' id='word_1_163' title='bbox 610 2882 749 2941; x_wconf 76' lang='lat' dir='ltr'><strong>conducti.</strong></span> 
     </span>
    </p>
   </div>
   <div class='ocr_carea' id='block_1_9' title="bbox 109 2998 1125 3355">
    <p class='ocr_par' dir='ltr' id='par_1_9' title="bbox 109 2998 1125 3355">
     <span class='ocr_line' id='line_1_27' title="bbox 199 2998 1123 3086; baseline -0.004 -18"><span class='ocrx_word' id='word_1_164' title='bbox 199 3004 249 3069; x_wconf 84' lang='grc'><strong>17.</strong></span> <span class='ocrx_word' id='word_1_165' title='bbox 274 3001 535 3086; x_wconf 78' lang='grc' dir='ltr'><strong>Ι).19,2,19,1.</strong></span> <span class='ocrx_word' id='word_1_166' title='bbox 574 3001 735 3084; x_wconf 89' lang='lat' dir='ltr'><strong>Ulpianus</strong></span> <span class='ocrx_word' id='word_1_167' title='bbox 752 3000 838 3065; x_wconf 91' lang='lat' dir='ltr'><strong>libro</strong></span> <span class='ocrx_word' id='word_1_168' title='bbox 861 2998 1052 3085; x_wconf 80' lang='lat' dir='ltr'><strong>trigensimo</strong></span> <span class='ocrx_word' id='word_1_169' title='bbox 1076 3021 1123 3064; x_wconf 88' lang='lat' dir='ltr'><strong>se·</strong></span> 
     </span>
     <span class='ocr_line' id='line_1_28' title="bbox 110 3087 1124 3177; baseline -0.005 -19"><span class='ocrx_word' id='word_1_170' title='bbox 110 3091 214 3158; x_wconf 86' lang='lat' dir='ltr'><strong>eundo</strong></span> <span class='ocrx_word' id='word_1_171' title='bbox 243 3091 284 3156; x_wconf 90' lang='lat' dir='ltr'><strong>ad</strong></span> <span class='ocrx_word' id='word_1_172' title='bbox 312 3090 451 3156; x_wconf 84' lang='lat' dir='ltr'><strong>edictum</strong></span> <span class='ocrx_word' id='word_1_173' title='bbox 479 3087 531 3177; x_wconf 86' lang='lat' dir='ltr'><strong>(P.</strong></span> <span class='ocrx_word' id='word_1_174' title='bbox 549 3087 639 3175; x_wconf 85' lang='lat'><strong>951).</strong></span> <span class='ocrx_word' id='word_1_175' title='bbox 665 3125 707 3137; x_wconf 95' lang='lat'>-</span> <span class='ocrx_word' id='word_1_176' title='bbox 732 3087 765 3156; x_wconf 82' lang='lat' dir='ltr'><strong>Si</strong></span> <span class='ocrx_word' id='word_1_177' title='bbox 794 3089 864 3174; x_wconf 85' lang='lat' dir='ltr'><strong>quis</strong></span> <span class='ocrx_word' id='word_1_178' title='bbox 892 3089 979 3155; x_wconf 92' lang='lat' dir='ltr'><strong>dolia</strong></span> <span class='ocrx_word' id='word_1_179' title='bbox 1005 3089 1124 3155; x_wconf 88' lang='lat' dir='ltr'><strong>vitiosa</strong></span> 
     </span>
     <span class='ocr_line' id='line_1_29' title="bbox 109 3177 1123 3266; baseline -0.004 -20"><span class='ocrx_word' id='word_1_180' title='bbox 109 3181 243 3266; x_wconf 80' lang='lat' dir='ltr'><strong>ignarus</strong></span> <span class='ocrx_word' id='word_1_181' title='bbox 264 3179 430 3263; x_wconf 75' lang='lat' dir='ltr'><strong>locaverit,</strong></span> <span class='ocrx_word' id='word_1_182' title='bbox 454 3178 568 3243; x_wconf 90' lang='lat' dir='ltr'><strong>deinde</strong></span> <span class='ocrx_word' id='word_1_183' title='bbox 588 3181 697 3243; x_wconf 90' lang='lat' dir='ltr'><strong>vinum</strong></span> <span class='ocrx_word' id='word_1_184' title='bbox 717 3177 884 3260; x_wconf 85' lang='lat' dir='ltr'><strong>effluxerit,</strong></span> <span class='ocrx_word' id='word_1_185' title='bbox 906 3177 1071 3243; x_wconf 90' lang='lat' dir='ltr'><strong>tenebitur</strong></span> <span class='ocrx_word' id='word_1_186' title='bbox 1089 3179 1123 3242; x_wconf 95' lang='lat' dir='ltr'><strong>in</strong></span> 
     </span>
     <span class='ocr_line' id='line_1_30' title="bbox 110 3267 1125 3355; baseline -0.005 -20"><span class='ocrx_word' id='word_1_187' title='bbox 110 3270 142 3335; x_wconf 93' lang='lat' dir='ltr'><strong>id</strong></span> <span class='ocrx_word' id='word_1_188' title='bbox 166 3269 252 3355; x_wconf 91' lang='lat' dir='ltr'><strong>quod</strong></span> <span class='ocrx_word' id='word_1_189' title='bbox 274 3269 410 3333; x_wconf 82' lang='lat' dir='ltr'><strong>interest</strong></span> <span class='ocrx_word' id='word_1_190' title='bbox 431 3289 490 3332; x_wconf 91' lang='lat' dir='ltr'><strong>neo</strong></span> <span class='ocrx_word' id='word_1_191' title='bbox 514 3267 699 3352; x_wconf 80' lang='lat' dir='ltr'><strong>ignorantie</strong></span> <span class='ocrx_word' id='word_1_192' title='bbox 721 3267 789 3332; x_wconf 89' lang='lat' dir='ltr'><strong>eius</strong></span> <span class='ocrx_word' id='word_1_193' title='bbox 814 3267 877 3331; x_wconf 88' lang='lat' dir='ltr'><strong>erit</strong></span> <span class='ocrx_word' id='word_1_194' title='bbox 900 3270 1064 3349; x_wconf 83' lang='lat' dir='ltr'><strong>exeusata3</strong></span> <span class='ocrx_word' id='word_1_195' title='bbox 1091 3270 1125 3330; x_wconf 90' lang='lat' dir='ltr'><strong>et</strong></span> 
     </span>
    </p>
   </div>
   <div class='ocr_carea' id='block_1_10' title="bbox 108 3355 471 3440">
    <p class='ocr_par' dir='ltr' id='par_1_10' title="bbox 23 3355 471 3456">
     <span class='ocr_line' id='line_1_31' title="bbox 108 3355 471 3440; baseline 0 -19"><span class='ocrx_word' id='word_1_196' title='bbox 108 3358 155 3424; x_wconf 85' lang='lat' dir='ltr'><strong>ita</strong></span> <span class='ocrx_word' id='word_1_197' title='bbox 178 3355 310 3424; x_wconf 78' lang='lat' dir='ltr'><strong>(lessius</strong></span> <span class='ocrx_word' id='word_1_198' title='bbox 334 3357 471 3440; x_wconf 79' lang='lat' dir='ltr'><strong>scripsit</strong></span> 
     </span>
    </p>
   </div>
   <div class='ocr_carea' id='block_1_11' title="bbox 112 3471 1124 3644">
    <p class='ocr_par' dir='ltr' id='par_1_11' title="bbox 112 3471 1124 3644">
     <span class='ocr_line' id='line_1_32' title="bbox 197 3471 1123 3557; baseline -0.011 -19"><span class='ocrx_word' id='word_1_199' title='bbox 197 3477 384 3557; x_wconf 81' lang='lat' dir='ltr'><strong>Fragmenta</strong></span> <span class='ocrx_word' id='word_1_200' title='bbox 417 3475 452 3536; x_wconf 92' lang='lat' dir='ltr'><strong>de</strong></span> <span class='ocrx_word' id='word_1_201' title='bbox 479 3475 622 3536; x_wconf 84' lang='lat' dir='ltr'><strong>mandato</strong></span> <span class='ocrx_word' id='word_1_202' title='bbox 655 3477 685 3534; x_wconf 92' lang='lat' dir='ltr'><strong>et</strong></span> <span class='ocrx_word' id='word_1_203' title='bbox 717 3475 944 3550; x_wconf 83' lang='lat' dir='ltr'><strong>ratihabitione,</strong></span> <span class='ocrx_word' id='word_1_204' title='bbox 980 3473 1052 3531; x_wconf 91' lang='lat' dir='ltr'><strong>item</strong></span> <span class='ocrx_word' id='word_1_205' title='bbox 1088 3471 1123 3528; x_wconf 91' lang='lat' dir='ltr'><strong>de</strong></span> 
     </span>
     <span class='ocr_line' id='line_1_33' title="bbox 112 3557 1124 3644; baseline -0.015 -17"><span class='ocrx_word' id='word_1_206' title='bbox 112 3568 261 3644; x_wconf 86' lang='lat' dir='ltr'><strong>emptione</strong></span> <span class='ocrx_word' id='word_1_207' title='bbox 294 3571 325 3627; x_wconf 92' lang='lat' dir='ltr'><strong>et</strong></span> <span class='ocrx_word' id='word_1_208' title='bbox 352 3565 499 3626; x_wconf 80' lang='lat' dir='ltr'><strong>locatione</strong></span> <span class='ocrx_word' id='word_1_209' title='bbox 527 3565 656 3624; x_wconf 83' lang='lat' dir='ltr'><strong>fortasse</strong></span> <span class='ocrx_word' id='word_1_210' title='bbox 679 3562 752 3621; x_wconf 88' lang='lat' dir='ltr'><strong>iuris</strong></span> <span class='ocrx_word' id='word_1_211' title='bbox 789 3562 885 3621; x_wconf 88' lang='lat' dir='ltr'><strong>civilis</strong></span> <span class='ocrx_word' id='word_1_212' title='bbox 916 3559 1000 3618; x_wconf 87' lang='lat' dir='ltr'><strong>libris</strong></span> <span class='ocrx_word' id='word_1_213' title='bbox 1037 3557 1124 3616; x_wconf 84' lang='lat' dir='ltr'><strong>attri-</strong></span> 
     </span>
    </p>
   </div>
   <div class='ocr_carea' id='block_1_12' title="bbox 0 0 1305 3902">
    <p class='ocr_par' dir='ltr' id='par_1_12' title="bbox 0 0 1305 3902">
     <span class='ocr_line' id='line_1_34' title="bbox 0 0 1305 3902; baseline 0 0"><span class='ocrx_word' id='word_1_214' title='bbox 0 0 1305 3902; x_wconf 95' lang='lat' dir='ltr'><strong> </strong></span> 
     </span>
    </p>
   </div>
  </div>
 </body>
</html>
