2580 3900
512 225 537 273 2.
556 217 719 274 PEGASUS
1054 217 1117 280 201

107 383 216 449 Latini
250 382 330 447 facti
356 405 395 446 ex
422 383 493 467 lege
522 382 614 446 Aelia
642 379 755 446 Sentia
782 381 978 462 habuerunt,
1011 382 1121 444 tamen

108 477 223 556 postea
252 471 533 537 senatusconsulto
561 469 648 556 quod
670 470 795 554 Pegaso
825 473 858 534 et
880 468 1019 534 Pusione
1048 490 1121 534 con·

110 561 235 626 sulibus
260 560 383 626 factum
406 564 465 644 est,
488 559 587 624 etiam
611 559 787 623 maioribus
806 559 944 644 triginta
963 579 1120 623 annorum

109 649 319 715 manumissis
344 648 468 714 Latinis
492 648 587 714 factis
611 669 799 712 concessum
824 653 881 712 est.

430 885 458 944 2.
480 878 535 943 ·De
557 879 806 961 fideicommissis.

201 1007 228 1070 1.
263 1003 334 1070 Gai.
353 1005 387 1082 2,
406 1003 479 1068 254.
510 1039 548 1050 -
577 1004 708 1087 ..quia
738 1001 871 1066 heredes
904 1001 1016 1085 scripti
1050 1023 1122 1066 cum
1255 999 1260 1008 '

112 1098 167 1160 aut
196 1098 303 1160 totam
335 1091 547 1157 hereditatem
581 1096 637 1155 aut
666 1113 767 1175 paene
799 1094 902 1156 totam
933 1091 1122 1174 plerumque

110 1185 281 1248 restituere
300 1182 508 1264 rogabantur,
529 1180 617 1244 adire
636 1181 847 1245 hereditatem
866 1179 908 1244 ob
923 1178 1048 1243 nullum
1068 1183 1124 1244 aut
1193 1224 1196 1229 ,

111 1273 281 1337 minimum
311 1271 435 1334 lucrum
466 1269 674 1350 recusabant,
702 1273 798 1354 atque
826 1269 867 1334 ob
895 1267 930 1331 id
957 1267 1122 1350 extingue·

112 1363 229 1427 bantur
243 1358 499 1441 fideicommissa,
518 1361 633 1442 postea
647 1355 704 1444 (sc.
718 1362 795 1442 post
809 1358 1123 1422 senatusconrultum

16 1465 17 1494 ¹
112 1443 369 1534 Trebellianum)
388 1446 513 1528 Pegaso
533 1451 566 1511 et
585 1447 724 1512 Pusione
742 1445 974 1529 <consulibus>
993 1449 1123 1509 senatus

16 1583 17 1618 i
112 1541 247 1622 censuit,
269 1542 306 1602 ut
328 1538 357 1600 ei
380 1536 436 1620 qui
456 1538 590 1620 rogatus
610 1539 695 1600 esset
713 1535 925 1600 hereditatem
944 1535 1123 1614 restituere,

16 1639 18 1652 '
112 1627 249 1710 proinde
272 1627 384 1690 liceret
406 1629 555 1709 quartam
578 1628 704 1708 partem
728 1625 877 1710 retinere,
900 1628 996 1706 atque
1016 1643 1033 1686 e
1052 1623 1124 1708 lege

16 1723 18 1764 l
111 1715 256 1782 Falcidia
278 1717 312 1778 in
336 1715 453 1798 legatis
476 1715 615 1778 retinere
638 1714 832 1779 conceditur.

203 1841 232 1906 2.
255 1837 325 1903 Gai.
339 1839 369 1922 2,
383 1838 457 1904 258.
484 1874 521 1884 —
539 1887 569 1904 ..
588 1839 615 1902 si
634 1841 761 1902 recuset
775 1838 914 1922 scriptus
929 1837 1022 1901 heres
1037 1837 1125 1902 adire

16 1943 17 1984 ἓ
112 1929 328 1994 hereditatem
351 1929 392 1993 ob
416 1927 449 1990 id
467 1927 553 2011 quod
572 1927 658 1991 dicat
677 1949 748 1991 eam
768 1926 830 1990 sibi
851 1929 1033 2009 suspectam
1053 1947 1125 1990 esee

113 2017 204 2103 quasi
233 2017 435 2100 damnosam,
467 2019 599 2081 cavetur
625 2014 805 2100 Pegasiano
835 2015 1124 2096 senatusconsulto,

113 2112 149 2173 ut
182 2104 386 2171 desiderante
419 2127 455 2169 eo
487 2107 539 2169 cui
570 2105 739 2169 restituere
772 2108 906 2188 rogatus
940 2108 1003 2188 est,
1036 2103 1127 2168 iussu

16 2235 17 2270 ;
114 2193 275 2280 praetoris
305 2193 401 2258 adeat
428 2198 461 2257 et
483 2194 644 2278 restituat,
667 2193 864 2278 proindeque
888 2193 917 2257 ei
939 2197 972 2257 et
994 2194 1029 2256 in
1053 2208 1126 2257 eum

114 2286 169 2369 qui
191 2284 350 2367 receperit
371 2281 638 2367 (hereditatem),
662 2283 806 2347 actiones
830 2283 957 2365 dentur,
987 2303 1025 2346 ao
1046 2282 1126 2346 iuris

116 2377 164 2438 est
188 2395 228 2436 ex
251 2371 531 2437 senatusconsulto
555 2371 828 2436 Trebelliano...

202 2482 239 2542 cf.
263 2481 286 2542 I.
306 2484 335 2560 2,
355 2484 405 2559 23,
425 2484 453 2542 5.
504 2473 545 2542 ³..
569 2481 745 2559 Vespasiani
776 2481 909 2558 Augusti
940 2481 1127 2556 temporibus

114 2571 229 2651 Pegaso
258 2574 288 2631 et
310 2571 439 2631 Pusione
467 2571 638 2631 consulibus
662 2573 783 2630 senatus
806 2569 922 2629 censuit
944 2571 980 2628 ut
995 2615 1000 2628 .
1017 2614 1023 2627 .
1038 2562 1057 2630 ,’
1083 2586 1127 2628 se-

116 2663 250 2740 quuntur
274 2659 331 2720 Gai
352 2660 446 2721 verba
468 2679 560 2736 supra
583 2660 685 2719 allate.

204 2780 234 2845 3.
261 2777 328 2844 Gai.
343 2780 372 2864 2,
387 2778 476 2844 286⁵.
500 2815 541 2826 -
567 2778 682 2843 ..orbi
705 2776 760 2860 qui
783 2798 841 2860 per
863 2776 969 2860 legem
993 2774 1128 2860 Papiam

117 2868 267 2933 dimidias
304 2873 413 2951 partes
450 2867 666 2932 hereditatum
703 2866 948 2950 legatorumque
983 2864 1129 2951 perdunt,

118 2958 194 3022 olim
235 2956 339 3021 solida
374 2955 626 3021 fideicommissa
657 2955 849 3020 videbantur
881 2975 993 3038 cepere
1025 2975 1129 3039 posse.

118 3046 172 3112 sed
204 3049 319 3130 postea
351 3047 630 3110 senatusconsulto
659 3045 839 3129 Pegasiano
875 3043 1008 3128 proinde
1041 3043 1129 3108 fidei·

118 3135 291 3201 commissa
309 3155 435 3218 quoque
455 3155 491 3198 ao
509 3134 619 3218 legata
632 3133 891 3219 hereditatesque
906 3155 1019 3218 capere
1034 3152 1130 3218 posse

118 3224 274 3308 prohibiti
302 3227 392 3308 sunt,
425 3244 525 3307 eaque
553 3224 712 3287 translata
740 3228 816 3287 sunt
843 3222 883 3286 ad
911 3244 966 3287 eos
995 3225 1049 3307 qui
1075 3221 1131 3304 <in

119 3313 178 3397 eo>
205 3315 401 3377 testamento
430 3311 551 3376 liberos
580 3311 716 3391 habent,
744 3314 800 3375 aut
828 3311 856 3375 si
879 3311 987 3375 nullus
1010 3311 1130 3374 liberos

119 3401 269 3484 habebit,
297 3400 337 3464 ad
364 3402 534 3486 populum,
562 3400 644 3464 sicut
667 3400 747 3463 iuris
771 3403 821 3463 est
843 3400 876 3463 in
899 3399 1018 3481 legatis
1041 3400 1074 3462 et
1096 3399 1131 3460 in

119 3489 363 3662 Εετῗξὴειῒίδυε,
386 3511 467 3574 quae
492 3489 602 3553 eadem
626 3492 683 3552 aut
704 3487 801 3552 simili
820 3507 858 3550 ex
876 3485 994 3568 oau<sa
1013 3483 1131 3550 caduca

142 3601 185 3644 un
224 3626 233 3643 .
