2570 3904
393 217 418 264 4.
438 207 466 266 0.
482 209 627 265 casellis
646 209 833 264 LONGINUS
1075 211 1118 274 45

195 380 230 438 ol.
250 379 338 437 Paul.
361 378 390 439 S.
409 381 437 453 3,
458 382 487 455 6,
506 381 557 439 23.
605 378 714 438 Servos
738 397 835 455 neque
860 381 998 453 torquere
1022 398 1118 456 neque

108 468 234 546 flagellis
258 468 382 526 caedere
405 486 500 545 neque
523 468 555 526 in
579 486 646 525 eum
665 486 768 526 casum
785 468 866 526 facto
885 486 938 526 suo
957 468 1118 543 perducere

109 557 348 616 usufructuarius
372 561 484 635 potest,
507 575 565 632 quo
589 556 751 615 deteriores
774 557 858 618 fiant.

195 668 248 732 34.
280 665 483 751 varsula,
505 670 532 730 1.
562 703 602 712 -
630 666 748 749 <iidem
777 663 835 752 (so.
855 670 887 730 et
916 654 1056 732 Sabinus
1086 671 1119 731 et

109 753 255 842 Cassius)
283 755 424 820 fructum
452 755 590 840 operae>
619 755 828 840 gladiatoriae
857 755 925 820 eius
953 753 1011 840 (so.
1035 756 1119 820 servi

109 845 197 910 ouius
209 845 345 910 fructus
363 844 490 928 legatus
509 840 573 930 est)
593 843 713 927 us<que
729 843 769 908 ad
784 845 927 927 praemia
941 845 1118 909 fructuario

108 935 246 1106 puta>1>1t
274 937 455 1017 competere
477 955 586 1017 posse,
614 938 650 996 ut
673 953 747 996 vero
771 931 929 1016 pug<net,
956 933 1030 1018 cogi
1053 955 1118 998 non

107 1044 207 1106 posse.

523 1168 631 1228 Liber
652 1169 703 1228 IX.

435 1286 484 1352 De
505 1289 669 1369 usufructu
691 1289 796 1370 lupulo.

194 1417 260 1477 Hou
287 1418 379 1493 libro,
407 1436 586 1494 quamquam
612 1417 697 1476 nulla
724 1417 787 1477 eius
815 1417 984 1494 fragmenta
1007 1419 1119 1489 extant,

108 1507 144 1566 de
161 1527 220 1566 usu
238 1507 341 1566 fructu
358 1507 459 1583 legato
477 1506 588 1566 iterum
605 1509 770 1566 tractuum
787 1505 879 1564 fuisse
894 1506 963 1565 inde
983 1505 1119 1581 efficitur,

108 1596 185 1672 quod
213 1596 327 1656 decimo
356 1613 472 1673 quoque
500 1595 577 1656 libro
600 1596 635 1654 de
659 1595 764 1654 eadem
787 1614 819 1654 re
841 1597 1001 1656 tractatur.
1040 1594 1120 1670 quod

110 1685 223 1743 decimo
254 1685 332 1742 libro
365 1683 502 1744 Cassium
530 1684 566 1744 de
594 1685 693 1761 gregis
725 1685 884 1743 usufructu
916 1684 1024 1743 dixisse
1057 1685 1119 1743 tra·

108 1773 203 1850 ditur,
226 1773 357 1834 oonioias
380 1792 448 1831 eum
470 1792 548 1832 nono
571 1772 648 1831 libro
673 1773 708 1830 de
733 1791 767 1831 eo
789 1774 891 1850 legato
915 1773 1035 1851 dixisse,
1060 1792 1118 1850 quo

106 1868 137 1921 et
159 1862 270 1922 fundus
295 1865 326 1921 et
347 1861 494 1938 mancipia
516 1863 739 1938 relinquuntur,
767 1862 803 1920 de
826 1881 883 1937 quo
907 1861 975 1922 Vat.
990 1863 1027 1922 fr.
1042 1859 1061 1937 ἕ
1078 1864 1118 1924 73

104 1952 253 2028 quaedem
273 1950 444 2012 traduntur.

532 2092 640 2152 Liber
661 2093 697 2152 X.

432 2210 482 2277 De
503 2212 666 2294 resufruotu
689 2213 794 2295 lupulo.

441 2342 489 2401 De
508 2346 604 2417 propte
625 2345 788 2416 usufructu.

197 2459 250 2526 35.
274 2459 314 2526 D.
338 2461 367 2542 7,
389 2463 416 2544 1,
435 2461 486 2545 68,
504 2464 534 2527 2.
559 2462 654 2546 7ορτ.
695 2460 854 2545 Ulpianus
876 2460 960 2526 libro
981 2464 1119 2545 septimo

105 2548 231 2614 decimo
256 2549 296 2614 ed
321 2547 478 2614 Sabinum
502 2547 551 2632 (P.
570 2547 728 2634 aulul).
757 2585 795 2595 —
820 2598 850 2614 ..
874 2549 902 2612 si
925 2555 1031 2634 gregis
1056 2597 1062 2612 .
1083 2597 1120 2614 ..

105 2639 153 2702 sit
179 2660 258 2702 usus
282 2637 407 2703 fruetus
430 2640 571 2723 legatus,
599 2638 730 2702 debebit
753 2660 791 2700 ex
814 2637 963 2721 adgnatis
988 2657 1119 2721 gregem

105 2727 257 2811 supplere
356 2727 433 2812 quid
456 2776 486 2792 ..
510 2726 539 2792 si
570 2749 635 2791 non
664 2726 764 2790 faeiat
791 2746 850 2788 neo
879 2726 1027 2809 suppleat
1061 2723 1118 2810 (se.

104 2836 244 2970 tunt
268 2813 995 2970 llllltsslulllltltltlt‘ltffl
1018 2812 1119 2878 uu.

197 3015 282 3076 Paul.
302 3015 331 3076 S.
349 3015 404 3094 III,
425 3019 453 3093 6,
473 3019 523 3076 20.
573 3015 677 3094 Gregis
710 3016 868 3075 usufructu
896 3016 998 3093 legato
1028 3036 1119 3096 grege

102 3102 226 3182 integro
250 3108 389 3165 manente
412 3106 493 3164 fetus
516 3105 554 3162 ad
577 3105 832 3164 usufructuarium
854 3107 1012 3183 pertinent,
1036 3108 1118 3167 salvo

19 3225 21 3290 ζ
104 3212 156 3270 eo,
179 3196 216 3252 ut
239 3193 384 3270 quidquid
406 3193 492 3272 gregi
514 3194 686 3272 deperierit,
710 3213 746 3254 ex
768 3194 878 3254 fetibus
901 3195 1068 3272 impleatur.

19 3351 20 3376 .
198 3303 264 3369 367
300 3303 341 3368 D.
365 3305 393 3386 7,
415 3304 446 3386 4,
469 3304 522 3368 31.
575 3305 773 3388 Pomponius
810 3303 893 3369 libro
931 3308 1046 3391 quarto
1079 3306 1119 3369 ad

19 3385 20 3402 ¹
104 3391 266 3469 Quintum
280 3390 424 3457 Mucium
444 3390 493 3479 (P.
508 3391 597 3480 238).
616 3429 657 3439 -
678 3391 759 3459 Cum
778 3393 886 3476 gregis
904 3392 1120 3456 ususfructus

103 3481 238 3567 legatus
266 3488 316 3546 est
343 3486 377 3546 et
403 3503 504 3566 usque
532 3504 569 3547 eo
592 3501 745 3544 numerus
768 3479 913 3562 pervenit
936 3480 1057 3561 gregis,
1082 3481 1120 3538 ut

104 3591 187 3655 grex
211 3591 277 3635 non
301 3570 526 3655 intellegatur,
548 3571 632 3653 perit
653 3589 731 3632 usus
755 3567 887 3630 fruetus.
