2602 3906
168 186 234 250 524
534 185 809 240 ADDITAMENTA.

171 349 341 432 pecuniam
368 349 479 413 statim
498 352 772 434 consumpturum,
796 370 906 414 servos
926 350 967 414 ab
983 371 1020 414 eo
1036 350 1184 433 emisset,

169 438 316 522 plerique
347 438 582 523 responderunt
607 459 687 502 ‘eum
720 437 821 502 nihilo
853 439 959 504 miuus
993 440 1078 504 bona
1114 437 1182 502 fide

171 530 347 610 emptorem
372 548 449 592 esse.
819 547 821 554 ’

257 639 294 699 uf.
317 637 386 697 Vat.
411 639 447 696 fr.
473 640 500 696 1.

502 798 549 857 De
573 803 695 872 emptore
718 799 847 858 liberato.

197 943 202 950 ι
259 909 310 973 26.
357 906 396 975 D.
423 909 476 986 46,
504 909 534 992 3,
562 909 614 991 34,
642 907 670 972 5.
717 907 807 973 Idem
832 906 887 994 (so.
911 905 1071 996 Iulianus)
1096 909 1181 974 libro

169 997 462 1082 quinquagensimo
493 1001 606 1081 quarto
634 995 853 1082 Digestorum.
876 1034 920 1044 -
943 1046 971 1062 ..
996 1020 1067 1063 eum
1093 998 1182 1082 fugi-

169 1084 268 1169 tivus,
293 1087 349 1170 qui
371 1108 429 1170 pro
454 1086 557 1151 libero
583 1107 616 1150 se
639 1088 782 1169 gerebat,
808 1108 877 1150 rem
900 1087 1104 1168 vendidisset,
1129 1109 1180 1151 re-

170 1197 325 1258 sponsum
358 1178 408 1239 est
440 1179 601 1260 emptores
634 1175 772 1260 fugitivo
806 1175 966 1240 solventes
996 1199 1015 1240 a
1045 1175 1179 1242 domino

169 1263 326 1329 liberatos
350 1286 415 1328 non
439 1284 516 1328 esse.

403 1422 453 1488 De
474 1424 592 1505 nuptiis
614 1429 643 1488 et
664 1426 700 1489 cte
721 1425 791 1488 iure
813 1425 937 1490 dotium.

258 1540 309 1603 27.
334 1537 373 1602 D.
397 1539 449 1622 23,
468 1540 498 1617 2,
522 1539 551 1603 6.
574 1536 736 1622 Ulpianus
760 1540 846 1603 libro
870 1538 1037 1623 trigesimo
1062 1539 1177 1622 quinto

168 1627 208 1691 ad
230 1625 395 1692 Sabinum.
415 1665 456 1674 —
475 1675 483 1692 .
499 1676 528 1692 ..
551 1649 624 1692 eum
639 1628 693 1711 qui
708 1629 875 1692 absentem
895 1627 1019 1711 aceepit
1032 1648 1178 1711 uxorem,

169 1716 283 1780 deinde
307 1716 431 1780 rediens
447 1739 466 1781 a
480 1738 560 1781 cena
578 1717 669 1781 iuxta
688 1716 831 1781 Tiberim
849 1717 996 1801 perisset,
1016 1717 1056 1780 ab
1076 1738 1179 1781 uxore

168 1805 346 1888 lugendum
370 1827 560 1889 responsum
585 1809 642 1870 est.

255 1916 289 1975 ct
314 1916 331 1973 Ι
353 1937 380 1991 p.
406 1919 478 1976 273.

255 2025 307 2090 28.
330 2025 370 2089 D.
393 2027 445 2105 23,
469 2026 498 2108 3,
522 2028 564 2090 48
575 2049 623 2109 pr.
646 2027 735 2092 Idem
759 2028 816 2114 (so.
835 2025 996 2111 Iulianus)
1019 2027 1102 2091 libro
1128 2049 1180 2092 se-

168 2111 270 2178 eundo
291 2113 331 2177 ad
349 2113 500 2178 Urseium
519 2113 681 2180 Ferooem.
698 2152 743 2163 -
761 2116 831 2180 Tali
850 2116 936 2181 faeta
955 2115 1178 2199 stipulatione:

168 2201 289 2267 ‘decem
312 2202 346 2265 in
370 2223 454 2266 anuo
477 2205 625 2287 proximo
650 2205 734 2269 (lotis
758 2197 887 2269 nomine
911 2204 985 2269 dare
1005 2202 1178 2288 spondes?

166 2291 348 2376 quaesitum
363 2294 421 2369 est,
437 2313 537 2356 annus
553 2315 591 2356 ex
606 2315 668 2378 quo
682 2296 828 2378 tempore
848 2298 933 2358 esset
950 2294 1179 2377 numerandus,

167 2385 276 2444 utrum
309 2403 346 2444 ex
375 2379 424 2444 die
458 2381 678 2465 stipulationis
706 2382 811 2446 factae
836 2403 940 2446 anax
968 2403 1004 2446 eo
1029 2381 1088 2464 die,
1112 2404 1177 2466 quo

168 2470 226 2534 dos
259 2491 329 2534 esse
361 2469 536 2553 potuisset,
566 2471 598 2534 id
626 2473 676 2534 est
701 2473 895 2555 nuptiarum.
929 2475 962 2534 et
987 2492 1178 2554 responsum

167 2563 217 2623 est
245 2580 283 2622 ex
310 2559 360 2622 die
386 2560 573 2643 nuptiarum
604 2581 724 2623 aunum
753 2580 823 2624 esse
845 2559 1104 2640 numerandum[,
1127 2581 1178 2643 ne,

167 2648 194 2711 si
219 2647 312 2711 aliter
336 2648 588 2726 observaremus,
612 2649 640 2711 si
663 2649 751 2712 intra
774 2670 894 2712 annum
917 2648 1047 2732 nuptiae
1071 2648 1177 2713 factae

166 2758 233 2800 non
256 2737 330 2820 sint,
353 2737 454 2801 videri
477 2738 582 2822 possit
605 2736 663 2801 dos
688 2759 726 2802 ex
750 2759 787 2800 ea
811 2737 1010 2821 obligatione
1030 2736 1176 2818 deberit]

255 2825 308 2889 29.
349 2824 388 2888 Ι).
421 2826 477 2909 50,
509 2827 563 2910 16,
598 2825 670 2890 171.
722 2825 919 2908 Pomponius
960 2825 1043 2890 libro
1086 2829 1176 2891 sexto

168 2911 291 2978 decimo
316 2914 355 2978 ad
380 2912 543 2980 Sabinum.
568 2914 818 2979 —Pervenisse
843 2914 882 2978 ad
905 2917 937 2978 te
956 2918 1041 2978 reete
1060 2915 1177 2979 dieitur

169 3001 254 3084 quod
283 3024 340 3084 per
368 3006 400 3066 te
429 3002 468 3066 ad
497 3004 596 3067 alium
620 3004 812 3087 pervenerit,
839 3008 875 3068 ut
898 3002 931 3067 in
954 3003 1134 3068 hereditate
1157 3025 1177 3066 a

165 3088 283 3153 liberto
297 3112 354 3173 per
373 3094 545 3172 patronum
563 3090 667 3155 filium
687 3091 827 3156 familias
841 3093 927 3176 patri
942 3092 1009 3157 eius
1025 3092 1176 3176 adoptivo

167 3178 329 3261 adquisita
352 3199 543 3264 responsum
568 3183 626 3244 est.

578 3336 628 3402 De
650 3339 756 3405 tutelis.

255 3451 307 3515 30.
339 3448 378 3513 D.
412 3451 469 3532 31,
501 3451 543 3518 '45
554 3474 601 3534 pr.
636 3452 724 3518 ldem
756 3450 812 3540 (so.
846 3453 1061 3543 Pomponius)
1093 3457 1175 3523 libro

166 3543 281 3604 octavo
310 3539 349 3602 ad
378 3537 532 3614 Quintum
560 3541 709 3606 Mucium.
738 3579 781 3590 —
890 3544 918 3608 si
945 3545 992 3608 ita
1020 3545 1175 3630 seriptum
