2568 3912
130 205 195 268 550
403 275 406 280 ¹
496 201 769 258 mursinense

220 367 291 431 100.
315 366 354 430 D.
368 367 421 450 47,
437 366 486 449 10,
504 365 553 448 11,
568 367 596 431 3.
629 364 788 449 Ulpianus
811 365 895 428 libro
919 365 1142 451 quinquagen-

129 457 210 521 simo
239 457 377 539 septimo
407 455 446 519 ad
475 455 622 519 edietum.
649 491 686 500 -
713 453 747 518 Si
776 453 928 519 mandatu
956 476 1028 519 meo
1051 454 1143 521 facta

129 545 173 608 sit
205 545 300 608 alicui
331 543 462 626 iniuria,
495 544 637 627 plerique
668 543 759 608 aiunt
789 547 856 607 tam
885 565 935 607 me
964 544 1020 629 qui
1048 565 1142 608 man-

130 633 201 698 davi
226 655 321 717 quam
345 654 419 696 eum
442 632 498 716 qui
522 633 664 717 suscepit
686 631 874 697 iniuriarum
899 632 1010 697 teneri.

220 722 291 787 101.
315 720 353 786 D.
362 722 415 805 47,
425 721 477 806 30,
490 722 539 786 13.
571 720 731 804 Ulpianus
747 720 831 786 libro
847 721 1139 806 quinquagensimo

129 810 266 894 septimo
291 811 330 874 ad
355 810 501 875 edietum.
522 846 560 855 -
582 808 616 874 si
639 811 712 894 quis
736 831 786 873 me
810 809 980 892 prohibeat
999 811 1035 875 in
1053 811 1139 874 mari

127 901 252 983 piscare
275 900 324 964 vel
350 899 560 963 everriculum
659 897 782 980 ducere,
809 921 851 962 an
874 899 1064 963 iniuriarum
1088 899 1139 964 iu·

129 988 212 1053 dicio
235 990 357 1072 possim
381 1008 453 1051 eum
475 987 669 1053 convenire?
706 993 781 1051 sunt
799 987 853 1071 qui
871 991 987 1070 putent
1005 987 1138 1052 iniuria·
1183 1033 1187 1039 -

129 1098 202 1141 rum
225 1099 275 1141 me
299 1097 393 1161 posse
417 1097 521 1160 agere.

217 1187 390 1264 Sequuntur
412 1189 499 1246 haee:
523 1181 566 1245 ‘et
588 1187 632 1246 ita
654 1187 836 1263 Pomponius
859 1189 890 1246 et
912 1188 1048 1266 plerique
1072 1207 1138 1248 esse

127 1277 197 1336 huic
225 1277 351 1335 similem
377 1295 458 1350 eum,
487 1277 537 1353 qui
566 1275 597 1334 in
619 1276 773 1352 publicum
796 1277 897 1336 lavare
920 1277 969 1336 vel
992 1277 1023 1336 in
1047 1296 1140 1337 eavea

127 1366 248 1442 publica
271 1367 372 1424 sedere
395 1365 444 1426 vel
468 1365 500 1423 in
523 1383 580 1442 quo
604 1364 662 1424 alio
686 1365 751 1424 loeo
776 1383 864 1442 agere
888 1366 990 1424 sedere
1014 1383 1138 1427 eonver-

127 1455 188 1514 sari
214 1473 274 1513 non
302 1455 447 1530 patiatur,
476 1456 529 1512 ant
556 1454 579 1512 si
609 1453 676 1529 quis
703 1473 735 1512 re
761 1472 827 1512 mea
850 1455 896 1513 uti
919 1473 966 1513 me
988 1473 1049 1514 non
1071 1474 1138 1531 per-

126 1537 249 1603 mittat’

502 1625 552 1690 De
574 1627 760 1691 condictione.

217 1750 289 1814 102.
318 1749 355 1814 D.
377 1752 431 1833 12,
450 1752 483 1835 6,
503 1750 560 1833 60,
581 1751 608 1814 1.
650 1750 770 1815 Paulus
798 1750 882 1816 libro
911 1749 1007 1816 tertio
1034 1749 1139 1826 Quae·

128 1840 278 1903 stionum.
306 1874 348 1884 -
374 1837 499 1905 Ubi..
523 1839 594 1922 quis
624 1838 707 1922 quod
735 1861 814 1923 pure
843 1839 938 1904 debet
972 1840 1032 1904 sub
1063 1861 1138 1905 con·

127 1925 250 1991 dicione
273 1927 415 1992 novandi
438 1928 544 1991 animo
569 1928 727 2011 promisit,
750 1927 895 2012 plerique
915 1932 1032 2013 putant
1055 1950 1137 2012 pen-

39 2033 41 2037 ’
126 2017 221 2080 dente
244 2016 418 2080 novatione
442 2016 584 2080 solutum
607 2019 750 2098 repetere
773 2037 883 2100 posse,
910 2018 987 2101 quia
1009 2039 1047 2081 ex
1071 2040 1135 2102 qua

127 2104 325 2186 obligatione
354 2103 472 2184 solvat,
501 2104 605 2168 adhue
628 2104 788 2170 incertum
812 2105 868 2191 sit3
890 2105 1040 2190 idemque
1064 2127 1134 2170 esse

127 2194 239 2276 etiam,
267 2194 295 2256 si
323 2191 466 2257 diversas
493 2213 647 2276 personas
676 2215 778 2278 ponas
807 2193 938 2258 eandem
965 2195 1134 2279 pecuniam

127 2303 206 2366 pure
231 2286 263 2345 et
286 2281 344 2346 sub
370 2280 556 2346 condicione
579 2281 722 2347 novandi
746 2283 854 2347 animo
877 2283 1072 2368 promisisse.

217 2371 290 2436 103.
314 2369 383 2436 Gai.
398 2368 428 2452 3,
442 2371 494 2435 91.
514 2406 556 2416 -
575 2421 582 2436 .
598 2418 605 2435 .
623 2371 751 2455 quidam
770 2375 887 2454 putant
905 2371 1063 2455 pupillum
1079 2377 1135 2435 aut

128 2461 294 2524 mulierem
318 2459 370 2524 cni
393 2459 459 2523 sine
478 2459 597 2524 tutoris
618 2459 811 2525 auctoritate
829 2481 895 2524 non
914 2459 1058 2525 debitum
1077 2482 1133 2543 per

127 2571 266 2614 errorem
292 2550 402 2614 datum
421 2552 480 2633 est,
502 2570 568 2613 non
587 2549 689 2612 teneri
708 2547 919 2632 condictione,
942 2570 1006 2612 non
1027 2549 1131 2634 magis

127 2661 222 2721 quam
249 2638 352 2702 mutui
375 2637 514 2703 datione.

413 2814 463 2880 De
484 2815 642 2880 votorum
664 2814 852 2897 obliputioue.

218 2939 289 3004 104.
314 2937 352 3002 D.
367 2939 420 3021 45,
435 2941 464 3020 1,
480 2941 552 3024 141,
562 2940 591 3005 4.
624 2939 724 3004 Gaius
745 2939 828 3003 libro
848 2937 985 3002 seeundo
1005 2938 1043 3002 de
1057 2937 1134 3003 Ver·

128 3026 240 3090 borum
261 3025 532 3110 Obligationibus.
550 3063 588 3074 -
610 3026 645 3093 si
664 3028 748 3091 inter
767 3048 822 3092 eos
841 3028 897 3111 qui
911 3026 1033 3107 Rornae
1051 3034 1134 3111 sunt

127 3115 201 3178 talis
229 3115 287 3178 fiat
316 3115 481 3198 stipulatio
505 3115 612 3180 ‘hodie
637 3113 835 3201 Carthagine
858 3116 929 3180 dari
954 3114 1134 3201 spondes'?,

127 3202 257 3286 quidam
276 3206 392 3288 putant
414 3225 480 3268 non
500 3225 624 3286 semper
641 3204 742 3269 videri
755 3203 988 3288 impossibilem
1003 3226 1133 3269 causam

128 3290 332 3375 stipulationi
360 3289 530 3372 contineri,
556 3293 631 3373 quia
654 3294 759 3376 possit
781 3293 980 3378 contingere,
1006 3298 1133 3358 uttam

130 3379 302 3462 stipulator
330 3399 427 3461 quam
456 3379 633 3462 promissor
660 3385 735 3446 ante
764 3381 894 3467 aliquod
920 3385 1048 3467 tempus
1077 3405 1133 3447 suo

127 3470 262 3551 quisque
286 3467 499 3548 dispensatori
522 3472 635 3531 notum
658 3468 769 3532 feeerit
791 3470 824 3533 in
849 3492 922 3534 eum
941 3471 1026 3534 diem
1046 3470 1133 3534 futu-

127 3576 197 3618 ram
226 3554 466 3639 stipulationem
495 3577 532 3619 ae
556 3555 779 3620 demandasset
802 3559 981 3640 promissor
1004 3559 1132 3642 quidem
