<?xml version="1.0" encoding="UTF-8"?>
<!DOCTYPE html PUBLIC "-//W3C//DTD XHTML 1.0 Transitional//EN"
    "http://www.w3.org/TR/xhtml1/DTD/xhtml1-transitional.dtd">
<html xmlns="http://www.w3.org/1999/xhtml" xml:lang="en" lang="en">
 <head>
  <title>
</title>
<meta http-equiv="Content-Type" content="text/html;charset=utf-8" />
  <meta name='ocr-system' content='tesseract 3.04.00' />
  <meta name='ocr-capabilities' content='ocr_page ocr_carea ocr_par ocr_line ocrx_word'/>
</head>
<body>
  <div class='ocr_page' id='page_1' title='image "./iurisprudentiae03bremgoog_0059.png"; bbox 0 0 2570 3904; ppageno 0'>
   <div class='ocr_carea' id='block_1_1' title="bbox 373 205 1099 271">
    <p class='ocr_par' dir='ltr' id='par_1_1' title="bbox 373 205 1099 271">
     <span class='ocr_line' id='line_1_1' title="bbox 373 205 1099 271; baseline 0.015 -12"><span class='ocrx_word' id='word_1_1' title='bbox 373 212 398 260; x_wconf 83' lang='lat'>4.</span> <span class='ocrx_word' id='word_1_2' title='bbox 418 207 446 263; x_wconf 88' lang='lat' dir='ltr'>C.</span> <span class='ocrx_word' id='word_1_3' title='bbox 461 205 607 261; x_wconf 76' lang='lat' dir='ltr'>cnssffls</span> <span class='ocrx_word' id='word_1_4' title='bbox 626 205 811 261; x_wconf 85' lang='lat' dir='ltr'>LONGlNUS</span> <span class='ocrx_word' id='word_1_5' title='bbox 1057 208 1099 271; x_wconf 62' lang='grc' dir='ltr'>Ξῖ)</span> 
     </span>
    </p>
   </div>
   <div class='ocr_carea' id='block_1_2' title="bbox 374 379 818 462">
    <p class='ocr_par' dir='ltr' id='par_1_2' title="bbox 374 379 818 462">
     <span class='ocr_line' id='line_1_2' title="bbox 374 379 818 462; baseline -0.005 -18"><span class='ocrx_word' id='word_1_6' title='bbox 374 379 604 444; x_wconf 72' lang='lat' dir='ltr'>Desertorem</span> <span class='ocrx_word' id='word_1_7' title='bbox 627 379 818 462; x_wconf 66' lang='lat' dir='ltr'>obligatione.</span> 
     </span>
    </p>
   </div>
   <div class='ocr_carea' id='block_1_3' title="bbox 95 501 1107 946">
    <p class='ocr_par' dir='ltr' id='par_1_3' title="bbox 95 501 1107 946">
     <span class='ocr_line' id='line_1_3' title="bbox 179 501 1106 588; baseline 0.001 -19"><span class='ocrx_word' id='word_1_8' title='bbox 179 505 231 569; x_wconf 92' lang='grc'>14.</span> <span class='ocrx_word' id='word_1_9' title='bbox 263 503 305 568; x_wconf 92' lang='lat' dir='ltr'>D.</span> <span class='ocrx_word' id='word_1_10' title='bbox 325 501 378 587; x_wconf 83' lang='lat'>45,</span> <span class='ocrx_word' id='word_1_11' title='bbox 397 505 427 586; x_wconf 87' lang='lat'>3,</span> <span class='ocrx_word' id='word_1_12' title='bbox 446 504 498 588; x_wconf 84' lang='lat'>28,</span> <span class='ocrx_word' id='word_1_13' title='bbox 516 504 548 566; x_wconf 84' lang='grc'>4.</span> <span class='ocrx_word' id='word_1_14' title='bbox 599 501 700 568; x_wconf 87' lang='lat' dir='ltr'>Gaius</span> <span class='ocrx_word' id='word_1_15' title='bbox 727 503 813 569; x_wconf 89' lang='lat' dir='ltr'>libro</span> <span class='ocrx_word' id='word_1_16' title='bbox 840 503 939 568; x_wconf 85' lang='lat' dir='ltr'>tertio</span> <span class='ocrx_word' id='word_1_17' title='bbox 968 504 1007 568; x_wconf 91' lang='lat' dir='ltr'>de</span> <span class='ocrx_word' id='word_1_18' title='bbox 1035 527 1106 570; x_wconf 81' lang='lat' dir='ltr'>ver-</span> 
     </span>
     <span class='ocr_line' id='line_1_4' title="bbox 96 587 1106 680; baseline 0.002 -23"><span class='ocrx_word' id='word_1_19' title='bbox 96 593 210 658; x_wconf 92' lang='lat' dir='ltr'>borum</span> <span class='ocrx_word' id='word_1_20' title='bbox 231 590 489 676; x_wconf 73' lang='lat' dir='ltr'>obligationibus</span> <span class='ocrx_word' id='word_1_21' title='bbox 508 587 559 678; x_wconf 91' lang='lat' dir='ltr'>(P.</span> <span class='ocrx_word' id='word_1_22' title='bbox 574 589 663 679; x_wconf 80' lang='lat'>516).</span> <span class='ocrx_word' id='word_1_23' title='bbox 684 629 722 639; x_wconf 92' lang='lat'>—</span> <span class='ocrx_word' id='word_1_24' title='bbox 743 591 828 657; x_wconf 93' lang='lat' dir='ltr'>Illud</span> <span class='ocrx_word' id='word_1_25' title='bbox 847 593 1029 676; x_wconf 88' lang='lat' dir='ltr'>quaesitum</span> <span class='ocrx_word' id='word_1_26' title='bbox 1048 599 1106 680; x_wconf 89' lang='lat' dir='ltr'>est,</span> 
     </span>
     <span class='ocr_line' id='line_1_5' title="bbox 95 681 1106 767; baseline 0.002 -20"><span class='ocrx_word' id='word_1_27' title='bbox 95 705 135 748; x_wconf 89' lang='lat' dir='ltr'>an</span> <span class='ocrx_word' id='word_1_28' title='bbox 154 681 267 746; x_wconf 89' lang='lat' dir='ltr'>heredi</span> <span class='ocrx_word' id='word_1_29' title='bbox 286 681 396 746; x_wconf 89' lang='lat' dir='ltr'>futuro</span> <span class='ocrx_word' id='word_1_30' title='bbox 416 703 527 745; x_wconf 88' lang='lat' dir='ltr'>servus</span> <span class='ocrx_word' id='word_1_31' title='bbox 541 681 756 746; x_wconf 87' lang='lat' dir='ltr'>hereditarius</span> <span class='ocrx_word' id='word_1_32' title='bbox 771 681 922 766; x_wconf 88' lang='lat' dir='ltr'>stipulari</span> <span class='ocrx_word' id='word_1_33' title='bbox 935 683 1061 767; x_wconf 89' lang='lat' dir='ltr'>possit.</span> <span class='ocrx_word' id='word_1_34' title='bbox 1076 733 1106 750; x_wconf 90' lang='lat'>..</span> 
     </span>
     <span class='ocr_line' id='line_1_6' title="bbox 98 769 1106 855; baseline 0 -18"><span class='ocrx_word' id='word_1_35' title='bbox 98 770 227 838; x_wconf 80' lang='lat' dir='ltr'>Cassius</span> <span class='ocrx_word' id='word_1_36' title='bbox 255 769 425 855; x_wconf 87' lang='lat' dir='ltr'>respondit</span> <span class='ocrx_word' id='word_1_37' title='bbox 451 791 560 854; x_wconf 91' lang='lat' dir='ltr'>posse,</span> <span class='ocrx_word' id='word_1_38' title='bbox 588 771 664 855; x_wconf 91' lang='lat' dir='ltr'>quia</span> <span class='ocrx_word' id='word_1_39' title='bbox 691 770 746 854; x_wconf 90' lang='lat' dir='ltr'>qui</span> <span class='ocrx_word' id='word_1_40' title='bbox 772 775 884 853; x_wconf 88' lang='lat' dir='ltr'>postea</span> <span class='ocrx_word' id='word_1_41' title='bbox 911 771 1005 836; x_wconf 91' lang='lat' dir='ltr'>heres</span> <span class='ocrx_word' id='word_1_42' title='bbox 1028 773 1106 837; x_wconf 79' lang='lat' dir='ltr'>enti·</span> 
     </span>
     <span class='ocr_line' id='line_1_7' title="bbox 98 858 1107 946; baseline 0.003 -22"><span class='ocrx_word' id='word_1_43' title='bbox 98 862 181 946; x_wconf 86' lang='lat' dir='ltr'>terit,</span> <span class='ocrx_word' id='word_1_44' title='bbox 200 859 364 924; x_wconf 83' lang='lat' dir='ltr'>videretur</span> <span class='ocrx_word' id='word_1_45' title='bbox 383 881 422 922; x_wconf 85' lang='lat' dir='ltr'>ex</span> <span class='ocrx_word' id='word_1_46' title='bbox 440 860 555 923; x_wconf 90' lang='lat' dir='ltr'>mortis</span> <span class='ocrx_word' id='word_1_47' title='bbox 573 863 719 944; x_wconf 86' lang='lat' dir='ltr'>tempore</span> <span class='ocrx_word' id='word_1_48' title='bbox 738 858 888 925; x_wconf 84' lang='lat' dir='ltr'>defuncto</span> <span class='ocrx_word' id='word_1_49' title='bbox 906 861 1107 927; x_wconf 84' lang='lat' dir='ltr'>successisse.</span> 
     </span>
    </p>
   </div>
   <div class='ocr_carea' id='block_1_4' title="bbox 96 945 1108 1478">
    <p class='ocr_par' dir='ltr' id='par_1_4' title="bbox 96 945 1108 1478">
     <span class='ocr_line' id='line_1_8' title="bbox 187 945 1105 1036; baseline 0.002 -22"><span class='ocrx_word' id='word_1_50' title='bbox 187 949 238 1014; x_wconf 85' lang='lat'>15.</span> <span class='ocrx_word' id='word_1_51' title='bbox 276 948 436 1032; x_wconf 85' lang='lat' dir='ltr'>D.16,1,</span> <span class='ocrx_word' id='word_1_52' title='bbox 461 948 559 1024; x_wconf 84' lang='grc'><strong>16,1.</strong></span> <span class='ocrx_word' id='word_1_53' title='bbox 612 948 702 1012; x_wconf 88' lang='lat' dir='ltr'>Idem</span> <span class='ocrx_word' id='word_1_54' title='bbox 740 945 799 1033; x_wconf 88' lang='lat' dir='ltr'>(sc.</span> <span class='ocrx_word' id='word_1_55' title='bbox 825 947 985 1036; x_wconf 89' lang='lat' dir='ltr'>Iulianus)</span> <span class='ocrx_word' id='word_1_56' title='bbox 1021 951 1105 1016; x_wconf 91' lang='lat' dir='ltr'>libro</span> 
     </span>
     <span class='ocr_line' id='line_1_9' title="bbox 97 1033 1106 1124; baseline 0.003 -22"><span class='ocrx_word' id='word_1_57' title='bbox 97 1043 212 1123; x_wconf 80' lang='lat' dir='ltr'>quarto</span> <span class='ocrx_word' id='word_1_58' title='bbox 247 1037 287 1101; x_wconf 86' lang='lat' dir='ltr'>ad</span> <span class='ocrx_word' id='word_1_59' title='bbox 315 1034 467 1102; x_wconf 84' lang='lat' dir='ltr'>Urseium</span> <span class='ocrx_word' id='word_1_60' title='bbox 496 1036 649 1101; x_wconf 84' lang='lat' dir='ltr'>Ferocem</span> <span class='ocrx_word' id='word_1_61' title='bbox 678 1035 728 1124; x_wconf 87' lang='lat' dir='ltr'>(P.</span> <span class='ocrx_word' id='word_1_62' title='bbox 748 1033 839 1123; x_wconf 78' lang='lat'>924).</span> <span class='ocrx_word' id='word_1_63' title='bbox 869 1073 906 1084; x_wconf 93' lang='lat'><em>-</em></span> <span class='ocrx_word' id='word_1_64' title='bbox 937 1035 972 1102; x_wconf 82' lang='lat' dir='ltr'>Si</span> <span class='ocrx_word' id='word_1_65' title='bbox 1000 1040 1040 1103; x_wconf 89' lang='lat' dir='ltr'>ab</span> <span class='ocrx_word' id='word_1_66' title='bbox 1068 1062 1106 1106; x_wconf 89' lang='lat' dir='ltr'>ea</span> 
     </span>
     <span class='ocr_line' id='line_1_10' title="bbox 97 1123 1106 1215; baseline -0.001 -23"><span class='ocrx_word' id='word_1_67' title='bbox 97 1127 240 1209; x_wconf 88' lang='lat' dir='ltr'>muliera,</span> <span class='ocrx_word' id='word_1_68' title='bbox 256 1147 337 1211; x_wconf 89' lang='lat' dir='ltr'>qnae</span> <span class='ocrx_word' id='word_1_69' title='bbox 352 1131 466 1191; x_wconf 90' lang='lat' dir='ltr'>contra</span> <span class='ocrx_word' id='word_1_70' title='bbox 481 1130 610 1192; x_wconf 88' lang='lat' dir='ltr'>senatus</span> <span class='ocrx_word' id='word_1_71' title='bbox 626 1125 809 1192; x_wconf 89' lang='lat' dir='ltr'>consultum</span> <span class='ocrx_word' id='word_1_72' title='bbox 822 1123 1106 1215; x_wconf 87' lang='lat' dir='ltr'>(chelleianum)</span> 
     </span>
     <span class='ocr_line' id='line_1_11' title="bbox 97 1213 1106 1299; baseline 0 -19"><span class='ocrx_word' id='word_1_73' title='bbox 97 1215 346 1299; x_wconf 88' lang='lat' dir='ltr'>intercessisset,</span> <span class='ocrx_word' id='word_1_74' title='bbox 372 1215 594 1280; x_wconf 89' lang='lat' dir='ltr'>fideiussorem</span> <span class='ocrx_word' id='word_1_75' title='bbox 618 1215 826 1298; x_wconf 82' lang='lat' dir='ltr'>accepissem,</span> <span class='ocrx_word' id='word_1_76' title='bbox 852 1213 951 1279; x_wconf 85' lang='lat' dir='ltr'>Gaius</span> <span class='ocrx_word' id='word_1_77' title='bbox 975 1214 1106 1281; x_wconf 79' lang='lat' dir='ltr'>Cassius</span> 
     </span>
     <span class='ocr_line' id='line_1_12' title="bbox 97 1302 1108 1390; baseline 0.002 -24"><span class='ocrx_word' id='word_1_78' title='bbox 97 1303 265 1390; x_wconf 87' lang='lat' dir='ltr'>respondit</span> <span class='ocrx_word' id='word_1_79' title='bbox 287 1303 335 1369; x_wconf 88' lang='lat' dir='ltr'>ita</span> <span class='ocrx_word' id='word_1_80' title='bbox 358 1303 485 1368; x_wconf 90' lang='lat' dir='ltr'>demum</span> <span class='ocrx_word' id='word_1_81' title='bbox 508 1302 689 1368; x_wconf 88' lang='lat' dir='ltr'>fideiussori</span> <span class='ocrx_word' id='word_1_82' title='bbox 714 1304 937 1388; x_wconf 72' lang='lat' dir='ltr'>exceptionem</span> <span class='ocrx_word' id='word_1_83' title='bbox 959 1303 1108 1389; x_wconf 87' lang='lat' dir='ltr'>dandam,</span> 
     </span>
     <span class='ocr_line' id='line_1_13' title="bbox 96 1391 734 1478; baseline 0 -20"><span class='ocrx_word' id='word_1_84' title='bbox 96 1394 121 1458; x_wconf 85' lang='lat' dir='ltr'>si</span> <span class='ocrx_word' id='word_1_85' title='bbox 141 1417 161 1458; x_wconf 90' lang='lat' dir='ltr'>a</span> <span class='ocrx_word' id='word_1_86' title='bbox 183 1393 319 1458; x_wconf 90' lang='lat' dir='ltr'>muliere</span> <span class='ocrx_word' id='word_1_87' title='bbox 342 1396 476 1478; x_wconf 87' lang='lat' dir='ltr'>rogatus</span> <span class='ocrx_word' id='word_1_88' title='bbox 498 1391 734 1458; x_wconf 60' lang='lat' dir='ltr'>fideiussisseffl.</span> 
     </span>
    </p>
   </div>
   <div class='ocr_carea' id='block_1_5' title="bbox 321 1569 878 1652">
    <p class='ocr_par' dir='ltr' id='par_1_5' title="bbox 321 1569 878 1652">
     <span class='ocr_line' id='line_1_14' title="bbox 321 1569 878 1652; baseline 0 -17"><span class='ocrx_word' id='word_1_89' title='bbox 321 1569 371 1635; x_wconf 89' lang='lat' dir='ltr'>De</span> <span class='ocrx_word' id='word_1_90' title='bbox 392 1571 581 1652; x_wconf 78' lang='lat' dir='ltr'>adquirendo</span> <span class='ocrx_word' id='word_1_91' title='bbox 604 1591 709 1636; x_wconf 80' lang='lat' dir='ltr'>rerum</span> <span class='ocrx_word' id='word_1_92' title='bbox 732 1571 878 1640; x_wconf 79' lang='lat' dir='ltr'>dominio.</span> 
     </span>
    </p>
   </div>
   <div class='ocr_carea' id='block_1_6' title="bbox 90 1692 1108 2847">
    <p class='ocr_par' dir='ltr' id='par_1_6' title="bbox 90 1692 1108 2847">
     <span class='ocr_line' id='line_1_15' title="bbox 180 1692 1104 1782; baseline -0.001 -20"><span class='ocrx_word' id='word_1_93' title='bbox 180 1697 232 1762; x_wconf 83' lang='lat'>16.</span> <span class='ocrx_word' id='word_1_94' title='bbox 255 1694 377 1781; x_wconf 86' lang='lat' dir='ltr'>Hygin.</span> <span class='ocrx_word' id='word_1_95' title='bbox 392 1695 430 1758; x_wconf 91' lang='lat' dir='ltr'>de</span> <span class='ocrx_word' id='word_1_96' title='bbox 446 1716 518 1779; x_wconf 90' lang='lat' dir='ltr'>gen.</span> <span class='ocrx_word' id='word_1_97' title='bbox 533 1697 678 1761; x_wconf 82' lang='lat' dir='ltr'>controv.</span> <span class='ocrx_word' id='word_1_98' title='bbox 691 1718 721 1779; x_wconf 92' lang='lat' dir='ltr'>p.</span> <span class='ocrx_word' id='word_1_99' title='bbox 738 1696 803 1761; x_wconf 84' lang='lat'>124</span> <span class='ocrx_word' id='word_1_100' title='bbox 817 1693 881 1782; x_wconf 91' lang='lat' dir='ltr'>(ed.</span> <span class='ocrx_word' id='word_1_101' title='bbox 895 1692 1047 1781; x_wconf 81' lang='lat' dir='ltr'>Lachm).</span> <span class='ocrx_word' id='word_1_102' title='bbox 1066 1731 1104 1741; x_wconf 90' lang='lat'><em>-</em></span> 
     </span>
     <span class='ocr_line' id='line_1_16' title="bbox 97 1783 1106 1869; baseline -0.002 -19"><span class='ocrx_word' id='word_1_103' title='bbox 97 1783 184 1850; x_wconf 88' lang='lat' dir='ltr'>Circa</span> <span class='ocrx_word' id='word_1_104' title='bbox 205 1784 332 1848; x_wconf 90' lang='lat' dir='ltr'>Padum</span> <span class='ocrx_word' id='word_1_105' title='bbox 347 1833 354 1848; x_wconf 91' lang='lat'><strong>.</strong></span> <span class='ocrx_word' id='word_1_106' title='bbox 370 1833 376 1848; x_wconf 94' lang='lat'><strong>.</strong></span> <span class='ocrx_word' id='word_1_107' title='bbox 391 1805 464 1848; x_wconf 87' lang='lat' dir='ltr'>eum</span> <span class='ocrx_word' id='word_1_108' title='bbox 488 1788 647 1869; x_wconf 88' lang='lat' dir='ltr'>ageretur,</span> <span class='ocrx_word' id='word_1_109' title='bbox 670 1785 754 1867; x_wconf 90' lang='lat' dir='ltr'>quod</span> <span class='ocrx_word' id='word_1_110' title='bbox 777 1785 898 1850; x_wconf 89' lang='lat' dir='ltr'>flumen</span> <span class='ocrx_word' id='word_1_111' title='bbox 921 1789 1048 1849; x_wconf 89' lang='lat' dir='ltr'>torrens</span> <span class='ocrx_word' id='word_1_112' title='bbox 1073 1790 1106 1848; x_wconf 90' lang='lat' dir='ltr'>et</span> 
     </span>
     <span class='ocr_line' id='line_1_17' title="bbox 96 1873 1107 1958; baseline -0.001 -20"><span class='ocrx_word' id='word_1_113' title='bbox 96 1874 266 1958; x_wconf 86' lang='lat' dir='ltr'>aliquando</span> <span class='ocrx_word' id='word_1_114' title='bbox 294 1876 363 1946; x_wconf 85' lang='lat' dir='ltr'>tam</span> <span class='ocrx_word' id='word_1_115' title='bbox 392 1873 571 1938; x_wconf 85' lang='lat' dir='ltr'>violentum</span> <span class='ocrx_word' id='word_1_116' title='bbox 600 1873 754 1958; x_wconf 88' lang='lat' dir='ltr'>decurrit,</span> <span class='ocrx_word' id='word_1_117' title='bbox 781 1879 818 1938; x_wconf 92' lang='lat' dir='ltr'>ut</span> <span class='ocrx_word' id='word_1_118' title='bbox 845 1874 973 1939; x_wconf 84' lang='lat' dir='ltr'>alveum</span> <span class='ocrx_word' id='word_1_119' title='bbox 1002 1877 1107 1938; x_wconf 90' lang='lat' dir='ltr'>mutet</span> 
     </span>
     <span class='ocr_line' id='line_1_18' title="bbox 95 1961 1105 2047; baseline 0.001 -21"><span class='ocrx_word' id='word_1_120' title='bbox 95 1967 125 2028; x_wconf 87' lang='lat' dir='ltr'>et</span> <span class='ocrx_word' id='word_1_121' title='bbox 155 1963 335 2027; x_wconf 89' lang='lat' dir='ltr'>multorum</span> <span class='ocrx_word' id='word_1_122' title='bbox 363 1961 429 2026; x_wconf 87' lang='lat' dir='ltr'>late</span> <span class='ocrx_word' id='word_1_123' title='bbox 457 1981 554 2045; x_wconf 89' lang='lat' dir='ltr'>agros</span> <span class='ocrx_word' id='word_1_124' title='bbox 581 1965 673 2026; x_wconf 90' lang='lat' dir='ltr'>trans</span> <span class='ocrx_word' id='word_1_125' title='bbox 700 1961 820 2047; x_wconf 86' lang='lat' dir='ltr'>ripam,</span> <span class='ocrx_word' id='word_1_126' title='bbox 854 1967 890 2028; x_wconf 91' lang='lat' dir='ltr'>ut</span> <span class='ocrx_word' id='word_1_127' title='bbox 916 1964 964 2027; x_wconf 89' lang='lat' dir='ltr'>ita</span> <span class='ocrx_word' id='word_1_128' title='bbox 992 1962 1105 2045; x_wconf 91' lang='lat' dir='ltr'>dicam,</span> 
     </span>
     <span class='ocr_line' id='line_1_19' title="bbox 94 2049 1106 2134; baseline -0.001 -18"><span class='ocrx_word' id='word_1_129' title='bbox 94 2051 281 2129; x_wconf 83' lang='lat' dir='ltr'>transferat,</span> <span class='ocrx_word' id='word_1_130' title='bbox 310 2072 407 2134; x_wconf 85' lang='lat' dir='ltr'>saepe</span> <span class='ocrx_word' id='word_1_131' title='bbox 432 2051 531 2115; x_wconf 88' lang='lat' dir='ltr'>etiam</span> <span class='ocrx_word' id='word_1_132' title='bbox 554 2049 679 2116; x_wconf 86' lang='lat' dir='ltr'>insulas</span> <span class='ocrx_word' id='word_1_133' title='bbox 703 2052 837 2134; x_wconf 83' lang='lat' dir='ltr'>efficiat,</span> <span class='ocrx_word' id='word_1_134' title='bbox 865 2050 996 2117; x_wconf 84' lang='lat' dir='ltr'>Cassius</span> <span class='ocrx_word' id='word_1_135' title='bbox 1020 2051 1106 2116; x_wconf 88' lang='lat' dir='ltr'>Lon-</span> 
     </span>
     <span class='ocr_line' id='line_1_20' title="bbox 95 2139 1105 2225; baseline 0.001 -21"><span class='ocrx_word' id='word_1_136' title='bbox 95 2141 186 2225; x_wconf 90' lang='lat' dir='ltr'>ginus</span> <span class='ocrx_word' id='word_1_137' title='bbox 281 2139 343 2204; x_wconf 92' lang='lat' dir='ltr'>hoc</span> <span class='ocrx_word' id='word_1_138' title='bbox 371 2140 501 2223; x_wconf 83' lang='lat' dir='ltr'>statuit,</span> <span class='ocrx_word' id='word_1_139' title='bbox 529 2144 566 2204; x_wconf 91' lang='lat' dir='ltr'>ut</span> <span class='ocrx_word' id='word_1_140' title='bbox 593 2139 748 2225; x_wconf 90' lang='lat' dir='ltr'>quidquid</span> <span class='ocrx_word' id='word_1_141' title='bbox 775 2163 860 2225; x_wconf 88' lang='lat' dir='ltr'>aqua</span> <span class='ocrx_word' id='word_1_142' title='bbox 887 2141 1105 2205; x_wconf 90' lang='lat' dir='ltr'>lambiscendo</span> 
     </span>
     <span class='ocr_line' id='line_1_21' title="bbox 94 2227 1106 2314; baseline 0.001 -21"><span class='ocrx_word' id='word_1_143' title='bbox 94 2230 274 2313; x_wconf 85' lang='lat' dir='ltr'>abstulerit,</span> <span class='ocrx_word' id='word_1_144' title='bbox 291 2227 324 2292; x_wconf 92' lang='lat' dir='ltr'>id</span> <span class='ocrx_word' id='word_1_145' title='bbox 343 2249 513 2312; x_wconf 86' lang='lat' dir='ltr'>possessor</span> <span class='ocrx_word' id='word_1_146' title='bbox 531 2229 672 2313; x_wconf 86' lang='lat' dir='ltr'>amittat,</span> <span class='ocrx_word' id='word_1_147' title='bbox 690 2230 844 2314; x_wconf 90' lang='lat' dir='ltr'>quoniam</span> <span class='ocrx_word' id='word_1_148' title='bbox 863 2230 987 2295; x_wconf 87' lang='lat' dir='ltr'>scilieet</span> <span class='ocrx_word' id='word_1_149' title='bbox 1000 2230 1106 2312; x_wconf 89' lang='lat' dir='ltr'>ripam</span> 
     </span>
     <span class='ocr_line' id='line_1_22' title="bbox 93 2318 1106 2405; baseline 0 -23"><span class='ocrx_word' id='word_1_150' title='bbox 93 2339 181 2382; x_wconf 90' lang='lat' dir='ltr'>snam</span> <span class='ocrx_word' id='word_1_151' title='bbox 206 2319 277 2382; x_wconf 90' lang='lat' dir='ltr'>sine</span> <span class='ocrx_word' id='word_1_152' title='bbox 301 2319 433 2382; x_wconf 89' lang='lat' dir='ltr'>alterius</span> <span class='ocrx_word' id='word_1_153' title='bbox 459 2318 577 2383; x_wconf 92' lang='lat' dir='ltr'>damno</span> <span class='ocrx_word' id='word_1_154' title='bbox 602 2320 686 2383; x_wconf 87' lang='lat' dir='ltr'>tueri</span> <span class='ocrx_word' id='word_1_155' title='bbox 710 2319 818 2405; x_wconf 83' lang='lat' dir='ltr'>debet3</span> <span class='ocrx_word' id='word_1_156' title='bbox 841 2321 965 2384; x_wconf 84' lang='lat' dir='ltr'>sivero</span> <span class='ocrx_word' id='word_1_157' title='bbox 985 2318 1106 2383; x_wconf 85' lang='lat' dir='ltr'>maiore</span> 
     </span>
     <span class='ocr_line' id='line_1_23' title="bbox 91 2406 1106 2493; baseline 0.001 -23"><span class='ocrx_word' id='word_1_158' title='bbox 91 2407 121 2470; x_wconf 82' lang='lat' dir='ltr'>ri</span> <span class='ocrx_word' id='word_1_159' title='bbox 148 2407 323 2472; x_wconf 88' lang='lat' dir='ltr'>decurrens</span> <span class='ocrx_word' id='word_1_160' title='bbox 348 2407 474 2471; x_wconf 87' lang='lat' dir='ltr'>alveum</span> <span class='ocrx_word' id='word_1_161' title='bbox 497 2412 670 2492; x_wconf 83' lang='lat' dir='ltr'>mutasset,</span> <span class='ocrx_word' id='word_1_162' title='bbox 697 2429 791 2473; x_wconf 81' lang='lat' dir='ltr'>suum</span> <span class='ocrx_word' id='word_1_163' title='bbox 815 2409 950 2493; x_wconf 89' lang='lat' dir='ltr'>quisque</span> <span class='ocrx_word' id='word_1_164' title='bbox 974 2406 1106 2471; x_wconf 90' lang='lat' dir='ltr'>modum</span> 
     </span>
     <span class='ocr_line' id='line_1_24' title="bbox 92 2496 1106 2582; baseline 0.001 -23"><span class='ocrx_word' id='word_1_165' title='bbox 92 2499 297 2581; x_wconf 87' lang='lat' dir='ltr'>agnosceret,</span> <span class='ocrx_word' id='word_1_166' title='bbox 325 2496 479 2580; x_wconf 89' lang='lat' dir='ltr'>quoniam</span> <span class='ocrx_word' id='word_1_167' title='bbox 507 2518 573 2561; x_wconf 94' lang='lat' dir='ltr'>non</span> <span class='ocrx_word' id='word_1_168' title='bbox 596 2500 795 2580; x_wconf 87' lang='lat' dir='ltr'>possessoris</span> <span class='ocrx_word' id='word_1_169' title='bbox 818 2496 1027 2582; x_wconf 81' lang='lat' dir='ltr'>neglegentia</span> <span class='ocrx_word' id='word_1_170' title='bbox 1051 2496 1106 2560; x_wconf 91' lang='lat' dir='ltr'>sed</span> 
     </span>
     <span class='ocr_line' id='line_1_25' title="bbox 90 2584 1107 2671; baseline -0.001 -23"><span class='ocrx_word' id='word_1_171' title='bbox 90 2584 294 2670; x_wconf 83' lang='lat' dir='ltr'>tempestatis</span> <span class='ocrx_word' id='word_1_172' title='bbox 327 2584 485 2649; x_wconf 84' lang='lat' dir='ltr'>violentia</span> <span class='ocrx_word' id='word_1_173' title='bbox 517 2586 688 2671; x_wconf 88' lang='lat' dir='ltr'>abreptum</span> <span class='ocrx_word' id='word_1_174' title='bbox 717 2590 866 2670; x_wconf 67' lang='lat' dir='ltr'>apparet,</span> <span class='ocrx_word' id='word_1_175' title='bbox 899 2586 927 2648; x_wconf 90' lang='lat' dir='ltr'>si</span> <span class='ocrx_word' id='word_1_176' title='bbox 954 2605 1030 2648; x_wconf 88' lang='lat' dir='ltr'>vero</span> <span class='ocrx_word' id='word_1_177' title='bbox 1059 2584 1107 2647; x_wconf 94' lang='lat' dir='ltr'>in-</span> 
     </span>
     <span class='ocr_line' id='line_1_26' title="bbox 91 2671 1108 2758; baseline -0.003 -20"><span class='ocrx_word' id='word_1_178' title='bbox 91 2675 196 2738; x_wconf 86' lang='lat' dir='ltr'>sulam</span> <span class='ocrx_word' id='word_1_179' title='bbox 220 2672 361 2754; x_wconf 87' lang='lat' dir='ltr'>fecisset,</span> <span class='ocrx_word' id='word_1_180' title='bbox 384 2695 403 2738; x_wconf 89' lang='lat' dir='ltr'>a</span> <span class='ocrx_word' id='word_1_181' title='bbox 427 2675 516 2740; x_wconf 87' lang='lat' dir='ltr'>ouius</span> <span class='ocrx_word' id='word_1_182' title='bbox 541 2695 621 2758; x_wconf 88' lang='lat' dir='ltr'>agro</span> <span class='ocrx_word' id='word_1_183' title='bbox 644 2673 784 2757; x_wconf 87' lang='lat' dir='ltr'>fecisset,</span> <span class='ocrx_word' id='word_1_184' title='bbox 806 2673 834 2736; x_wconf 90' lang='lat' dir='ltr'>is</span> <span class='ocrx_word' id='word_1_185' title='bbox 853 2671 1050 2757; x_wconf 69' lang='lat' dir='ltr'>possideret,</span> <span class='ocrx_word' id='word_1_186' title='bbox 1073 2675 1108 2736; x_wconf 91' lang='lat' dir='ltr'>at</span> 
     </span>
     <span class='ocr_line' id='line_1_27' title="bbox 92 2761 846 2847; baseline -0.001 -22"><span class='ocrx_word' id='word_1_187' title='bbox 92 2762 118 2826; x_wconf 90' lang='lat' dir='ltr'>si</span> <span class='ocrx_word' id='word_1_188' title='bbox 138 2784 177 2826; x_wconf 87' lang='lat' dir='ltr'>ex</span> <span class='ocrx_word' id='word_1_189' title='bbox 201 2763 380 2845; x_wconf 84' lang='lat' dir='ltr'>communi,</span> <span class='ocrx_word' id='word_1_190' title='bbox 404 2762 539 2847; x_wconf 90' lang='lat' dir='ltr'>quisque</span> <span class='ocrx_word' id='word_1_191' title='bbox 563 2784 657 2826; x_wconf 87' lang='lat' dir='ltr'>suum</span> <span class='ocrx_word' id='word_1_192' title='bbox 680 2761 846 2847; x_wconf 89' lang='lat' dir='ltr'>reciperet.</span> 
     </span>
    </p>
   </div>
   <div class='ocr_carea' id='block_1_7' title="bbox 90 2880 1107 3492">
    <p class='ocr_par' dir='ltr' id='par_1_7' title="bbox 90 2880 1107 3492">
     <span class='ocr_line' id='line_1_28' title="bbox 176 2880 1105 2957; baseline 0.002 -17"><span class='ocrx_word' id='word_1_193' title='bbox 176 2881 214 2940; x_wconf 83' lang='lat' dir='ltr'>of.</span> <span class='ocrx_word' id='word_1_194' title='bbox 247 2881 385 2940; x_wconf 84' lang='lat' dir='ltr'>Frontini</span> <span class='ocrx_word' id='word_1_195' title='bbox 417 2881 468 2942; x_wconf 89' lang='lat' dir='ltr'>lib.</span> <span class='ocrx_word' id='word_1_196' title='bbox 498 2883 515 2941; x_wconf 92' lang='lat' dir='ltr'>I</span> <span class='ocrx_word' id='word_1_197' title='bbox 551 2902 620 2943; x_wconf 89' lang='lat' dir='ltr'>curn</span> <span class='ocrx_word' id='word_1_198' title='bbox 656 2884 824 2942; x_wconf 88' lang='lat' dir='ltr'>commento</span> <span class='ocrx_word' id='word_1_199' title='bbox 857 2901 885 2957; x_wconf 86' lang='lat' dir='ltr'>p.</span> <span class='ocrx_word' id='word_1_200' title='bbox 913 2881 953 2939; x_wconf 88' lang='grc'>16</span> <span class='ocrx_word' id='word_1_201' title='bbox 991 2880 1024 2939; x_wconf 91' lang='lat' dir='ltr'>in</span> <span class='ocrx_word' id='word_1_202' title='bbox 1050 2899 1105 2942; x_wconf 88' lang='lat' dir='ltr'>.n.:</span> 
     </span>
     <span class='ocr_line' id='line_1_29' title="bbox 90 2963 1106 3048; baseline 0.002 -20"><span class='ocrx_word' id='word_1_203' title='bbox 90 2964 112 3028; x_wconf 64' lang='lat'>³.</span> <span class='ocrx_word' id='word_1_204' title='bbox 126 3017 133 3030; x_wconf 88' lang='lat'><strong>.</strong></span> <span class='ocrx_word' id='word_1_205' title='bbox 148 3014 156 3030; x_wconf 93' lang='lat'><strong>.</strong></span> <span class='ocrx_word' id='word_1_206' title='bbox 174 2970 347 3030; x_wconf 88' lang='lat' dir='ltr'>lambiendo</span> <span class='ocrx_word' id='word_1_207' title='bbox 366 3015 432 3048; x_wconf 84' lang='lat'>...,</span> <span class='ocrx_word' id='word_1_208' title='bbox 460 2971 532 3048; x_wconf 87' lang='lat' dir='ltr'>qnia</span> <span class='ocrx_word' id='word_1_209' title='bbox 558 2990 617 3031; x_wconf 91' lang='lat' dir='ltr'>non</span> <span class='ocrx_word' id='word_1_210' title='bbox 637 3016 665 3031; x_wconf 87' lang='lat'>..</span> <span class='ocrx_word' id='word_1_211' title='bbox 682 2963 704 3030; x_wconf 90' lang='lat'>.&#39;</span> <span class='ocrx_word' id='word_1_212' title='bbox 733 2974 765 3030; x_wconf 87' lang='lat' dir='ltr'>et</span> <span class='ocrx_word' id='word_1_213' title='bbox 792 2990 827 3030; x_wconf 89' lang='lat' dir='ltr'>ex</span> <span class='ocrx_word' id='word_1_214' title='bbox 851 2970 1106 3030; x_wconf 88' lang='lat' dir='ltr'>demonstratione</span> 
     </span>
     <span class='ocr_line' id='line_1_30' title="bbox 91 3054 1106 3137; baseline 0.001 -20"><span class='ocrx_word' id='word_1_215' title='bbox 91 3059 163 3118; x_wconf 87' lang='lat' dir='ltr'>artis</span> <span class='ocrx_word' id='word_1_216' title='bbox 187 3059 390 3135; x_wconf 86' lang='lat' dir='ltr'>geometricae</span> <span class='ocrx_word' id='word_1_217' title='bbox 413 3063 555 3136; x_wconf 88' lang='lat' dir='ltr'>excerpta</span> <span class='ocrx_word' id='word_1_218' title='bbox 576 3061 648 3120; x_wconf 85' lang='lat' dir='ltr'>ibid.</span> <span class='ocrx_word' id='word_1_219' title='bbox 672 3081 700 3137; x_wconf 86' lang='lat' dir='ltr'>p.</span> <span class='ocrx_word' id='word_1_220' title='bbox 716 3062 793 3121; x_wconf 83' lang='lat'>399:</span> <span class='ocrx_word' id='word_1_221' title='bbox 824 3054 847 3120; x_wconf 65' lang='lat'>³.</span> <span class='ocrx_word' id='word_1_222' title='bbox 862 3107 868 3118; x_wconf 90' lang='lat'><em>.</em></span> <span class='ocrx_word' id='word_1_223' title='bbox 885 3057 1005 3118; x_wconf 88' lang='lat' dir='ltr'>Cassius</span> <span class='ocrx_word' id='word_1_224' title='bbox 1028 3059 1106 3120; x_wconf 86' lang='lat' dir='ltr'>Lon-</span> 
     </span>
     <span class='ocr_line' id='line_1_31' title="bbox 91 3147 1106 3228; baseline 0.001 -22"><span class='ocrx_word' id='word_1_225' title='bbox 91 3147 176 3223; x_wconf 81' lang='lat' dir='ltr'>ginus</span> <span class='ocrx_word' id='word_1_226' title='bbox 267 3149 324 3208; x_wconf 91' lang='lat' dir='ltr'>hoc</span> <span class='ocrx_word' id='word_1_227' title='bbox 352 3149 474 3227; x_wconf 84' lang='lat' dir='ltr'>statuit,</span> <span class='ocrx_word' id='word_1_228' title='bbox 506 3152 542 3208; x_wconf 89' lang='lat' dir='ltr'>ut</span> <span class='ocrx_word' id='word_1_229' title='bbox 568 3149 711 3228; x_wconf 87' lang='lat' dir='ltr'>quiequid</span> <span class='ocrx_word' id='word_1_230' title='bbox 738 3168 817 3226; x_wconf 87' lang='lat' dir='ltr'>aqua</span> <span class='ocrx_word' id='word_1_231' title='bbox 839 3148 1010 3208; x_wconf 87' lang='lat' dir='ltr'>lambiendo</span> <span class='ocrx_word' id='word_1_232' title='bbox 1038 3149 1106 3208; x_wconf 88' lang='lat' dir='ltr'>abs·</span> 
     </span>
     <span class='ocr_line' id='line_1_32' title="bbox 91 3236 1107 3316; baseline 0.001 -22"><span class='ocrx_word' id='word_1_233' title='bbox 91 3236 206 3316; x_wconf 84' lang='lat' dir='ltr'>tulerit,</span> <span class='ocrx_word' id='word_1_234' title='bbox 234 3254 389 3313; x_wconf 87' lang='lat' dir='ltr'>possessor</span> <span class='ocrx_word' id='word_1_235' title='bbox 416 3239 557 3312; x_wconf 58' lang='lat' dir='ltr'>amittatf</span> <span class='ocrx_word' id='word_1_236' title='bbox 580 3239 722 3316; x_wconf 90' lang='lat' dir='ltr'>quoniam</span> <span class='ocrx_word' id='word_1_237' title='bbox 751 3238 865 3298; x_wconf 88' lang='lat' dir='ltr'>scilieet</span> <span class='ocrx_word' id='word_1_238' title='bbox 896 3237 993 3313; x_wconf 87' lang='lat' dir='ltr'>ripam</span> <span class='ocrx_word' id='word_1_239' title='bbox 1022 3255 1107 3296; x_wconf 89' lang='lat' dir='ltr'>suam</span> 
     </span>
     <span class='ocr_line' id='line_1_33' title="bbox 93 3323 1106 3387; baseline 0 -5"><span class='ocrx_word' id='word_1_240' title='bbox 93 3323 153 3383; x_wconf 89' lang='lat' dir='ltr'>aine</span> <span class='ocrx_word' id='word_1_241' title='bbox 182 3325 308 3384; x_wconf 85' lang='lat' dir='ltr'>alterius</span> <span class='ocrx_word' id='word_1_242' title='bbox 337 3326 445 3387; x_wconf 86' lang='lat' dir='ltr'>damno</span> <span class='ocrx_word' id='word_1_243' title='bbox 473 3327 554 3386; x_wconf 86' lang='lat' dir='ltr'>tueri</span> <span class='ocrx_word' id='word_1_244' title='bbox 581 3328 678 3387; x_wconf 89' lang='lat' dir='ltr'>debet.</span> <span class='ocrx_word' id='word_1_245' title='bbox 711 3327 830 3387; x_wconf 83' lang='lat' dir='ltr'>sivero</span> <span class='ocrx_word' id='word_1_246' title='bbox 858 3325 955 3384; x_wconf 88' lang='lat' dir='ltr'>maior</span> <span class='ocrx_word' id='word_1_247' title='bbox 982 3325 1028 3386; x_wconf 89' lang='lat' dir='ltr'>vis</span> <span class='ocrx_word' id='word_1_248' title='bbox 1056 3325 1106 3382; x_wconf 90' lang='lat' dir='ltr'>de·</span> 
     </span>
     <span class='ocr_line' id='line_1_34' title="bbox 94 3413 1107 3492; baseline 0 -23"><span class='ocrx_word' id='word_1_249' title='bbox 94 3414 231 3492; x_wconf 89' lang='lat' dir='ltr'>currerit,</span> <span class='ocrx_word' id='word_1_250' title='bbox 259 3417 290 3473; x_wconf 88' lang='lat' dir='ltr'>et</span> <span class='ocrx_word' id='word_1_251' title='bbox 312 3415 344 3476; x_wconf 91' lang='lat' dir='ltr'>in</span> <span class='ocrx_word' id='word_1_252' title='bbox 366 3415 440 3476; x_wconf 89' lang='lat' dir='ltr'>fines</span> <span class='ocrx_word' id='word_1_253' title='bbox 464 3415 591 3476; x_wconf 88' lang='lat' dir='ltr'>alterius</span> <span class='ocrx_word' id='word_1_254' title='bbox 613 3417 734 3477; x_wconf 83' lang='lat' dir='ltr'>alveum</span> <span class='ocrx_word' id='word_1_255' title='bbox 758 3418 858 3474; x_wconf 88' lang='lat' dir='ltr'>mutat</span> <span class='ocrx_word' id='word_1_256' title='bbox 881 3433 978 3490; x_wconf 90' lang='lat' dir='ltr'>suum,</span> <span class='ocrx_word' id='word_1_257' title='bbox 1001 3416 1033 3472; x_wconf 91' lang='lat' dir='ltr'>et</span> <span class='ocrx_word' id='word_1_258' title='bbox 1053 3413 1107 3470; x_wconf 85' lang='lat' dir='ltr'>fiat</span> 
     </span>
    </p>
   </div>
   <div class='ocr_carea' id='block_1_8' title="bbox 162 3583 506 3656">
    <p class='ocr_par' dir='ltr' id='par_1_8' title="bbox 162 3583 506 3656">
     <span class='ocr_line' id='line_1_35' title="bbox 162 3583 506 3656; baseline 0.009 -21"><span class='ocrx_word' id='word_1_259' title='bbox 162 3589 176 3635; x_wconf 95' lang='lat'>1</span> <span class='ocrx_word' id='word_1_260' title='bbox 201 3583 248 3639; x_wconf 76' lang='lat' dir='ltr'>Fr.</span> <span class='ocrx_word' id='word_1_261' title='bbox 267 3587 381 3656; x_wconf 83' lang='lat' dir='ltr'>rogatus</span> <span class='ocrx_word' id='word_1_262' title='bbox 398 3584 506 3639; x_wconf 80' lang='lat' dir='ltr'>fuisset.</span> 
     </span>
    </p>
   </div>
   <div class='ocr_carea' id='block_1_9' title="bbox 0 0 1290 3904">
    <p class='ocr_par' dir='ltr' id='par_1_9' title="bbox 0 0 1290 3904">
     <span class='ocr_line' id='line_1_36' title="bbox 0 0 1290 3904; baseline 0 1"><span class='ocrx_word' id='word_1_263' title='bbox 0 0 1290 3904; x_wconf 95' lang='lat' dir='ltr'> </span> 
     </span>
    </p>
   </div>
  </div>
 </body>
</html>
