2590 3902
382 245 409 294 4.
431 241 462 295 n.
482 239 666 296 summus
684 240 832 297 rmscus
903 313 910 328 ,
1046 241 1111 308 339

313 397 357 456 Dc
374 399 467 456 herede
484 401 561 456 iutra
579 405 683 470 ternpus
697 406 787 471 petere
804 403 893 484 uetito.

188 491 219 558 5.
248 490 288 559 D.
303 493 355 573 34,
369 493 400 576 3,
415 492 444 576 8,
458 493 488 558 2.
533 491 730 577 Pomponius
757 493 842 559 libro
870 497 961 560 sexto
986 494 1026 560 ad
1051 493 1107 561 Sa·

99 580 214 646 binum
235 578 283 667 (P.
303 579 394 667 509).
419 617 457 628 -
482 579 567 646 Illud
590 581 761 646 videndum
785 586 847 667 est,
871 605 913 648 an
935 583 1003 650 eius
1026 588 1108 650 tem·

97 671 200 754 poris,
229 670 317 734 intra
340 669 424 755 quod
447 673 556 755 petere
577 671 670 735 heres
692 670 812 736 vetitus
836 672 891 755 rit,
919 674 969 738 vel
992 695 1107 739 usuras

97 760 149 824 vel
167 780 289 843 poenas
307 763 416 842 petere
434 759 547 842 possit.
584 765 616 824 et
630 759 760 826 Priscus
774 758 927 826 Neratius
947 762 1108 828 existima·

98 849 156 913 bat
174 848 375 914 committere
395 869 467 911 eum
486 847 639 913 adversus
657 852 897 933 testamentum,
916 849 944 915 si
962 851 1106 934 petisset.

186 941 370 1018 Pomponius
393 941 490 1002 addit:
514 936 605 1020 ‘quod
628 962 732 1002 verum
755 938 821 1003 est'.

431 1119 478 1180 De
499 1121 653 1194 usufructu
675 1123 774 1196 lecolo.

405 1235 450 1290 De
468 1236 522 1292 luci
538 1237 686 1304 usufructu
704 1238 799 1308 legato.

185 1326 231 1391 6⁸.
253 1324 293 1390 D.
309 1327 338 1410 8,
352 1324 383 1405 5,
399 1327 432 1412 2,
445 1327 475 1390 2.
502 1323 592 1392 Idem
606 1327 663 1413 (sc.
677 1324 854 1413 Ulpianus)
866 1327 951 1394 libro
966 1330 1105 1413 septimo

98 1415 224 1480 decimo
247 1413 288 1479 ad
312 1414 452 1480 edictum
472 1413 522 1502 (P
536 1413 626 1502 594).
650 1452 692 1462 -
716 1415 913 1481 ..Neratius
933 1419 1055 1502 scribit,
1078 1419 1105 1483 si

98 1503 196 1569 medii
219 1502 282 1568 loci
302 1523 379 1568 usus
398 1503 524 1570 fruetus
543 1505 676 1590 legetur,
698 1505 761 1570 iter
781 1526 906 1590 quoque
925 1507 1025 1591 sequi,
1047 1529 1105 1591 per

95 1615 134 1658 ea
158 1592 283 1658 scilicet
304 1593 376 1658 loca
398 1593 498 1675 fundi,
520 1615 578 1676 per
604 1615 686 1677 quae
705 1594 759 1678 qui
777 1594 1030 1660 usumfructum
1048 1595 1105 1679 <in
1176 1661 1181 1670 ,

95 1683 187 1766 iure>
214 1681 312 1746 cessit
339 1683 565 1764 constitueret,
593 1687 751 1767 quatenus
778 1686 828 1747 est
861 1682 901 1748 ad
933 1683 1105 1749 fruendum

94 1771 321 1837 necessarium.
1162 1783 1164 1794 ⁴

185 1858 231 1925 6¹³.
254 1858 329 1924 Vat.
348 1858 400 1924 54.
425 1895 467 1906 -
491 1858 582 1924 Sicut
603 1861 713 1946 legato
737 1882 797 1925 usu
820 1861 926 1926 fructu
949 1861 1013 1927 loci
1036 1863 1104 1928 sine

97 1949 252 2015 servitute
279 1949 341 2013 iter
369 1969 496 2032 quoque
518 1971 577 2035 per
598 1949 669 2014 loca
691 1950 858 2014 testatoris
882 1950 1027 2034 debetur,
1056 1952 1104 2016 ita

95 2040 128 2102 in
155 2039 225 2102 iure
254 2059 344 2102 cesso
372 2036 436 2102 iter
464 2059 590 2123 quoque
619 2039 776 2103 contineri
798 2037 951 2104 Neratius
979 2041 1102 2106 scribit.

246 2193 292 2248 De
309 2195 405 2252 domur
421 2194 569 2262 usufructu
586 2195 734 2252 tabitaudi
752 2211 836 2252 cauea
853 2195 954 2252 relicto.

185 2287 214 2350 7.
240 2284 278 2352 D.
294 2287 323 2369 7,
339 2287 369 2368 8,
385 2287 438 2367 10,
453 2287 483 2351 2.
527 2284 686 2370 Ulpianus
709 2286 793 2351 libro
817 2287 955 2370 septimo
978 2288 1101 2354 decimo

96 2375 136 2440 ad
163 2372 319 2440 Sabinum
346 2373 396 2460 (P.
414 2372 526 2461 2576)
557 2411 594 2424 -
623 2424 653 2440 ..
682 2374 710 2439 si
738 2375 784 2440 sic
810 2374 941 2440 relictus
969 2377 1011 2440 sit
1041 2376 1101 2442 ‘illi

96 2464 208 2530 dumus
240 2483 334 2528 usum
359 2463 499 2529 fructum
526 2463 695 2528 habitandi
723 2461 842 2546 ceusa',
874 2467 983 2529 utrum
1010 2465 1101 2530 habi·

95 2554 251 2618 tationem
274 2573 314 2616 an
339 2573 414 2618 vero
438 2554 471 2616 et
493 2574 585 2618 usum
608 2551 749 2617 fructum
769 2551 899 2630 habeat,
921 2551 1101 2618 videndum.

96 2648 128 2708 et
154 2640 311 2708 Proculus
343 2645 376 2706 et
401 2638 554 2706 Neratius
586 2644 703 2725 putant
735 2641 838 2706 solam
865 2640 1099 2706 habitationem

94 2732 123 2796 le
148 2734 245 2796 atam.

125 2752 146 2817 g
182 2823 328 2900 Ulpianus
351 2823 447 2884 addit:
471 2818 561 2901 ‘qnod
585 2827 633 2883 est
657 2814 781 2884 verum’.

437 2976 481 3031 De
498 2977 558 3031 iure
575 2976 752 3031 ceuceceudi.

182 3067 227 3133 8⁸.
250 3067 326 3133 Vct.
343 3067 383 3134 fr.
397 3069 417 3148 ξ
433 3068 475 3132 83
488 3063 602 3154 (Uip).
616 3103 661 3114 -
674 3064 750 3132 Non
766 3067 870 3131 solum
885 3116 891 3130 .
908 3115 914 3130 .
930 3066 957 3130 ai
972 3064 1097 3132 duobus

93 3157 221 3242 delego
235 3156 449 3222 ususfructus
463 3157 599 3243 legetur,
617 3156 744 3222 eritius
759 3155 970 3239 adcrescendi,
984 3177 1097 3221 verum

93 3246 168 3330 (et)
201 3245 229 3312 si
261 3245 356 3310 alteri
386 3266 464 3309 usus
492 3245 633 3330 fructuS,
666 3245 761 3310 alteri
793 3245 988 3330 proprietas3
1022 3267 1098 3309 nam

94 3336 262 3402 amittente
280 3356 374 3399 usum
392 3333 533 3399 fructum
552 3336 662 3418 altero,
681 3335 732 3400 cui
751 3337 820 3398 erat
836 3334 972 3420 legatus,
992 3334 1096 3418 magis

92 3426 159 3490 iure
190 3422 396 3488 adcrescendi
423 3423 463 3488 ad
490 3423 626 3488 alterum
653 3423 794 3506 pertinet
822 3443 918 3507 quam
945 3421 1029 3486 redit
1057 3421 1097 3485 ad

92 3512 332 3599 proprietatem.
380 3533 440 3578 nec
472 3533 604 3594 novum3
636 3532 712 3576 nam
745 3515 779 3575 et
811 3512 839 3575 ei
867 3510 991 3575 duobus
1019 3531 1097 3574 usus

92 3602 217 3670 fructus
244 3602 371 3688 legetur
394 3605 427 3666 et
449 3599 534 3686 apud
558 3600 695 3665 alterum
720 3600 763 3663 sit
786 3597 1018 3680 consolidatus,
1045 3597 1097 3661 ius
1222 3662 1244 3665 ‚

831 3700 885 3755 22·
