2580 3900
184 214 248 278 162
263 213 312 270 III.
322 212 399 270 GAII
409 211 555 268 CLAUDII
565 212 700 268 NERON.
712 211 857 268 GALBAE
868 212 974 269 ΤΕΜΡ.
985 213 1082 269 IURIS
1093 213 1195 272 CONS.
1280 237 1282 306 p

503 435 550 504 De
571 437 603 494 c'rr
625 453 687 494 rem
702 437 875 507 „adtonitus

272 554 324 620 96.
357 553 475 632 Gaia,
496 553 568 618 114.
594 589 640 600 ··-
668 551 822 638 Superest
848 558 886 618 ut
912 554 1136 638 dispiciamus,
1168 559 1197 623 si

182 646 257 708 ante
280 664 348 712 rem
370 643 545 707 iudicatam
567 642 596 706 is
620 664 691 707 cum
713 664 776 726 quo
796 644 913 728 agitur,
935 648 1011 726 post
1029 650 1196 729 acceptum
1281 639 1282 668 ³

183 732 335 798 iudicium
350 731 531 797 satisfaciat
545 731 656 816 actori,
673 732 749 815 quid
764 733 871 797 officio
887 732 1000 798 iudicis
1016 736 1197 822 conveniat,

182 825 292 889 utrum
316 821 484 885 absolvere
508 842 550 884 an
571 820 643 885 ideo
667 821 776 904 potius
797 821 965 907 damnare,
987 823 1062 906 quia
1084 822 1197 890 iudicii

184 909 360 994 accipiendi
393 912 538 994 tempore
569 909 605 972 in
637 931 675 974 ea
706 931 804 974 eausa
835 910 945 995 fuerit,
981 917 1018 977 ut
1049 911 1197 978 damnari

182 999 307 1071 debeat,
363 999 467 1063 nostri
503 1002 730 1082 praeceptores
767 999 932 1064 absolvere
970 1021 1043 1064 eum
1080 1001 1197 1068 debera
1281 1067 1282 1070 ,

183 1087 386 1173 existimant,
418 1108 477 1152 nec
504 1087 658 1151 interesse
686 1087 776 1152 cuius
805 1089 934 1171 generis
963 1088 1006 1152 sit
1033 1089 1197 1156 iudicium.
1281 1115 1282 1160 l

183 1181 216 1242 et
235 1177 297 1242 hoc
316 1180 373 1256 est,
392 1175 478 1260 quod
497 1175 594 1261 vulgo
614 1175 730 1240 dicitur
748 1173 869 1241 Sabino
889 1179 921 1241 et
936 1174 1049 1242 Cassio
1067 1179 1197 1262 placere

183 1266 292 1330 omnia
332 1263 451 1329 iudicia
496 1264 696 1329 absolutoria
732 1286 811 1330 esse.
863 1264 1029 1348 <diversae
1067 1267 1197 1334 scholae

155 1371 157 1377 ’
184 1353 369 1420 auctoribus
394 1353 432 1417 de
456 1352 561 1417 stricti
583 1352 662 1417 iuris
686 1353 811 1418 iudiciis
835 1358 949 1419 contra
970 1355 1129 1441 placuit,>
1158 1358 1197 1423 de

183 1444 290 1508 bonae
312 1442 386 1506 fidei
409 1439 535 1506 iudiciis
559 1445 667 1505 autem
689 1441 774 1506 idem
799 1443 952 1524 sentiunt,
975 1444 1051 1528 quia
1073 1445 1108 1508 in
1127 1447 1197 1512 eius

184 1531 272 1596 modi
294 1528 420 1602 iudiciis
443 1529 581 1593 liberum
604 1534 654 1595 est
672 1529 815 1595 officium
833 1531 957 1597 iudicis.
993 1534 1198 1599 tantumdem

184 1622 217 1684 et
236 1620 275 1684 de
293 1620 327 1683 in
345 1639 413 1682 rem
432 1618 614 1683 actionibus
632 1622 759 1704 putant,
779 1620 854 1705 quia
868 1619 1050 1700 <formulae
1068 1623 1197 1708 verb>ia

184 1708 217 1772 id
236 1708 343 1792 ipsum
363 1707 569 1791 exprimatur,
584 1708 653 1790 <ita
671 1708 799 1773 demum
813 1731 903 1774 reum
918 1710 1197 1778 condemnandum

185 1817 268 1880 esse,
291 1795 355 1859 nisi
379 1795 538 1861 arbitratu
561 1795 675 1861 iudicis
698 1818 766 1861 rem
788 1799 997 1883 restituerit>

274 1885 326 1950 97.
352 1884 392 1949 Ι).
407 1884 437 1965 5,
451 1885 481 1966 3,
497 1885 536 1950 11
548 1907 595 1969 pr.
640 1884 802 1970 Ulpianus
829 1887 914 1952 libro
930 1888 1050 1970 ¹quinto
1074 1887 1198 1955 decimo

185 1973 225 2039 ad
249 1973 387 2038 edictum
407 1969 455 2059 (P.
467 1970 556 2060 509).
575 2011 618 2021 —
636 1974 700 2039 Pro
718 1975 833 2040 herede
852 1976 1006 2060 possidet,
1030 1976 1086 2060 qui
1103 1982 1199 2061 putat

185 2083 219 2126 se
246 2061 396 2127 heredem
424 2083 503 2127 esse.
550 2062 604 2127 sed
633 2085 675 2126 an
701 2066 734 2127 et
756 2063 799 2148 is,
827 2065 883 2148 qui
905 2065 966 2130 scit
990 2086 1023 2130 se
1047 2066 1199 2132 heredem

184 2172 249 2216 non
272 2171 351 2234 esse,
369 2172 428 2234 pro
448 2150 564 2216 herede
583 2151 756 2235 possideat,
778 2152 950 2236 quaeritur.
987 2157 1020 2218 et
1038 2153 1199 2221 Arrianus

184 2239 269 2303 libro
293 2238 432 2304 secundo
456 2238 493 2303 de
512 2238 696 2305 Interdictis
719 2244 815 2323 putat
833 2243 945 2326 teneri,
968 2264 1031 2326 quo
1050 2244 1118 2309 iure
1137 2267 1199 2310 nos

182 2327 233 2392 uti
254 2326 409 2392 Proculus
432 2328 551 2392 scribit.

274 2416 326 2482 98.
354 2415 393 2482 D.
408 2417 438 2500 6,
454 2416 549 2499 1,27‚
564 2418 593 2481 1.
637 2415 726 2482 Idem
753 2413 810 2503 (sc.
829 2416 963 2503 Paulus)
987 2419 1071 2485 libro
1095 2422 1201 2487 vicen·

186 2507 268 2571 simo
286 2507 392 2591 primo
411 2505 452 2570 ad
472 2507 610 2570 edictum
630 2502 679 2592 (P.
689 2503 779 2592 330).
794 2545 836 2554 -
851 2506 1018 2573 Possidere
1037 2559 1062 2574 ..
1081 2509 1199 2596 aliquis

182 2595 281 2660 debet
307 2597 417 2680 utique
445 2598 478 2659 et
506 2596 573 2660 litis
602 2599 802 2662 contestatae
829 2600 974 2680 tempore
1002 2601 1035 2662 et
1059 2620 1122 2683 quo
1146 2622 1200 2666 res
1281 2595 1282 2628 ³

184 2685 346 2750 iudicatur
436 2684 464 2748 si
486 2683 554 2749 litis
579 2689 778 2751 contestatae
797 2689 941 2770 tempore
959 2707 1024 2752 non
1043 2688 1199 2771 possedit,

179 2795 249 2857 quo
282 2777 390 2838 autem
420 2772 580 2838 iudicatur
606 2773 765 2859 possidet,
796 2774 963 2859 probanda
990 2780 1041 2841 est
1067 2775 1199 2843 Proculi

187 2861 362 2944 sententia,
385 2863 422 2925 ut
445 2863 629 2926 omnimodo
653 2863 890 2927 condemnetur.

275 2949 326 3014 99.
355 2948 393 3013 D.
408 2950 438 3032 6,
455 2950 483 3028 1,
498 2951 550 3034 27,
563 2948 593 3014 5.
638 2949 730 3015 Idem
752 2949 809 3034 (sc.
828 2949 961 3038 Paulus)
984 2952 1068 3018 libro
1091 2955 1198 3020 vicen·

187 3037 269 3102 simo
296 3037 401 3119 primo
430 3038 470 3103 ad
498 3037 636 3102 edictum
660 3035 709 3126 (P.
724 3035 813 3126 336).
839 3075 877 3086 —
902 3038 941 3104 In
968 3063 1037 3106 rem
1060 3043 1198 3126 petitam

187 3126 216 3191 si
238 3146 406 3209 possessor
430 3130 504 3190 ante
524 3125 614 3190 litem
633 3131 847 3192 contestatam
866 3133 1013 3214 sumptus
1032 3130 1117 3215 fecit,
1140 3154 1200 3216 per

185 3213 255 3279 doli
284 3213 363 3278 mali
389 3215 611 3299 exceptionem
638 3215 722 3282 ratio
752 3237 862 3281 eorum
890 3218 1001 3283 haberi
1028 3218 1137 3304 debet,
1169 3222 1198 3286 si

186 3306 371 3387 perseveret
394 3306 484 3367 actor
505 3307 616 3389 petere
638 3326 706 3369 rem
730 3327 822 3370 suam
844 3328 909 3372 non
931 3307 1065 3372 redditis
1089 3330 1198 3394 sump-

185 3391 283 3456 tibus.
329 3389 413 3454 idcm
440 3395 491 3456 est
519 3391 628 3476 etiam,
657 3393 684 3458 si
711 3395 819 3459 noxali
846 3395 963 3461 iudicio
992 3418 1121 3463 servum
1145 3399 1197 3463 de-

187 3478 290 3544 fendit
318 3483 352 3543 et
379 3478 549 3545 damnatus
576 3483 740 3564 praestitit
766 3485 949 3568 pecuniam,
977 3488 1034 3550 aut
1060 3486 1095 3551 in
1123 3509 1198 3554 area

188 3589 269 3651 quae
305 3566 367 3632 fuit
402 3568 549 3652 petitoris
583 3592 640 3654 per
673 3593 811 3638 errorem
843 3573 984 3638 insulam
1018 3575 1201 3642 aedificarit
