2590 3902
161 194 227 258 314
262 193 296 248 V.
314 191 463 248 NERVAE
483 192 529 247 ΕΤ
548 191 700 248 TRAIANI
717 192 824 247 ΤΕΜΡ.
842 192 938 248 IURIS
957 190 1135 248 CONSULTI

160 357 343 440 cationem>
358 356 484 442 legatus
499 363 573 420 ante
588 356 710 422 aditam
722 356 934 421 hereditatem
945 354 1032 422 Titio
1042 355 1169 422 furtum

157 447 245 511 fecit.
282 445 311 509 si
329 445 418 510 adita
435 443 613 510 hereditate
629 443 721 510 Seius
741 445 885 530 legatum
903 444 944 509 ad
958 467 991 509 se
1005 445 1169 528 pertinere

156 534 309 616 voluerit,
336 533 417 598 furti
440 535 508 598 eius
533 535 616 598 servi
640 534 770 599 nomine
795 536 870 617 aget
893 555 966 599 cum
989 555 1026 598 eo
1051 533 1169 615 Titius,

156 625 234 708 quia
255 643 358 706 noque
381 625 466 706 tnnc,
489 645 562 688 cum
586 623 706 687 taceret
728 622 860 702 furtum,
884 622 951 687 eius
970 622 1041 706 fuit,
1065 625 1106 704 et,
1129 629 1170 688 ut

155 712 294 778 maxime
322 712 394 795 quis
422 712 599 795 existimet,
627 712 655 776 si
683 733 792 776 servus
821 733 890 776 esso
918 711 1061 795 coeperit
1088 712 1169 794 eius,

155 802 207 864 cui
229 800 351 865 furtum
373 798 504 884 fecerat,
526 800 599 865 tolli
619 799 700 864 furti
719 800 887 884 actionem,
910 803 947 864 ut
965 822 1023 865 nec
1043 800 1071 864 si
1090 800 1168 865 alie·

155 893 251 954 natus
270 890 323 971 sit,
342 889 396 973 agi
414 890 518 972 possit
536 889 731 974 eonomine,
749 909 789 952 ne
808 893 883 973 post
899 888 1021 953 aditam
1035 888 1168 973 quidem

153 978 366 1043 hereditatem
391 977 470 1043 Titii
497 977 602 1042 tactus
631 982 693 1056 est,
722 976 797 1061 quia
820 999 870 1062 aa,
898 998 980 1061 quae
1003 977 1168 1062 legantur,

153 1071 242 1132 recta
269 1067 322 1132 via
350 1066 392 1130 ab
420 1087 457 1131 eo
485 1067 538 1150 qui
568 1066 691 1149 legavit
718 1065 758 1130 ad
785 1088 857 1131 eum
882 1066 932 1131 oui
956 1067 1065 1151 legata
1088 1072 1167 1131 sunt

154 1159 333 1222 transeunt.

241 1249 358 1309 Neratii
381 1248 473 1308 verba
496 1267 514 1308 a
538 1247 719 1308 Triboniano
742 1248 925 1324 interpolata
947 1248 1097 1308 videntur.

261 1421 311 1486 De
332 1421 425 1487 solidi
446 1422 613 1504 capacitate
633 1421 714 1486 inter
735 1421 838 1486 ciram
860 1425 889 1485 et
909 1418 1056 1485 saman?

242 1529 272 1592 3.
291 1526 330 1592 D.
339 1528 391 1611 50,
399 1527 429 1610 5,
437 1529 467 1592 4.
504 1527 658 1593 Neratius
675 1528 757 1592 libro
771 1527 877 1610 primo
891 1525 1166 1594 Membranarum.

156 1653 192 1662 -
214 1615 355 1699 Tempus
378 1617 565 1699 vacationis,
590 1616 675 1702 quod
698 1617 792 1680 datur
811 1616 856 1680 eis
876 1615 931 1700 qui
949 1615 995 1678 rei
1014 1615 1166 1698 publicae

152 1727 249 1769 causa
275 1704 436 1785 afuerunt,
464 1727 530 1770 non
553 1727 592 1769 ex
615 1727 652 1770 eo
676 1704 727 1768 die
750 1703 982 1768 numerandum
1006 1708 1069 1788 ost,
1098 1726 1165 1789 quo

152 1793 223 1876 quis
244 1791 356 1857 abesse
375 1793 478 1878 desiit,
498 1792 553 1858 sed
572 1816 645 1858 cum
665 1793 803 1876 quodam
823 1793 1006 1857 laxamento
1021 1792 1165 1878 itineris3

150 1902 253 1965 nequo
282 1881 367 1945 enim
395 1883 501 1946 minus
530 1883 643 1946 abesse
671 1882 717 1945 rei
744 1881 892 1965 publicae
916 1902 1014 1945 causa
1035 1881 1164 1946 intelle-

151 1968 274 2054 gendus
298 1973 357 2052 est,
380 1970 434 2054 qui
457 1971 482 2034 it
504 1968 562 2034 ad1
585 1971 752 2054 negotium
775 1970 827 2034 vel
852 1969 893 2034 ab
917 1991 954 2034 eo
978 1970 1164 2035 revertitur.

151 2059 179 2122 si
207 2058 279 2141 quis
307 2063 417 2122 tamen
442 2059 515 2142 plns
539 2059 625 2123 iusto
648 2060 805 2143 temporis
830 2064 885 2122 aut
907 2057 1022 2122 itinera
1047 2059 1162 2124 autin

151 2146 256 2228 aliquo
271 2147 342 2212 loco
358 2150 574 2211 commoratus
590 2147 834 2230 consumpserit,
847 2147 894 2211 ita
909 2167 946 2210 ea
958 2146 1162 2235 (absentiaP)

53 2233 55 2240 '
150 2233 393 2318 interpretanda
420 2235 490 2318 erit,
518 2240 554 2300 ut
581 2257 620 2300 ex
648 2257 685 2300 eo
713 2241 860 2319 temporo
888 2235 1068 2301 vacationis
1092 2235 1162 2301 dies

149 2324 283 2408 incipiat
314 2325 344 2388 ei
375 2324 496 2408 ctdere,
528 2346 591 2408 quo
625 2324 687 2389 iter
725 2345 763 2388 ex
799 2324 967 2389 commodo
1004 2345 1162 2409 peragere

148 2413 318 2496 potuisset.

238 2508 275 2568 cf.
289 2506 359 2584 Ulp.
375 2509 425 2585 15,
442 2510 469 2567 1.

444 2661 494 2726 De
509 2661 716 2746 prpaaraticr'a
738 2662 863 2727 actiaca

236 2769 266 2834 4.
294 2769 334 2834 D.
349 2769 402 2852 20,
415 2770 445 2847 2,
460 2769 538 2853 4pr.
583 2766 735 2833 Neratius
763 2767 847 2832 libro
870 2767 976 2852 primo
1000 2765 1162 2832 Membra·

147 2879 270 2922 narum.
288 2893 332 2904 —
350 2856 400 2922 Eo
425 2859 492 2921 iure
516 2857 644 2940 utimur,
667 2860 704 2922 ut
727 2877 809 2941 quae
830 2857 863 2920 in
881 2855 1015 2940 praedia
1033 2856 1161 2921 urbana

147 2945 279 3010 inducta
306 2946 399 3010 illata
428 2951 504 3010 sunt
531 2945 661 3029 pignori
689 2965 759 3009 esse
787 2945 972 3028 credantur,
1005 2944 1097 3028 quasi
1126 2946 1161 3011 id

146 3034 244 3097 tacite
263 3035 457 3098 convenerit.
485 3034 518 3096 in
533 3034 662 3098 rusticis
677 3033 818 3118 praediis
833 3036 945 3098 contra
958 3032 1160 3099 observatur.

236 3119 266 3185 5.
290 3119 329 3186 D.
343 3121 419 3185 ibid.
434 3123 454 3201 ξ
470 3123 496 3185 1.
519 3156 557 3167 -
580 3119 715 3184 Stabula
733 3143 814 3204 qnae
837 3143 904 3186 non
929 3125 1006 3185 sunt
1026 3121 1061 3186 in
1081 3143 1159 3188 con-

146 3208 326 3274 tinentibus
357 3207 519 3291 aedificiis,
548 3231 682 3292 quorum
714 3209 920 3292 praediorum
953 3232 991 3274 ea
1022 3231 1158 3277 numero

146 3296 296 3360 habenda
320 3297 394 3378 sint,
420 3296 561 3360 dubitari
585 3300 700 3380 potest.
749 3297 932 3381 etquidem
957 3299 1158 3364 urbanorum

147 3384 217 3448 sine
240 3385 337 3450 dubio
360 3406 426 3449 non
450 3389 535 3464 sunt,
558 3407 631 3450 cum
655 3407 674 3450 a
697 3385 810 3452 ceteris
830 3386 984 3452 aedificiis
1004 3391 1157 3472 separata

219 3563 232 3610 1
253 3558 299 3613 Fr.
318 3558 354 3614 ad
372 3558 410 3613 id.
