2614 3912
178 213 244 279 416
280 213 314 270 V.
332 211 481 268 NERVAE
500 213 548 267 ET
567 211 720 267 TRAIANI
736 209 844 268 TEMP.
860 209 957 266 IURIS
976 208 1156 265 CONSULTI

527 380 574 439 De
597 383 713 454 arqeuto
736 381 835 454 leqato.

268 492 320 556 53.
349 489 388 556 D.
402 490 479 554 ibid.
493 492 514 571 ἐ
530 491 557 554 1.
579 525 624 536 —
646 488 724 554 Cum
747 490 792 554 ita
815 489 946 571 leqotum
968 493 1043 554 esset
1064 486 1183 570 ‘arper-

179 586 245 647 tum
267 581 348 663 quael
368 581 455 645 domo
477 600 546 644 mea
568 580 627 643 erit
647 598 716 642 eum
738 577 876 661 moriar',
903 576 1015 661 Opilius
1036 597 1090 642 ueo
1109 577 1188 658 quool

178 671 347 752 depositum
371 689 392 732 a
414 689 445 733 se
467 689 521 733 uee
542 669 624 749 quod
644 667 867 732 commulatum
888 667 1058 748 reliquisset
1080 685 1187 749 arqeu·

180 765 246 824 tum
264 759 396 842 leqatum
413 758 511 822 uideri
529 757 691 840 respondit.
726 757 807 820 lolem
821 753 989 821 Cascellius
1008 756 1044 820 ae
1060 773 1186 819 eommo-

179 849 260 914 dato.
296 847 404 930 Labeo,
422 847 504 928 quool
515 845 682 928 depositum
696 850 777 927 esset,
796 845 842 909 ita
855 845 963 927 deberi,
979 845 1008 909 si
1017 844 1188 926 praesentis

179 937 333 1002 custodiae
354 955 457 1019 curua,
479 955 542 1000 uou
559 938 723 1016 perpetuae
744 933 837 998 ueluti
859 935 894 997 iu
917 933 1081 998 tleeusauro
1101 933 1188 1014 clepo-

179 1026 275 1092 situm
302 1029 387 1107 esset,
415 1025 490 1107 quia
517 1024 574 1088 illa
600 1022 691 1087 uerba
722 1020 814 1105 ‘quael
839 1023 927 1087 domo
954 1042 1022 1086 mea
1048 1019 1116 1085 erit’
1145 1021 1188 1086 sie

179 1115 279 1196 aeoipi
300 1113 403 1178 debere
425 1111 498 1178 ‘esse
519 1110 651 1193 solebat',
674 1114 703 1175 et
722 1111 777 1177 boe
794 1110 898 1193 probo.

271 1203 322 1268 54.
364 1201 402 1266 D.
421 1201 498 1266 ibid.
517 1203 537 1282 ξ
557 1201 585 1264 2.
617 1235 661 1246 -
692 1199 803 1264 Ateius
831 1197 971 1266 Serrium
1003 1199 1189 1282 respondisse

180 1292 298 1374 seribit,
330 1291 380 1356 eui
411 1295 585 1373 urpeutum,
616 1289 696 1371 quoa
725 1288 761 1353 iu
795 1289 970 1354 Tuseulouo
995 1289 1094 1368 fuuelo
1121 1307 1189 1352 oum

181 1385 349 1452 moreretur
379 1379 546 1463 habuisset,
579 1379 711 1459 leqatum
742 1382 828 1457 esset,
860 1382 890 1442 et
918 1377 1000 1461 quael
1026 1381 1189 1458 autequam

182 1475 351 1535 moreretur
372 1489 409 1533 eu
431 1468 504 1532 urbe
525 1468 560 1532 iu
581 1467 791 1532 Tusculauum
813 1467 901 1532 iussu
921 1466 1073 1532 usmarus
1091 1470 1189 1530 traus-

180 1559 281 1624 latum
294 1562 376 1641 esset,
390 1557 504 1634 deberi;
523 1561 629 1622 ooutra
640 1555 716 1639 fore,
729 1556 758 1620 si
770 1556 893 1620 iuiussu
907 1556 1094 1620 trauslatum
1108 1559 1188 1620 esset.

436 1759 437 1762 ¹
544 1729 591 1789 De
613 1731 694 1789 lauoe
717 1731 820 1803 leqata.

270 1840 321 1906 55.
344 1839 384 1904 D.
399 1840 451 1917 34,
465 1841 495 1922 2,
508 1841 558 1904 31.
595 1839 704 1904 Labeo
719 1839 802 1904 libro
818 1834 956 1904 seeundo
971 1837 1188 1921 posteriorum

180 1951 199 1994 u
232 1928 386 1993 Iauoleno
419 1928 677 2010 epitomatorum.
703 1964 748 1975 -
776 1927 837 2008 Qui
869 1928 985 1992 lauaem
1017 1927 1188 1992 maalmam

179 2019 330 2086 miuorem
361 2018 526 2081 miuimum
556 2017 756 2100 relinquebat,
787 2017 834 2081 ita
862 2017 1028 2099 marmot:
1060 2013 1190 2080 ‘lauoem

180 2108 329 2172 miuorem
351 2106 400 2170 illi
422 2105 506 2189 leqo'.
551 2108 668 2172 mediae
690 2106 914 2189 maquiturliuis
934 2105 1035 2170 uideri
1057 2104 1190 2186 leputam

181 2196 299 2261 lauaem
325 2214 504 2276 respersum
531 2199 586 2280 est,
612 2196 642 2260 si
668 2214 730 2259 mou
753 2198 926 2278 appareret,
953 2214 1049 2276 quam
1072 2193 1191 2258 laueem

179 2305 217 2351 eu
241 2284 290 2350 leis
305 2289 398 2367 paler
417 2283 562 2364 familias
583 2285 791 2349 elemoustrare
812 2283 960 2348 uoluisset.

526 2458 573 2517 De
589 2459 704 2532 poculis
727 2459 836 2532 leqatis.

269 2569 321 2635 56.
341 2568 379 2635 D.
392 2567 552 2654 32,30pr.
587 2568 695 2633 Lubeo
715 2568 797 2632 libro
817 2566 956 2632 seeundo
971 2565 1191 2650 posteriorum

180 2681 200 2724 a
236 2658 388 2724 Iauoleno
427 2659 686 2743 epitomatorum.
722 2691 765 2702 -
807 2655 867 2736 Qui
902 2659 1045 2738 quattuor
1075 2655 1193 2737 poeula

180 2749 338 2828 oleaqiueu
368 2747 508 2830 babebat,
539 2748 585 2811 ita
613 2746 738 2829 leqaoit:
770 2743 889 2826 ‘poeula
916 2744 1072 2826 oleaqimo
1094 2744 1195 2826 paria

180 2834 261 2902 cluo'.
310 2837 453 2917 respondi
478 2856 576 2900 uuum
598 2856 662 2917 par
690 2836 820 2919 leqatum
847 2853 921 2912 esse,
951 2833 1028 2915 quia
1054 2851 1118 2897 uou
1144 2833 1194 2897 ita

180 2928 271 2989 esset:
295 2925 367 2989 biua
384 2926 483 3005 paria
505 2944 600 3006 ueque
620 2925 683 2988 lta:
701 2924 883 3006 poculorum
895 2923 993 3004 paria
1014 2922 1084 2987 aluo.
1111 2922 1195 2987 idom

180 3017 210 3078 ot
233 3010 401 3078 Trebatius.

452 3107 499 3165 De
523 3104 679 3165 (loriutleiis
699 3107 779 3165 uasis
801 3107 910 3181 leqatis.

271 3214 322 3280 bl.
355 3213 393 3278 D.
413 3216 465 3293 32,
485 3215 559 3298 100,
577 3215 606 3279 3.
660 3213 832 3280 Iavolenus
865 3214 949 3280 libro
982 3213 1121 3280 seeundo
1152 3235 1195 3279 ex

181 3303 414 3388 posterioribus
443 3303 611 3368 Labeonis.
644 3339 681 3351 -
713 3301 772 3368 Oui
799 3303 961 3370 Ooriutleia
988 3323 1064 3369 uasa
1092 3304 1196 3388 le9aia

182 3397 287 3476 esseut,
311 3413 426 3458 aeneas
450 3393 563 3477 βάσεις
585 3411 700 3474 quoque
722 3413 826 3458 eorum
844 3413 988 3458 uasorum
1005 3393 1197 3458 eollaeouda

181 3501 253 3545 rum
283 3483 377 3552 lousa
397 3487 532 3564 paratas
560 3481 660 3548 uteru·
689 3481 849 3548 Trebatius
875 3481 1037 3565 respoudit.
1087 3481 1195 3547 Labeo
1265 3507 1269 3514 ·

180 3574 283 3635 autem
304 3571 340 3634 iel
359 3591 422 3636 uau
436 3571 555 3656 probat,
578 3571 642 3636 nisi
660 3592 772 3638 aeneas
790 3570 903 3655 βάσεις
921 3575 1044 3636 testator
1061 3589 1195 3636 uumero
