2596 3902
426 249 451 300 ὃ.
476 243 614 301 SEXTUS
633 245 763 300 PEDIUS
1057 247 1099 311 93

514 425 559 479 De
576 425 677 493 topatio.

178 535 231 600 37.
264 533 302 600 D.
318 534 370 613 33,
387 536 415 617 7,
431 535 481 614 18,
495 534 524 598 3.
570 532 689 600 Paulus
712 535 796 598 libro
823 534 960 599 secundo
986 533 1025 598 ad
1045 533 1101 598 Vi·

95 623 218 686 tellium
239 621 289 708 (P.
300 618 411 710 2070).
431 658 473 670 -
494 622 585 699 Quod
610 623 637 686 si
661 645 775 686 aenum
794 625 1008 688 instrumento
1028 645 1101 688 con-

94 713 223 795 tinetur,
241 713 328 777 urcei
348 733 483 796 quoque,
503 711 617 794 quibus
637 733 720 796 aqua
734 711 768 776 in
783 734 897 776 aenum
912 713 1100 795 infunditur,

95 801 125 864 in
151 800 238 864 idem
267 821 368 884 genus
396 800 602 884 rediguntur,
634 823 671 865 ac
700 800 847 883 deinceps
876 803 909 865 in
938 801 1101 866 infinitum

94 889 202 972 primis
218 888 398 974 quibusque
408 889 556 976 proxima
567 889 717 972 copulata
727 889 913 973 procedunt.
942 891 1100 975 optimum

28 1059 29 1064 ἵ
96 999 169 1062 ergo
194 998 265 1041 esse
288 977 405 1042 Pedius
434 979 481 1042 ait
508 999 573 1041 nou
595 978 760 1060 propriam
783 978 955 1042 verborum
980 979 1100 1063 signifi·

95 1067 251 1131 ostionem
284 1066 434 1151 scrutari,
473 1065 527 1129 sed
559 1067 594 1129 in
626 1066 738 1149 primis
772 1066 848 1150 quid
879 1071 1016 1131 testator
1049 1067 1101 1131 de·

95 1158 274 1220 monstrare
298 1155 437 1219 voluerit
460 1153 587 1240 [deinde
606 1156 639 1219 in
660 1177 723 1239 qua
741 1156 1004 1240 praesumptione
1024 1161 1101 1220 sunt

95 1244 146 1327 qui
169 1245 204 1308 in
227 1266 352 1328 quaque
375 1245 506 1329 regione
530 1242 792 1328 commorantur].

179 1364 302 1424 Inclusa
314 1364 406 1424 verba
420 1383 438 1423 a
452 1363 631 1424 Triboniano
646 1363 749 1424 addita
757 1364 854 1424 videri
869 1358 961 1424 docet
970 1361 1101 1423 Graden-

96 1453 161 1512 witz
186 1453 216 1513 Z.
233 1451 261 1512 d.
275 1452 410 1513 San-St.
424 1452 497 1528 VII,
514 1455 562 1513 73.

380 1623 424 1678 Dc
441 1624 530 1691 operis
547 1623 612 1678 aovi
629 1623 811 1678 nuntiatione.

179 1733 232 1798 38.
255 1731 353 1815 D.39‚
367 1732 435 1816 1‚5‚
444 1733 475 1797 9.
519 1731 678 1815 Ulpianus
701 1731 785 1797 libro
809 1731 1099 1818 quinquagensimo

95 1821 231 1885 secundo
264 1820 305 1886 ad
332 1820 473 1885 edictum
500 1819 550 1906 (P.
569 1817 679 1907 1266).
708 1857 748 1866 -
777 1869 811 1886 ..
840 1819 954 1886 Sextus
983 1820 1100 1886 Pedius

96 1909 216 1973 definiit
239 1909 400 1995 triplicem
419 1932 489 1975 esse
508 1931 638 1974 causam
658 1910 763 1994 operis
782 1909 859 1974 novi
877 1909 1101 1993 nuntiationis,

96 2002 148 2062 aut
158 1999 341 2063 naturalem
352 2004 408 2064 aut
418 1999 580 2082 publicam
591 2003 648 2062 aut
657 1997 899 2082 impositiciam:
910 1999 1102 2083 naturalem,

96 2108 165 2150 cum
192 2087 227 2150 in
253 2091 381 2152 nostras
406 2089 500 2151 aedes
524 2087 600 2171 quid
623 2087 811 2152 immittitur
834 2091 890 2151 aut
914 2087 1101 2151 aedificatur

94 2176 125 2238 in
144 2179 271 2259 nostr03
291 2176 452 2259 publicam
467 2197 607 2260 causam,
626 2177 773 2259 quotiens
792 2177 881 2260 leges
897 2181 953 2240 aut
967 2179 1101 2240 senatus

95 2264 240 2328 consulta
268 2265 579 2348 constitutionesque
606 2265 787 2350 principum
815 2287 872 2350 per
895 2266 1001 2349 operis
1025 2266 1101 2330 novi

93 2353 328 2417 nuntiationem
351 2359 492 2436 tuemur,
521 2353 761 2438 impositiciam,
785 2376 858 2418 cum
882 2354 954 2439 quis
978 2359 1102 2438 postea,

94 2463 188 2525 quam
207 2441 258 2506 ius
278 2464 371 2506 suum
388 2442 554 2525 deminuit,
573 2443 707 2506 alterius
722 2444 820 2526 auxit,
837 2441 900 2507 hoc
915 2446 965 2506 est
978 2446 1100 2526 postea,

94 2553 188 2615 quam
213 2530 402 2595 servitutem
426 2531 558 2596 aedibus
582 2532 649 2595 suis
672 2531 842 2616 imposuit,
869 2536 982 2596 contra
1005 2532 1102 2595 servi-

92 2623 193 2684 tutem
217 2619 303 2683 fecit.

366 2714 410 2768 Dc
427 2714 553 2768 inccndio
571 2715 656 2768 raino
673 2713 830 2782 naufragio.

28 2869 30 2900 ,
181 2823 232 2889 39.
266 2822 305 2886 D.
319 2823 372 2905 47,
387 2823 508 2907 9,4pr.
553 2822 674 2887 Paulus
699 2822 784 2886 libro
809 2821 1100 2906 quinquagensimo

28 2959 29 2966 .
92 2916 209 2996 quarto
241 2912 282 2975 ad
311 2911 450 2977 edictum
478 2911 528 2996 (P.
547 2908 636 2996 678).
664 2947 706 2956 -
733 2910 851 2975 Pedius
879 2931 974 2994 posse
1003 2909 1101 2975 etiam

92 3000 155 3066 dici
182 3023 222 3064 ex
249 3000 419 3084 naufragio
447 3023 574 3084 rapere,
602 2999 669 3084 qui,
698 3001 774 3065 dum
799 2999 1006 3085 naufragium
1034 3000 1101 3085 fiat,

91 3089 125 3153 in
149 3091 206 3154 illa
229 3087 444 3172 trepidatione
466 3090 581 3173 rapiat.

370 3262 413 3318 Dc
430 3264 545 3318 iniuriis
563 3281 631 3334 qaae
647 3265 731 3320 servia
747 3265 827 3332 fiunt.

180 3374 235 3438 40.
265 3370 303 3438 D.
318 3373 371 3455 47,
386 3373 437 3455 10,
453 3373 503 3436 16.
548 3372 668 3438 Paulus
693 3373 774 3438 libro
798 3369 1099 3458 quinquagensimo1

91 3461 205 3546 quinto
226 3461 266 3526 ad
286 3461 425 3527 edictum
444 3459 493 3547 (P.
504 3458 593 3548 686).
615 3497 652 3508 —
674 3459 723 3547 (Si
742 3484 870 3526 servum
889 3460 1100 3542 complurium

164 3625 177 3672 1
201 3615 250 3674 1⁴⁷1.
271 3616 512 3688 quadragensimo.
