2568 3912
114 215 116 220 ’
179 231 261 294 568Α
546 229 820 287 Anorvnnnsm.

180 392 315 459 Masurii
333 396 366 457 et
380 392 582 477 quorundam
596 393 732 459 eliorum
751 394 1009 478 iurisperitorum
1029 415 1191 460 commen·
1258 333 1260 398 i

180 483 271 546 teriis
295 481 483 548 commoniti
507 487 539 546 et
562 483 783 547 adminiculati
807 505 926 548 sumus.

269 576 305 636 cf.
330 575 470 635 Sabinus:
493 576 533 654 Π,
559 581 574 635 1
600 597 629 654 p.
645 577 716 638 550.

447 750 489 813 Ἰ).
523 753 570 812 De
598 755 677 813 iure
706 754 909 816 honorario.

466 862 516 928 De
537 865 703 949 neocorpiis
725 865 900 930 vendundis.

270 980 320 1044 11.
344 978 425 1044 Gell.
455 981 487 1063 4,
514 979 544 1060 2,
573 981 623 1046 13.
653 1015 692 1027 -
722 967 798 1047 Non
830 978 1100 1063 praetereundum
1133 983 1190 1060 est,

181 1067 213 1131 id
237 1118 266 1133 ..
289 1069 323 1131 in
346 1067 440 1133 libris
463 1071 608 1133 veterum
631 1069 710 1134 iuris
739 1067 915 1152 peritorum
938 1070 1097 1152 scripturn
1122 1089 1190 1133 esse

180 1160 213 1221 et
235 1178 347 1327 qvip.
373 1251 444 1310 250.

581 1332 780 1400 Commodos.

270 1451 319 1516 12.
343 1448 381 1516 D.
402 1450 453 1534 13,
472 1450 502 1534 6,
522 1449 566 1514 18.
577 1447 627 1530 pr.
665 1447 764 1514 Gaius
783 1450 866 1515 libro
885 1471 972 1514 nono
991 1449 1030 1514 ad
1051 1449 1189 1514 edictum

179 1537 384 1622 provinciale.
408 1575 450 1587 —
474 1587 481 1602 .
501 1589 534 1602 ..
565 1538 592 1602 si
620 1558 823 1604 communem
841 1539 985 1618 'amicum
1013 1537 1053 1602 sd
1077 1560 1189 1602 cenam

178 1626 420 1690 invitaverimus
434 1631 535 1712 inque
554 1626 622 1691 eius
642 1621 750 1692 curam
770 1626 965 1713 suscepisses
988 1631 1021 1690 et
1044 1646 1104 1711 ego
1128 1625 1190 1690 tibi

179 1718 349 1799 argenium
378 1716 658 1798 commodaverim,
688 1716 842 1800 scriptum
866 1767 872 1781 .
893 1768 899 1781 .
924 1716 1008 1800 apud
1033 1715 1189 1800 quosdam

177 1805 315 1888 invenio,
339 1805 430 1888 qnasi
454 1805 562 1870 dolum
585 1808 714 1869 tantum
736 1807 902 1888 proestare
925 1804 1050 1870 debeas.

209 2191 268 2257 ΙΙΙ.
292 2190 411 2267 QUAE
435 2192 740 2269 QUAERUNTUR
765 2193 847 2260 VEL
870 2193 1161 2284 DUBITANTUR

179 2306 389 2384 QUAnQUn
427 2307 647 2386 QUAESITA
679 2309 766 2376 VEL
803 2309 1030 2376 DUBITATA
1067 2307 1190 2375 SUNT.

267 2456 312 2516 Ee
330 2457 467 2534 inprimis
486 2457 627 2534 proposui
646 2477 721 2535 quoe
740 2458 830 2518 huius
848 2459 966 2536 generis
985 2457 1066 2534 apud
1082 2455 1190 2516 Gaium

179 2546 330 2623 leguntur.
367 2565 427 2607 non
449 2547 534 2606 nulle
556 2547 617 2607 ism
636 2547 697 2605 alin
719 2547 834 2606 ratione
852 2547 971 2623 prolate
989 2547 1102 2606 iterum
1121 2564 1190 2622 pro-

179 2635 302 2694 ferenda
325 2640 418 2695 erent.
473 2659 478 2671 ·

486 2738 512 2794 1.
536 2733 592 2793 Ad
614 2734 670 2794 ius
692 2734 887 2810 publicum.

564 2844 612 2908 De
627 2843 802 2926 plebiscitis.

269 2959 297 3022 1.
321 2956 389 3022 Liv.
411 2959 441 3043 3,
461 2959 512 3024 55.
537 2997 578 3007 -
603 2957 755 3026 Omnium
778 2957 927 3042 primum,
951 2979 1023 3022 cum
1046 2958 1136 3023 velut
1160 2958 1194 3022 in

179 3051 387 3113 controverso
432 3048 502 3112 iure
543 3053 643 3132 esset,
687 3051 913 3112 tenereniurne
953 3049 1062 3130 patres
1105 3045 1194 3131 plebi

181 3133 280 3215 scitis,
303 3136 408 3220 legem
431 3137 620 3201 centuriatis
644 3135 784 3201 comitiis
808 3137 922 3217 tulere,
944 3138 981 3200 ui
1003 3135 1090 3219 quod
1109 3185 1116 3199 .
1136 3182 1171 3200 ..

505 3295 555 3360 De
577 3300 700 3361 sonorus
722 3295 865 3361 consulto.

270 3408 300 3472 2.
333 3407 402 3472 Gai.
436 3409 463 3491 1,
495 3411 525 3473 4.
559 3445 597 3456 -
633 3408 771 3474 Senatus
804 3409 983 3474 consultum
1019 3411 1070 3474 esi
1108 3406 1194 3492 quod

182 3499 314 3560 senatus
351 3495 442 3559 iubet
478 3500 575 3581 sique
612 3497 795 3581 constituit,
837 3498 933 3581 idque
969 3496 1052 3580 legis
1089 3497 1194 3562 vicem

180 3582 315 3667 opiinet,
338 3585 484 3666 quamvis
507 3586 605 3650 fuerit
628 3585 817 3669 quaesitum.
