2580 3900
512 247 538 299 4.
556 241 736 297 PLAUTIUS
1063 239 1130 306 229

115 409 217 472 tatem
245 407 445 472 revenderet.
480 410 595 493 postea
616 410 773 491 patronus
802 404 943 471 defuncti
969 404 1129 470 bonorum

115 496 358 581 possessionem
377 500 490 561 eontra
508 495 638 562 tabulas
656 493 796 579 petierat
814 499 846 560 et
863 498 989 579 partem
1008 494 1130 559 heredi-

115 586 207 668 tatis,
240 607 324 670 quae
352 584 542 670 debebatur,
574 584 762 650 abstulerat.
813 582 967 650 Prooulus
995 581 1127 649 cassius

115 672 453 740 fideicommissariam
479 695 539 759 pro
567 678 638 738 rata
666 672 751 758 quod
780 673 880 738 solvit
908 676 1054 756 repetere
1077 673 1130 737 de·

115 763 192 828 bere
217 764 319 828 aiunt.

207 874 384 952 Sequuntur
405 874 491 934 haeo:
516 869 651 934 ‘Paulus
679 875 736 932 hoo
759 873 825 934 inre
847 873 964 933 utimur
977 918 984 932 .
999 918 1007 934 .
1022 867 1041 934 .'

205 963 244 1024 ef.
263 962 328 1024 ou.
345 965 374 1040 a,
389 965 524 1040 aessqq.
549 965 578 1042 3,
592 965 644 1022 41.

454 1117 504 1183 De
527 1118 663 1183 libertate
683 1118 798 1182 relicta.

208 1225 262 1290 21.
286 1224 325 1289 D.
340 1225 394 1308 40,
409 1226 438 1303 7,
451 1225 505 1307 20,
519 1225 549 1290 3.
585 1223 706 1289 Paulus
729 1223 813 1288 libro
838 1227 928 1288 sexto
948 1222 1071 1287 decimo
1091 1221 1131 1287 ad

118 1313 286 1380 Plautium
310 1311 361 1401 (P.
381 1311 492 1400 1227).
515 1349 557 1360 -
580 1312 614 1377 Is
642 1314 694 1378 eui
722 1334 831 1377 servus
859 1312 1027 1396 pecuniam
1055 1311 1130 1376 dare

118 1405 226 1469 iussus
251 1406 361 1467 estut
384 1402 467 1467 liber
490 1405 585 1484 esset,
609 1402 753 1467 decessit.
801 1398 949 1485 Sabinus,
972 1399 1000 1464 si
1023 1399 1131 1464 decem

117 1492 288 1557 habuisset
312 1497 442 1576 parata,
472 1492 608 1555 liberum
636 1491 720 1575 fore,
747 1490 823 1574 quia
850 1511 916 1555 uon
945 1492 1047 1554 staret
1073 1509 1131 1572 per

118 1604 202 1660 eum,
226 1601 290 1664 quo
314 1581 422 1645 miuus
445 1579 546 1646 daret.

205 1670 259 1735 22.
287 1667 326 1734 D.
346 1670 398 1751 40,
417 1669 448 1754 4,
465 1668 518 1753 40,
535 1668 564 1733 1.
609 1667 808 1752 Pomponius
836 1666 920 1733 libro
949 1667 1064 1751 quinto
1092 1687 1131 1730 ex

117 1758 246 1824 Plautio
282 1755 331 1845 (P.
350 1755 439 1840 345).
471 1794 509 1805 -
540 1778 694 1821 ...oum
726 1758 785 1821 sub
819 1755 1005 1822 condicione
1037 1775 1130 1821 servo

118 1847 252 1912 libertas
286 1868 344 1931 per
375 1845 661 1912 fideicommissum
693 1845 786 1910 detur
812 1850 845 1909 et
871 1845 940 1929 ipse
967 1845 1131 1930 praesenti

119 1937 167 2002 die
191 1936 332 2014 daretur,
354 1957 419 2000 non
444 1936 538 2000 aliter
559 1932 755 2018 manopera
779 1955 853 1998 eum
872 1938 1016 2019 cogetur,
1033 1956 1131 2019 quem

118 2029 153 2090 ut
181 2029 335 2090 caveatur
362 2025 522 2089 existente
549 2023 737 2089 condicione
759 2023 921 2088 libertatis
945 2044 1018 2089 eum
1041 2024 1132 2088 reati·

119 2118 226 2179 tutum
250 2112 306 2198 iri3
328 2134 406 2177 nam
429 2113 463 2177 iu
487 2112 637 2177 omnibus
654 2112 723 2177 fere
742 2113 846 2178 oausia
865 2111 1130 2178 fideicommisaas

118 2203 284 2268 libertates
320 2224 380 2286 pro
419 2201 541 2267 direoto
578 2201 661 2266 datis
697 2201 874 2266 habendas.
929 2202 985 2266 sed
1017 2200 1130 2266 Ofilius

119 2292 234 2375 aiebat,
258 2290 287 2356 si
310 2291 470 2356 adimendi
492 2291 593 2374 legati
615 2311 713 2355 eausa
734 2289 1014 2356 fideicommissam
1031 2290 1130 2354 liber-

117 2383 219 2445 tatem
241 2382 382 2444 testator
404 2378 554 2462 dedisset,
578 2400 616 2443 ea
639 2401 715 2444 vera
738 2400 822 2464 esse3
849 2379 877 2443 ai
901 2400 976 2444 vero
1000 2379 1128 2444 onerari

118 2468 269 2534 heredem
285 2471 472 2534 ateatatore
482 2467 660 2554 legatarius
671 2468 856 2551 ostenderit,
870 2465 1131 2532 aestimationem

118 2557 222 2623 nihilo
246 2557 353 2622 minus
376 2558 533 2642 legatario
556 2556 793 2641 praestandam.

206 2645 274 2712 23?
308 2645 347 2710 D.
365 2647 420 2730 40,
439 2645 469 2730 5,
489 2646 519 2711 8.
573 2645 772 2730 Pomponius
804 2644 888 2709 libro
921 2645 1058 2728 septimo
1092 2664 1131 2706 ex

119 2735 247 2802 Plautio
280 2731 329 2821 (P.
352 2734 442 2820 364).
475 2771 519 2782 —
549 2733 634 2799 Eum
672 2735 723 2800 oui
755 2732 843 2798 mille
874 2732 999 2796 nummi
1029 2733 1130 2816 legati

118 2825 267 2909 fuissent,
285 2823 314 2889 si
331 2829 464 2910 rogatus
483 2822 599 2888 fuisset
617 2824 734 2910 viginti
752 2843 880 2888 servum
894 2822 1129 2900 manumittere,

119 2936 184 2980 non
202 2913 277 2999 cogi
294 2911 576 2978 fideicommissam
594 2912 778 2978 libertatem
797 2914 970 2995 praestare,
996 2910 1024 2975 si
1042 2911 1129 2993 lega-

119 3007 188 3068 tum
212 3024 279 3067 non
302 3006 441 3085 saperet.

208 3096 411 3208 Tribonianus
452 3095 660 3172 respondentis
701 3097 820 3157 nomine
862 3095 960 3155 deleto
1002 3093 1129 3154 addidit:

121 3180 271 3246 ‘constat

416 3267 467 3334 De
488 3269 637 3352 eruptione
658 3269 836 3334 venditione.

209 3375 261 3441 24.
291 3374 330 3440 D.
350 3375 402 3458 21,
419 3376 450 3462 2,
468 3376 521 3460 22,
542 3375 570 3441 1.
619 3374 814 3460 Pomponius
844 3374 929 3440 libro
958 3344 1062 3457 primo
1091 3392 1130 3435 ex

123 3463 248 3530 Plautio
277 3462 328 3550 (P.
352 3461 442 3551 326).
474 3501 518 3512 -
551 3463 585 3530 Si
611 3467 777 3530 seeundum
804 3457 1013 3545 manaffaml
1039 3459 1130 3523 fundi

193 3628 207 3676 1
228 3621 303 3678 Trio.
322 3620 442 3678 tradere.
493 3625 518 3675 2.
540 3621 614 3676 Trio.
633 3635 685 3690 pro
704 3619 850 3674 evictione.
