2568 3912
187 245 232 300 Ν.
254 243 350 310 QUAE
368 242 535 301 RECEPTA
553 243 654 313 SUNT,
673 242 914 298 PLAOUERUNT
933 241 1009 296 ETO.
1037 242 1103 305 585

249 407 288 474 sa·
309 410 481 490 quadrupes
499 407 679 490 pauperiem
698 406 804 488 fecisse
826 407 948 471 dicetur.

188 523 251 588 60?
287 523 327 588 D.
351 525 381 604 9,
407 526 433 602 1,
457 524 485 587 3.
529 522 627 587 Gaius
655 521 739 586 libro
768 525 881 587 octavo
910 522 1031 586 decimo
1061 520 1102 585 ad

101 612 248 677 edictum.
281 649 319 660 —
353 611 405 676 Ex
431 611 491 676 hac
519 613 590 696 lege
617 611 682 675 iam
717 632 783 675 non
812 610 977 676 dubitatur
1005 610 1103 675 etiam

100 702 274 766 liberarum
297 722 505 785 personarum
529 700 659 764 nomine
684 699 737 783 agi
760 721 863 783 posse¹

412 860 462 925 Dc
484 859 784 943 compensationibus.

184 977 236 1042 61.
260 973 329 1040 Gai.
351 967 383 1058 '4,
407 975 458 1040 63.
480 1011 524 1022 —
552 974 704 1039 Liberum
729 978 779 1038 est
801 1021 835 1037 ..
859 972 956 1038 iudici
978 973 1103 1036 nullam

97 1065 228 1131 omnino
248 1063 382 1128 invicem
403 1064 673 1148 compensationis
692 1063 851 1126 rationem
866 1062 983 1125 habere
999 1058 1056 1149 (sc.
1070 1061 1104 1124 in

96 1154 200 1218 bonae
219 1153 294 1216 fidei
313 1149 470 1238 iudiciis);
492 1173 551 1216 nec
574 1153 658 1216 enim
683 1155 794 1236 aperte
817 1149 976 1215 formulae
995 1149 1103 1214 uerbis

95 1242 301 1327 praecipitur,
324 1240 379 1305 sed
402 1243 477 1326 quia
500 1241 532 1304 id
557 1242 660 1306 bonae
678 1241 752 1304 fidei
775 1239 892 1304 iudicio
912 1237 1103 1303 conueniens

94 1330 234 1416 videtur,
256 1329 327 1394 ideo
353 1329 458 1395 officio
481 1329 594 1394 iudicia
614 1328 771 1394 contineri
795 1327 944 1394 creditur.

502 1479 551 1544 Dc
568 1480 696 1562 pmalio.

187 1587 237 1651 62.
267 1585 336 1651 Gai.
367 1588 397 1670 4,
422 1588 472 1651 74.
504 1623 541 1633 —
576 1585 765 1652 ..dubium
793 1590 944 1669 nonest,
972 1585 1106 1670 quinat

99 1675 127 1739 11
160 1677 215 1758 qui
242 1675 332 1740 1111111
363 1677 465 1759 patris
494 1675 655 1740 dominive
683 1675 844 1776 contraxit
874 1674 1002 1775 cuique·
1017 1694 1105 1738 exer-

101 1851 140 1916 de
163 1853 197 1916 in
220 1873 288 1916 rem
310 1874 403 1918 verso
428 1849 523 1939 agere
546 1853 658 1936 possit.

526 2012 675 2096 Deposita

186 2128 235 2192 63.
262 2126 300 2193 D.
323 2129 376 2210 44,
400 2129 430 2213 7,
459 2130 485 2209 l,
510 2128 538 2194 5.
585 2127 684 2192 Gaius
710 2127 794 2192 libro
819 2125 957 2191 secundo
982 2125 1104 2190 Aureo·

93 2237 177 2279 rum.
201 2251 243 2262 -
268 2217 562 2301 ...neglegentiae
587 2269 615 2284 ..
638 2217 769 2280 nomine
791 2215 864 2282 ideo
887 2237 953 2279 non
975 2218 1106 2278 tenetur

96 2301 155 2387 (sc.
180 2303 235 2386 qui
264 2324 332 2366 rem
362 2304 604 2370 custodiendam
633 2300 785 2389 accepit),
812 2305 887 2387 quia
915 2303 970 2387 qui
997 2301 1103 2386 negle-
1155 2374 1159 2377 ,

95 2391 188 2476 genti
211 2390 405 2456 animarem
429 2392 670 2458 custodiendam
689 2390 873 2475 committit,
895 2391 933 2455 de
958 2411 991 2454 se
1015 2389 1106 2474 queri

95 2479 200 2544 debet.
238 2499 388 2564 magnam
418 2483 526 2544 tamen
557 2480 796 2566 neglegentiam
827 2479 948 2562 placuit
974 2478 1007 2542 in
1039 2477 1105 2542 doli

94 2569 215 2634 crimen
239 2567 360 2633 cadere.

520 2658 676 2722 Mondaia

187 2772 238 2837 64.
276 2769 345 2836 Gai.
370 2772 399 2854 3,
425 2771 497 2836 157.
521 2805 563 2818 ’-
587 2771 670 2836 Illud
699 2773 836 2854 constat,
859 2771 888 2833 11
911 2769 981 2854 quie
1005 2768 1044 2832 de
1067 2790 1106 2832 ea

94 2883 131 2925 re
154 2860 284 2924 mandet
307 2883 387 2946 quae
412 2865 525 2925 contra
542 2861 644 2925 bonos
664 2881 768 2925 mores
794 2862 852 2944 est,
873 2880 939 2923 non
958 2858 1105 2923 contrahi

96 2948 338 3036 obligationem.

450 3037 500 3104 De
522 3038 750 3122 comptioaitm

186 3151 1104 3239 65.(1111116.-11111Η111111μ1111111

94 3243 167 3307 iure
204 3243 291 3306 civili
331 3248 487 3325 teneatur,
524 3242 624 3308 sed
614 3245 759 3327 miquum
796 3244 839 3308 111
876 3204 949 3307 euin
986 3241 1105 3306 iudicio

96 3330 312 3397 condemnari.
344 3334 444 3397 veluti
418 3332 538 3416 t<si>
562 3332 735 3416 stipulatus
760 3331 820 3396 sim
844 3354 863 3396 a
885 3334 918 3395 te
936 3330 1105 3414 pecuniam

95 3424 263 3521 tamquam
300 3421 447 3485 credendi
484 3443 581 3486 causa
612 3425 836 3484 numeraturus
868 3441 927 3484 nec
959 3438 1106 3482 numera-

95 3509 217 3591 verim,
247 3529 322 3573 nam
352 3530 423 3574 eam
449 3511 617 3595 pecuniam
647 3531 665 3572 a
693 3513 725 3573 te
758 3509 826 3592 peti
858 3529 954 3592 posse
981 3507 1105 3571 certum

95 3599 161 3661 est:
186 3596 262 3660 dare
292 3598 377 3662 enim
399 3600 432 3662 te
456 3602 596 3682 oportet,
624 3619 697 3662 cum
725 3619 807 3662 cxs
792 3596 949 3681 stipulatu
976 3590 1104 3658 teneris.

1178 3701 1237 3711 Α
