<?xml version="1.0" encoding="UTF-8"?>
<!DOCTYPE html PUBLIC "-//W3C//DTD XHTML 1.0 Transitional//EN"
    "http://www.w3.org/TR/xhtml1/DTD/xhtml1-transitional.dtd">
<html xmlns="http://www.w3.org/1999/xhtml" xml:lang="en" lang="en">
 <head>
  <title>
</title>
<meta http-equiv="Content-Type" content="text/html;charset=utf-8" />
  <meta name='ocr-system' content='tesseract 3.04.00' />
  <meta name='ocr-capabilities' content='ocr_page ocr_carea ocr_par ocr_line ocrx_word'/>
</head>
<body>
  <div class='ocr_page' id='page_1' title='image "./iurisprudentiae03bremgoog_0334.png"; bbox 0 0 2590 3902; ppageno 0'>
   <div class='ocr_carea' id='block_1_1' title="bbox 185 199 1161 268">
    <p class='ocr_par' dir='ltr' id='par_1_1' title="bbox 185 199 1161 268">
     <span class='ocr_line' id='line_1_1' title="bbox 185 199 1161 268; baseline -0.002 -11"><span class='ocrx_word' id='word_1_1' title='bbox 185 202 251 268; x_wconf 84' lang='lat'><strong>304</strong></span> <span class='ocrx_word' id='word_1_2' title='bbox 286 203 319 260; x_wconf 87' lang='lat' dir='ltr'><strong>V.</strong></span> <span class='ocrx_word' id='word_1_3' title='bbox 339 201 488 258; x_wconf 77' lang='lat' dir='ltr'><strong>NERVAE</strong></span> <span class='ocrx_word' id='word_1_4' title='bbox 506 201 553 256; x_wconf 87' lang='grc' dir='ltr'><strong>ΕΤ</strong></span> <span class='ocrx_word' id='word_1_5' title='bbox 573 200 725 256; x_wconf 76' lang='lat' dir='ltr'><strong>TRAIANI</strong></span> <span class='ocrx_word' id='word_1_6' title='bbox 743 199 850 256; x_wconf 77' lang='grc' dir='ltr'><strong>ΤΕΜΡ.</strong></span> <span class='ocrx_word' id='word_1_7' title='bbox 869 200 966 256; x_wconf 83' lang='lat' dir='ltr'><strong>IURIS</strong></span> <span class='ocrx_word' id='word_1_8' title='bbox 985 199 1161 258; x_wconf 79' lang='lat' dir='ltr'><strong>CONSUL&#39;I&#39;I</strong></span> 
     </span>
    </p>
   </div>
   <div class='ocr_carea' id='block_1_2' title="bbox 470 389 908 451">
    <p class='ocr_par' dir='ltr' id='par_1_2' title="bbox 470 389 908 451">
     <span class='ocr_line' id='line_1_2' title="bbox 470 389 908 451; baseline 0.002 -2"><span class='ocrx_word' id='word_1_9' title='bbox 470 389 517 449; x_wconf 89' lang='lat' dir='ltr'><strong>Dc</strong></span> <span class='ocrx_word' id='word_1_10' title='bbox 539 391 726 449; x_wconf 73' lang='lat' dir='ltr'><strong>instrumento</strong></span> <span class='ocrx_word' id='word_1_11' title='bbox 749 389 908 451; x_wconf 65' lang='lat' dir='ltr'><strong>habearis.</strong></span> 
     </span>
    </p>
   </div>
   <div class='ocr_carea' id='block_1_3' title="bbox 181 505 1192 680">
    <p class='ocr_par' dir='ltr' id='par_1_3' title="bbox 181 505 1192 680">
     <span class='ocr_line' id='line_1_3' title="bbox 271 505 1192 593; baseline 0 -21"><span class='ocrx_word' id='word_1_12' title='bbox 271 507 323 572; x_wconf 81' lang='lat'><strong>30.</strong></span> <span class='ocrx_word' id='word_1_13' title='bbox 346 505 386 572; x_wconf 85' lang='lat' dir='ltr'><strong>D.</strong></span> <span class='ocrx_word' id='word_1_14' title='bbox 405 507 480 573; x_wconf 92' lang='lat' dir='ltr'>ibid.</span> <span class='ocrx_word' id='word_1_15' title='bbox 499 510 519 588; x_wconf 64' lang='grc' dir='ltr'><strong><em>ξ</em></strong></span> <span class='ocrx_word' id='word_1_16' title='bbox 536 510 563 576; x_wconf 90' lang='grc'><strong>1.</strong></span> <span class='ocrx_word' id='word_1_17' title='bbox 583 543 624 554; x_wconf 90' lang='grc'><strong>-</strong></span> <span class='ocrx_word' id='word_1_18' title='bbox 648 507 866 573; x_wconf 83' lang='lat' dir='ltr'><strong>Instrumenta</strong></span> <span class='ocrx_word' id='word_1_19' title='bbox 891 507 1057 572; x_wconf 85' lang='lat' dir='ltr'><strong>balnearia</strong></span> <span class='ocrx_word' id='word_1_20' title='bbox 1077 506 1192 593; x_wconf 80' lang='lat' dir='ltr'><strong>legato</strong></span> 
     </span>
     <span class='ocr_line' id='line_1_4' title="bbox 181 593 1079 680; baseline 0.004 -18"><span class='ocrx_word' id='word_1_21' title='bbox 181 597 279 662; x_wconf 87' lang='lat' dir='ltr'><strong>etiam</strong></span> <span class='ocrx_word' id='word_1_22' title='bbox 303 594 524 662; x_wconf 73' lang='lat' dir='ltr'><strong>balneatorem</strong></span> <span class='ocrx_word' id='word_1_23' title='bbox 548 597 706 662; x_wconf 79' lang='lat' dir='ltr'>contineri</span> <span class='ocrx_word' id='word_1_24' title='bbox 729 593 882 662; x_wconf 78' lang='lat' dir='ltr'><strong>Neratius</strong></span> <span class='ocrx_word' id='word_1_25' title='bbox 905 593 1079 680; x_wconf 84' lang='lat' dir='ltr'><strong>respondit.</strong></span> 
     </span>
    </p>
   </div>
   <div class='ocr_carea' id='block_1_4' title="bbox 472 780 902 854">
    <p class='ocr_par' dir='ltr' id='par_1_4' title="bbox 472 780 902 854">
     <span class='ocr_line' id='line_1_5' title="bbox 472 780 902 854; baseline 0 -14"><span class='ocrx_word' id='word_1_26' title='bbox 472 781 519 840; x_wconf 87' lang='lat' dir='ltr'><strong>De</strong></span> <span class='ocrx_word' id='word_1_27' title='bbox 541 782 648 840; x_wconf 69' lang='lat' dir='ltr'><strong>abacto</strong></span> <span class='ocrx_word' id='word_1_28' title='bbox 670 780 782 840; x_wconf 69' lang='lat' dir='ltr'><strong>iamim</strong></span> <span class='ocrx_word' id='word_1_29' title='bbox 804 781 902 854; x_wconf 69' lang='lat' dir='ltr'><strong>aequa.</strong></span> 
     </span>
    </p>
   </div>
   <div class='ocr_carea' id='block_1_5' title="bbox 181 896 1193 1162">
    <p class='ocr_par' dir='ltr' id='par_1_5' title="bbox 181 896 1193 1162">
     <span class='ocr_line' id='line_1_6' title="bbox 271 896 1193 983; baseline -0.003 -18"><span class='ocrx_word' id='word_1_30' title='bbox 271 899 322 965; x_wconf 88' lang='grc'><strong>31.</strong></span> <span class='ocrx_word' id='word_1_31' title='bbox 346 898 384 964; x_wconf 91' lang='lat' dir='ltr'><strong>D.</strong></span> <span class='ocrx_word' id='word_1_32' title='bbox 400 899 453 983; x_wconf 84' lang='lat'><strong>30,</strong></span> <span class='ocrx_word' id='word_1_33' title='bbox 469 898 519 965; x_wconf 82' lang='lat'><strong>13.</strong></span> <span class='ocrx_word' id='word_1_34' title='bbox 554 898 645 963; x_wconf 85' lang='lat' dir='ltr'><strong>Idem</strong></span> <span class='ocrx_word' id='word_1_35' title='bbox 663 896 721 983; x_wconf 91' lang='lat' dir='ltr'><strong>(se.</strong></span> <span class='ocrx_word' id='word_1_36' title='bbox 737 896 950 983; x_wconf 83' lang='lat' dir='ltr'>Pomponius)</span> <span class='ocrx_word' id='word_1_37' title='bbox 969 897 1054 964; x_wconf 92' lang='lat' dir='ltr'><strong>libro</strong></span> <span class='ocrx_word' id='word_1_38' title='bbox 1074 901 1193 982; x_wconf 89' lang='lat' dir='ltr'><strong>quarto</strong></span> 
     </span>
     <span class='ocr_line' id='line_1_7' title="bbox 182 984 1193 1076; baseline 0.001 -23"><span class='ocrx_word' id='word_1_39' title='bbox 182 984 349 1076; x_wconf 72' lang='lat' dir='ltr'><strong>(quintal)</strong></span> <span class='ocrx_word' id='word_1_40' title='bbox 369 987 410 1052; x_wconf 87' lang='lat' dir='ltr'><strong>ad</strong></span> <span class='ocrx_word' id='word_1_41' title='bbox 424 985 579 1054; x_wconf 82' lang='lat' dir='ltr'><strong>Sabinum</strong></span> <span class='ocrx_word' id='word_1_42' title='bbox 598 984 645 1071; x_wconf 88' lang='lat' dir='ltr'><strong>(P.</strong></span> <span class='ocrx_word' id='word_1_43' title='bbox 660 984 750 1074; x_wconf 84' lang='lat'><strong>439).</strong></span> <span class='ocrx_word' id='word_1_44' title='bbox 771 1023 810 1036; x_wconf 92' lang='lat'>-</span> <span class='ocrx_word' id='word_1_45' title='bbox 831 985 911 1053; x_wconf 82' lang='lat' dir='ltr'><strong>Gum</strong></span> <span class='ocrx_word' id='word_1_46' title='bbox 930 988 1073 1052; x_wconf 89' lang='lat' dir='ltr'><strong>incertus</strong></span> <span class='ocrx_word' id='word_1_47' title='bbox 1091 987 1193 1054; x_wconf 90' lang='lat' dir='ltr'><strong>homo</strong></span> 
     </span>
     <span class='ocr_line' id='line_1_8' title="bbox 181 1073 1193 1162; baseline -0.001 -21"><span class='ocrx_word' id='word_1_48' title='bbox 181 1077 261 1162; x_wconf 90' lang='lat' dir='ltr'><strong>&lt;per</strong></span> <span class='ocrx_word' id='word_1_49' title='bbox 282 1077 556 1161; x_wconf 84' lang='lat' dir='ltr'><strong>vindicationem&gt;</strong></span> <span class='ocrx_word' id='word_1_50' title='bbox 579 1077 706 1160; x_wconf 76' lang='lat' dir='ltr'><strong>legatus</strong></span> <span class='ocrx_word' id='word_1_51' title='bbox 729 1075 793 1142; x_wconf 91' lang='lat' dir='ltr'><strong>tibi</strong></span> <span class='ocrx_word' id='word_1_52' title='bbox 814 1081 908 1160; x_wconf 78' lang='lat' dir='ltr'><strong>esset,</strong></span> <span class='ocrx_word' id='word_1_53' title='bbox 930 1075 1024 1140; x_wconf 88' lang='lat' dir='ltr'><strong>heres</strong></span> <span class='ocrx_word' id='word_1_54' title='bbox 1044 1073 1193 1142; x_wconf 84' lang='lat' dir='ltr'><strong>Stichum</strong></span> 
     </span>
    </p>
   </div>
   <div class='ocr_carea' id='block_1_6' title="bbox 182 1161 1194 1252">
    <p class='ocr_par' dir='ltr' id='par_1_6' title="bbox 182 1161 1194 1252">
     <span class='ocr_line' id='line_1_9' title="bbox 182 1161 1194 1252; baseline -0.002 -20"><span class='ocrx_word' id='word_1_55' title='bbox 182 1188 275 1232; x_wconf 78' lang='lat' dir='ltr'><strong>servo</strong></span> <span class='ocrx_word' id='word_1_56' title='bbox 294 1169 385 1232; x_wconf 87' lang='lat' dir='ltr'><strong>tuot</strong></span> <span class='ocrx_word' id='word_1_57' title='bbox 370 1164 504 1231; x_wconf 87' lang='lat' dir='ltr'><strong>tradidit</strong></span> <span class='ocrx_word' id='word_1_58' title='bbox 522 1165 698 1250; x_wconf 89' lang='lat' dir='ltr'><strong>(mancipio</strong></span> <span class='ocrx_word' id='word_1_59' title='bbox 714 1161 850 1252; x_wconf 70' lang='lat' dir='ltr'><strong>deditl).</strong></span> <span class='ocrx_word' id='word_1_60' title='bbox 886 1163 1041 1231; x_wconf 75' lang='lat' dir='ltr'><strong>Neratius</strong></span> <span class='ocrx_word' id='word_1_61' title='bbox 1060 1186 1194 1249; x_wconf 89' lang='lat' dir='ltr'><strong>respon·</strong></span> 
     </span>
    </p>
   </div>
   <div class='ocr_carea' id='block_1_7' title="bbox 62 1249 1194 1344">
    <p class='ocr_par' dir='ltr' id='par_1_7' title="bbox 62 1249 1194 1344">
     <span class='ocr_line' id='line_1_10' title="bbox 62 1249 1194 1344; baseline -0.001 -24"><span class='ocrx_word' id='word_1_62' title='bbox 62 1288 65 1292; x_wconf 44' lang='lat'><strong>⁴</strong></span> <span class='ocrx_word' id='word_1_63' title='bbox 182 1256 240 1344; x_wconf 85' lang='lat' dir='ltr'><strong>dit,</strong></span> <span class='ocrx_word' id='word_1_64' title='bbox 263 1257 290 1320; x_wconf 91' lang='lat' dir='ltr'><strong>si</strong></span> <span class='ocrx_word' id='word_1_65' title='bbox 312 1255 479 1320; x_wconf 83' lang='lat' dir='ltr'><strong>voluntate</strong></span> <span class='ocrx_word' id='word_1_66' title='bbox 502 1253 625 1319; x_wconf 88' lang='lat' dir='ltr'><strong>domini</strong></span> <span class='ocrx_word' id='word_1_67' title='bbox 648 1252 783 1318; x_wconf 81' lang='lat' dir='ltr'><strong>tradidit</strong></span> <span class='ocrx_word' id='word_1_68' title='bbox 801 1251 976 1341; x_wconf 89' lang='lat' dir='ltr'><strong>(mancipio</strong></span> <span class='ocrx_word' id='word_1_69' title='bbox 996 1249 1120 1340; x_wconf 69' lang='lat' dir='ltr'><strong>dediti)</strong></span> <span class='ocrx_word' id='word_1_70' title='bbox 1140 1254 1194 1319; x_wconf 86' lang='lat' dir='ltr'><strong>val</strong></span> 
     </span>
    </p>
   </div>
   <div class='ocr_carea' id='block_1_8' title="bbox 181 1342 1196 1518">
    <p class='ocr_par' dir='ltr' id='par_1_8' title="bbox 181 1342 1196 1518">
     <span class='ocr_line' id='line_1_11' title="bbox 181 1342 1196 1427; baseline -0.002 -18"><span class='ocrx_word' id='word_1_71' title='bbox 181 1349 290 1410; x_wconf 87' lang='lat' dir='ltr'><strong>ratum</strong></span> <span class='ocrx_word' id='word_1_72' title='bbox 312 1344 374 1409; x_wconf 90' lang='lat' dir='ltr'><strong>hoc</strong></span> <span class='ocrx_word' id='word_1_73' title='bbox 397 1344 546 1409; x_wconf 88' lang='lat' dir='ltr'><strong>domiuus</strong></span> <span class='ocrx_word' id='word_1_74' title='bbox 569 1343 728 1426; x_wconf 88' lang='lat' dir='ltr'><strong>habuerit,</strong></span> <span class='ocrx_word' id='word_1_75' title='bbox 751 1343 883 1426; x_wconf 85' lang='lat' dir='ltr'><strong>perinde</strong></span> <span class='ocrx_word' id='word_1_76' title='bbox 907 1363 979 1408; x_wconf 89' lang='lat' dir='ltr'><strong>aum</strong></span> <span class='ocrx_word' id='word_1_77' title='bbox 1010 1342 1196 1427; x_wconf 85' lang='lat' dir='ltr'><strong>liberatum,</strong></span> 
     </span>
     <span class='ocr_line' id='line_1_12' title="bbox 184 1431 756 1518; baseline -0.005 -20"><span class='ocrx_word' id='word_1_78' title='bbox 184 1439 280 1518; x_wconf 85' lang='lat' dir='ltr'><strong>atque</strong></span> <span class='ocrx_word' id='word_1_79' title='bbox 304 1433 332 1498; x_wconf 91' lang='lat' dir='ltr'><strong>si</strong></span> <span class='ocrx_word' id='word_1_80' title='bbox 357 1431 486 1498; x_wconf 87' lang='lat' dir='ltr'><strong>Stichus</strong></span> <span class='ocrx_word' id='word_1_81' title='bbox 509 1432 600 1516; x_wconf 82' lang='lat' dir='ltr'><strong>legat</strong></span> <span class='ocrx_word' id='word_1_82' title='bbox 600 1454 638 1496; x_wconf 91' lang='lat' dir='ltr'><strong>us</strong></span> <span class='ocrx_word' id='word_1_83' title='bbox 662 1435 756 1496; x_wconf 90' lang='lat' dir='ltr'><strong>esset.</strong></span> 
     </span>
    </p>
   </div>
   <div class='ocr_carea' id='block_1_9' title="bbox 466 1614 908 1690">
    <p class='ocr_par' dir='ltr' id='par_1_9' title="bbox 466 1614 908 1690">
     <span class='ocr_line' id='line_1_13' title="bbox 466 1614 908 1690; baseline 0.002 -17"><span class='ocrx_word' id='word_1_84' title='bbox 466 1614 513 1674; x_wconf 85' lang='lat' dir='ltr'><strong>De</strong></span> <span class='ocrx_word' id='word_1_85' title='bbox 534 1617 613 1676; x_wconf 64' lang='lat' dir='ltr'><strong>vass</strong></span> <span class='ocrx_word' id='word_1_86' title='bbox 636 1616 778 1676; x_wconf 67' lang='lat' dir='ltr'><strong>electrinas</strong></span> <span class='ocrx_word' id='word_1_87' title='bbox 801 1616 908 1690; x_wconf 73' lang='lat' dir='ltr'><strong>tepetis.</strong></span> 
     </span>
    </p>
   </div>
   <div class='ocr_carea' id='block_1_10' title="bbox 182 1731 1197 2600">
    <p class='ocr_par' dir='ltr' id='par_1_10' title="bbox 182 1731 1197 2526">
     <span class='ocr_line' id='line_1_14' title="bbox 271 1731 1196 1815; baseline 0.001 -17"><span class='ocrx_word' id='word_1_88' title='bbox 271 1732 336 1798; x_wconf 76' lang='lat'><strong>32?</strong></span> <span class='ocrx_word' id='word_1_89' title='bbox 374 1731 414 1797; x_wconf 88' lang='lat' dir='ltr'><strong>D.</strong></span> <span class='ocrx_word' id='word_1_90' title='bbox 435 1732 487 1815; x_wconf 82' lang='lat'><strong>34,</strong></span> <span class='ocrx_word' id='word_1_91' title='bbox 506 1735 536 1812; x_wconf 81' lang='lat'><strong>2,</strong></span> <span class='ocrx_word' id='word_1_92' title='bbox 555 1735 607 1812; x_wconf 83' lang='lat'><strong>32,</strong></span> <span class='ocrx_word' id='word_1_93' title='bbox 626 1734 656 1799; x_wconf 84' lang='lat'><strong>5.</strong></span> <span class='ocrx_word' id='word_1_94' title='bbox 705 1731 826 1798; x_wconf 90' lang='lat' dir='ltr'><strong>Paulus</strong></span> <span class='ocrx_word' id='word_1_95' title='bbox 862 1733 946 1799; x_wconf 88' lang='lat' dir='ltr'><strong>libro</strong></span> <span class='ocrx_word' id='word_1_96' title='bbox 980 1734 1119 1800; x_wconf 90' lang='lat' dir='ltr'><strong>secundo</strong></span> <span class='ocrx_word' id='word_1_97' title='bbox 1151 1734 1196 1799; x_wconf 88' lang='lat' dir='ltr'><strong>ad</strong></span> 
     </span>
     <span class='ocr_line' id='line_1_15' title="bbox 183 1819 1197 1907; baseline 0.003 -22"><span class='ocrx_word' id='word_1_98' title='bbox 183 1820 355 1886; x_wconf 86' lang='lat' dir='ltr'><strong>Vitellium</strong></span> <span class='ocrx_word' id='word_1_99' title='bbox 378 1819 427 1907; x_wconf 90' lang='lat' dir='ltr'><strong>(P.</strong></span> <span class='ocrx_word' id='word_1_100' title='bbox 442 1822 568 1905; x_wconf 69' lang='lat' dir='ltr'><strong>2074b).</strong></span> <span class='ocrx_word' id='word_1_101' title='bbox 590 1858 628 1869; x_wconf 97' lang='lat'>—</span> <span class='ocrx_word' id='word_1_102' title='bbox 652 1819 808 1888; x_wconf 84' lang='lat' dir='ltr'><strong>Neratius</strong></span> <span class='ocrx_word' id='word_1_103' title='bbox 831 1821 1004 1888; x_wconf 89' lang='lat' dir='ltr'><strong>Proculum</strong></span> <span class='ocrx_word' id='word_1_104' title='bbox 1025 1822 1125 1888; x_wconf 86' lang='lat' dir='ltr'><strong>refert</strong></span> <span class='ocrx_word' id='word_1_105' title='bbox 1146 1823 1197 1888; x_wconf 85' lang='lat' dir='ltr'><strong>ita</strong></span> 
     </span>
     <span class='ocr_line' id='line_1_16' title="bbox 182 1909 1197 1996; baseline 0.003 -21"><span class='ocrx_word' id='word_1_106' title='bbox 182 1909 401 1994; x_wconf 88' lang='lat' dir='ltr'><strong>respondisse:</strong></span> <span class='ocrx_word' id='word_1_107' title='bbox 438 1912 525 1976; x_wconf 84' lang='lat' dir='ltr'><strong>vasis</strong></span> <span class='ocrx_word' id='word_1_108' title='bbox 563 1911 725 1978; x_wconf 89' lang='lat' dir='ltr'><strong>electrinis</strong></span> <span class='ocrx_word' id='word_1_109' title='bbox 761 1911 879 1995; x_wconf 83' lang='lat' dir='ltr'><strong>legatis</strong></span> <span class='ocrx_word' id='word_1_110' title='bbox 916 1911 997 1977; x_wconf 92' lang='lat' dir='ltr'><strong>nihil</strong></span> <span class='ocrx_word' id='word_1_111' title='bbox 1028 1912 1197 1996; x_wconf 85' lang='lat' dir='ltr'><strong>interesse,</strong></span> 
     </span>
     <span class='ocr_line' id='line_1_17' title="bbox 183 1999 1197 2084; baseline 0.004 -21"><span class='ocrx_word' id='word_1_112' title='bbox 183 2004 338 2083; x_wconf 87' lang='lat' dir='ltr'><strong>quantum</strong></span> <span class='ocrx_word' id='word_1_113' title='bbox 369 2020 408 2062; x_wconf 87' lang='lat' dir='ltr'><strong>ea</strong></span> <span class='ocrx_word' id='word_1_114' title='bbox 435 2020 527 2084; x_wconf 88' lang='lat' dir='ltr'><strong>vasa,</strong></span> <span class='ocrx_word' id='word_1_115' title='bbox 559 2000 597 2064; x_wconf 90' lang='lat' dir='ltr'><strong>de</strong></span> <span class='ocrx_word' id='word_1_116' title='bbox 625 1999 740 2081; x_wconf 89' lang='lat' dir='ltr'><strong>quibus</strong></span> <span class='ocrx_word' id='word_1_117' title='bbox 769 2001 948 2084; x_wconf 88' lang='lat' dir='ltr'><strong>quaeritur,</strong></span> <span class='ocrx_word' id='word_1_118' title='bbox 980 2001 1108 2084; x_wconf 84' lang='lat' dir='ltr'><strong>argenti</strong></span> <span class='ocrx_word' id='word_1_119' title='bbox 1136 2007 1197 2068; x_wconf 87' lang='lat' dir='ltr'><strong>aut</strong></span> 
     </span>
     <span class='ocr_line' id='line_1_18' title="bbox 184 2085 1197 2173; baseline 0.005 -22"><span class='ocrx_word' id='word_1_120' title='bbox 184 2089 296 2152; x_wconf 84' lang='lat' dir='ltr'><strong>electri</strong></span> <span class='ocrx_word' id='word_1_121' title='bbox 318 2085 489 2169; x_wconf 82' lang='lat' dir='ltr'><strong>habeant²‚</strong></span> <span class='ocrx_word' id='word_1_122' title='bbox 513 2088 570 2153; x_wconf 91' lang='lat' dir='ltr'><strong>sed</strong></span> <span class='ocrx_word' id='word_1_123' title='bbox 593 2093 701 2154; x_wconf 89' lang='lat' dir='ltr'><strong>utrum</strong></span> <span class='ocrx_word' id='word_1_124' title='bbox 720 2093 892 2173; x_wconf 85' lang='lat' dir='ltr'><strong>argentum</strong></span> <span class='ocrx_word' id='word_1_125' title='bbox 911 2091 1030 2154; x_wconf 89' lang='lat' dir='ltr'><strong>electro</strong></span> <span class='ocrx_word' id='word_1_126' title='bbox 1050 2111 1091 2155; x_wconf 87' lang='lat' dir='ltr'><strong>an</strong></span> <span class='ocrx_word' id='word_1_127' title='bbox 1110 2089 1197 2156; x_wconf 89' lang='lat' dir='ltr'><strong>elec·</strong></span> 
     </span>
     <span class='ocr_line' id='line_1_19' title="bbox 183 2176 1196 2262; baseline 0.004 -21"><span class='ocrx_word' id='word_1_128' title='bbox 183 2181 272 2241; x_wconf 90' lang='lat' dir='ltr'><strong>trum</strong></span> <span class='ocrx_word' id='word_1_129' title='bbox 296 2182 431 2261; x_wconf 87' lang='lat' dir='ltr'><strong>argento</strong></span> <span class='ocrx_word' id='word_1_130' title='bbox 455 2176 569 2243; x_wconf 78' lang='lat' dir='ltr'><strong>cedat?</strong></span> <span class='ocrx_word' id='word_1_131' title='bbox 615 2177 647 2242; x_wconf 89' lang='lat' dir='ltr'><strong>id</strong></span> <span class='ocrx_word' id='word_1_132' title='bbox 671 2198 711 2241; x_wconf 82' lang='lat' dir='ltr'><strong>ex</strong></span> <span class='ocrx_word' id='word_1_133' title='bbox 733 2181 866 2262; x_wconf 86' lang='lat' dir='ltr'><strong>aspectu</strong></span> <span class='ocrx_word' id='word_1_134' title='bbox 888 2199 1040 2244; x_wconf 87' lang='lat' dir='ltr'><strong>vasorum</strong></span> <span class='ocrx_word' id='word_1_135' title='bbox 1064 2177 1196 2244; x_wconf 88' lang='lat' dir='ltr'><strong>facilius</strong></span> 
     </span>
     <span class='ocr_line' id='line_1_20' title="bbox 182 2265 1196 2352; baseline 0.004 -22"><span class='ocrx_word' id='word_1_136' title='bbox 182 2265 330 2352; x_wconf 83' lang='lat' dir='ltr'><strong>intellegi</strong></span> <span class='ocrx_word' id='word_1_137' title='bbox 352 2285 456 2348; x_wconf 87' lang='lat' dir='ltr'><strong>posse.</strong></span> <span class='ocrx_word' id='word_1_138' title='bbox 491 2265 590 2351; x_wconf 89' lang='lat' dir='ltr'><strong>[quod</strong></span> <span class='ocrx_word' id='word_1_139' title='bbox 614 2265 698 2331; x_wconf 92' lang='lat' dir='ltr'><strong>siin</strong></span> <span class='ocrx_word' id='word_1_140' title='bbox 721 2266 858 2331; x_wconf 89' lang='lat' dir='ltr'><strong>obscuro</strong></span> <span class='ocrx_word' id='word_1_141' title='bbox 882 2267 934 2348; x_wconf 75' lang='lat' dir='ltr'><strong>sit,</strong></span> <span class='ocrx_word' id='word_1_142' title='bbox 957 2266 1196 2351; x_wconf 90' lang='lat' dir='ltr'><strong>inspiciendum</strong></span> 
     </span>
     <span class='ocr_line' id='line_1_21' title="bbox 183 2354 1196 2440; baseline 0.003 -21"><span class='ocrx_word' id='word_1_143' title='bbox 183 2358 243 2439; x_wconf 85' lang='lat' dir='ltr'><strong>est,</strong></span> <span class='ocrx_word' id='word_1_144' title='bbox 264 2355 300 2419; x_wconf 88' lang='lat' dir='ltr'><strong>in</strong></span> <span class='ocrx_word' id='word_1_145' title='bbox 323 2359 396 2419; x_wconf 87' lang='lat' dir='ltr'><strong>utro</strong></span> <span class='ocrx_word' id='word_1_146' title='bbox 419 2377 552 2420; x_wconf 89' lang='lat' dir='ltr'><strong>numero</strong></span> <span class='ocrx_word' id='word_1_147' title='bbox 571 2355 762 2438; x_wconf 77' lang='lat' dir='ltr'><strong>assessis,</strong></span> <span class='ocrx_word' id='word_1_148' title='bbox 785 2354 840 2439; x_wconf 89' lang='lat' dir='ltr'><strong>qui</strong></span> <span class='ocrx_word' id='word_1_149' title='bbox 858 2358 1088 2422; x_wconf 85' lang='lat' dir='ltr'><strong>testamentum</strong></span> <span class='ocrx_word' id='word_1_150' title='bbox 1107 2355 1196 2440; x_wconf 85' lang='lat' dir='ltr'><strong>fecit,</strong></span> 
     </span>
     <span class='ocr_line' id='line_1_22' title="bbox 182 2443 354 2526; baseline 0.017 -18"><span class='ocrx_word' id='word_1_151' title='bbox 182 2443 354 2526; x_wconf 82' lang='lat' dir='ltr'><strong>habuerit]</strong></span> 
     </span>
    </p>

    <p class='ocr_par' dir='ltr' id='par_1_11' title="bbox 496 2533 878 2600">
     <span class='ocr_line' id='line_1_23' title="bbox 496 2533 878 2600; baseline 0 -2"><span class='ocrx_word' id='word_1_152' title='bbox 496 2533 655 2600; x_wconf 81' lang='lat' dir='ltr'><strong>Familiae</strong></span> <span class='ocrx_word' id='word_1_153' title='bbox 677 2533 878 2600; x_wconf 70' lang='lat' dir='ltr'><strong>assandae.</strong></span> 
     </span>
    </p>
   </div>
   <div class='ocr_carea' id='block_1_11' title="bbox 182 2655 1276 3450">
    <p class='ocr_par' dir='ltr' id='par_1_12' title="bbox 182 2655 1276 3450">
     <span class='ocr_line' id='line_1_24' title="bbox 272 2655 1194 2742; baseline 0.002 -18"><span class='ocrx_word' id='word_1_154' title='bbox 272 2659 323 2724; x_wconf 87' lang='lat'><strong>33</strong></span> <span class='ocrx_word' id='word_1_155' title='bbox 353 2655 391 2721; x_wconf 91' lang='lat' dir='ltr'><strong>D.</strong></span> <span class='ocrx_word' id='word_1_156' title='bbox 408 2657 458 2738; x_wconf 90' lang='grc'><strong>10,</strong></span> <span class='ocrx_word' id='word_1_157' title='bbox 473 2659 503 2742; x_wconf 84' lang='lat'><strong>2,</strong></span> <span class='ocrx_word' id='word_1_158' title='bbox 517 2658 614 2739; x_wconf 78' lang='grc'><strong>20,.7</strong></span> <span class='ocrx_word' id='word_1_159' title='bbox 659 2657 819 2742; x_wconf 83' lang='lat' dir='ltr'><strong>Ulpianus</strong></span> <span class='ocrx_word' id='word_1_160' title='bbox 846 2657 929 2724; x_wconf 92' lang='lat' dir='ltr'><strong>libro</strong></span> <span class='ocrx_word' id='word_1_161' title='bbox 957 2657 1194 2726; x_wconf 89' lang='lat' dir='ltr'><strong>nonodecimo</strong></span> 
     </span>
     <span class='ocr_line' id='line_1_25' title="bbox 184 2709 1196 2834; baseline 0.003 -24"><span class='ocrx_word' id='word_1_162' title='bbox 184 2747 225 2811; x_wconf 97' lang='lat' dir='ltr'><strong>ad</strong></span> <span class='ocrx_word' id='word_1_163' title='bbox 253 2748 393 2812; x_wconf 87' lang='lat' dir='ltr'><strong>edictum</strong></span> <span class='ocrx_word' id='word_1_164' title='bbox 422 2743 471 2829; x_wconf 81' lang='lat' dir='ltr'><strong>(P.</strong></span> <span class='ocrx_word' id='word_1_165' title='bbox 490 2709 646 2830; x_wconf 89' lang='grc'><strong>634).</strong></span> <span class='ocrx_word' id='word_1_166' title='bbox 678 2745 791 2812; x_wconf 79' lang='lat' dir='ltr'><strong>Norat</strong></span> <span class='ocrx_word' id='word_1_167' title='bbox 768 2751 859 2812; x_wconf 89' lang='lat' dir='ltr'><strong>t.1us</strong></span> <span class='ocrx_word' id='word_1_168' title='bbox 874 2746 1079 2832; x_wconf 88' lang='lat' dir='ltr'><strong>respondit:</strong></span> <span class='ocrx_word' id='word_1_169' title='bbox 1110 2770 1196 2834; x_wconf 88' lang='lat' dir='ltr'><strong>eum,</strong></span> 
     </span>
     <span class='ocr_line' id='line_1_26' title="bbox 184 2833 1195 2920; baseline 0.006 -22"><span class='ocrx_word' id='word_1_170' title='bbox 184 2835 239 2920; x_wconf 90' lang='lat' dir='ltr'><strong>qui</strong></span> <span class='ocrx_word' id='word_1_171' title='bbox 264 2837 372 2919; x_wconf 89' lang='lat' dir='ltr'><strong>plures</strong></span> <span class='ocrx_word' id='word_1_172' title='bbox 394 2833 480 2899; x_wconf 89' lang='lat' dir='ltr'><strong>filios</strong></span> <span class='ocrx_word' id='word_1_173' title='bbox 502 2834 651 2919; x_wconf 87' lang='lat' dir='ltr'><strong>haberet,</strong></span> <span class='ocrx_word' id='word_1_174' title='bbox 678 2858 777 2901; x_wconf 88' lang='lat' dir='ltr'><strong>unum</strong></span> <span class='ocrx_word' id='word_1_175' title='bbox 800 2857 838 2900; x_wconf 86' lang='lat' dir='ltr'><strong>ex</strong></span> <span class='ocrx_word' id='word_1_176' title='bbox 860 2835 936 2900; x_wconf 86' lang='lat' dir='ltr'><strong>filiis</strong></span> <span class='ocrx_word' id='word_1_177' title='bbox 960 2835 1195 2919; x_wconf 78' lang='grc' dir='ltr'><strong><em>ἀγωνοθεσίαν</em></strong></span> 
     </span>
     <span class='ocr_line' id='line_1_27' title="bbox 183 2923 1276 3010; baseline 0.004 -22"><span class='ocrx_word' id='word_1_178' title='bbox 183 2927 408 3006; x_wconf 87' lang='lat' dir='ltr'><strong>suscepturum</strong></span> <span class='ocrx_word' id='word_1_179' title='bbox 445 2923 627 3007; x_wconf 90' lang='lat' dir='ltr'><strong>professum</strong></span> <span class='ocrx_word' id='word_1_180' title='bbox 668 2946 737 2989; x_wconf 90' lang='lat' dir='ltr'><strong>esse</strong></span> <span class='ocrx_word' id='word_1_181' title='bbox 775 2930 808 2990; x_wconf 88' lang='lat' dir='ltr'><strong>at</strong></span> <span class='ocrx_word' id='word_1_182' title='bbox 844 2924 1033 3010; x_wconf 83' lang='lat' dir='ltr'><strong>priusquam</strong></span> <span class='ocrx_word' id='word_1_183' title='bbox 1068 2926 1195 2993; x_wconf 88' lang='lat' dir='ltr'><strong>honore</strong></span> <span class='ocrx_word' id='word_1_184' title='bbox 1275 2995 1276 3000; x_wconf 59' lang='grc'>,</span> 
     </span>
     <span class='ocr_line' id='line_1_28' title="bbox 184 3007 1276 3106; baseline 0.007 -32"><span class='ocrx_word' id='word_1_185' title='bbox 184 3007 366 3096; x_wconf 85' lang='lat' dir='ltr'><strong>(munere?)</strong></span> <span class='ocrx_word' id='word_1_186' title='bbox 399 3009 601 3096; x_wconf 82' lang='lat' dir='ltr'><strong>fungeretur,</strong></span> <span class='ocrx_word' id='word_1_187' title='bbox 636 3018 797 3078; x_wconf 90' lang='lat' dir='ltr'><strong>mortuum</strong></span> <span class='ocrx_word' id='word_1_188' title='bbox 829 3035 899 3078; x_wconf 89' lang='lat' dir='ltr'><strong>esse</strong></span> <span class='ocrx_word' id='word_1_189' title='bbox 931 3014 1082 3079; x_wconf 88' lang='lat' dir='ltr'><strong>omnibus</strong></span> <span class='ocrx_word' id='word_1_190' title='bbox 1113 3015 1194 3082; x_wconf 85' lang='lat' dir='ltr'><strong>filiis</strong></span> <span class='ocrx_word' id='word_1_191' title='bbox 1273 3045 1276 3106; x_wconf 51' lang='lat'><strong><em>4</em></strong></span> 
     </span>
     <span class='ocr_line' id='line_1_29' title="bbox 182 3098 1275 3189; baseline 0.006 -26"><span class='ocrx_word' id='word_1_192' title='bbox 182 3098 391 3164; x_wconf 90' lang='lat' dir='ltr'><strong>heredibus</strong></span> <span class='ocrx_word' id='word_1_193' title='bbox 382 3119 432 3162; x_wconf 86' lang='lat' dir='ltr'><strong>ms</strong></span> <span class='ocrx_word' id='word_1_194' title='bbox 435 3100 554 3183; x_wconf 65' lang='lat' dir='ltr'><strong>titulis,</strong></span> <span class='ocrx_word' id='word_1_195' title='bbox 580 3105 619 3164; x_wconf 89' lang='lat' dir='ltr'><strong>et</strong></span> <span class='ocrx_word' id='word_1_196' title='bbox 647 3102 828 3185; x_wconf 89' lang='lat' dir='ltr'><strong>quaesitum</strong></span> <span class='ocrx_word' id='word_1_197' title='bbox 856 3124 940 3187; x_wconf 89' lang='lat' dir='ltr'><strong>esse,</strong></span> <span class='ocrx_word' id='word_1_198' title='bbox 971 3125 1012 3167; x_wconf 90' lang='lat' dir='ltr'><strong>an</strong></span> <span class='ocrx_word' id='word_1_199' title='bbox 1039 3103 1068 3166; x_wconf 88' lang='lat' dir='ltr'><strong>is</strong></span> <span class='ocrx_word' id='word_1_200' title='bbox 1095 3103 1194 3189; x_wconf 85' lang='lat' dir='ltr'><strong>filius,</strong></span> <span class='ocrx_word' id='word_1_201' title='bbox 1274 3163 1275 3188; x_wconf 21' lang='lat' dir='ltr'><strong>p</strong></span> 
     </span>
     <span class='ocr_line' id='line_1_30' title="bbox 183 3155 1275 3275; baseline 0.008 -25"><span class='ocrx_word' id='word_1_202' title='bbox 183 3187 310 3272; x_wconf 89' lang='lat' dir='ltr'><strong>quod</strong></span> <span class='ocrx_word' id='word_1_203' title='bbox 301 3211 335 3252; x_wconf 82' lang='grc' dir='ltr'><strong>ιιι</strong></span> <span class='ocrx_word' id='word_1_204' title='bbox 364 3208 435 3251; x_wconf 89' lang='lat' dir='ltr'><strong>eam</strong></span> <span class='ocrx_word' id='word_1_205' title='bbox 464 3210 531 3252; x_wconf 92' lang='lat' dir='ltr'><strong>rem</strong></span> <span class='ocrx_word' id='word_1_206' title='bbox 559 3187 784 3275; x_wconf 82' lang='lat' dir='ltr'><strong>impendisset</strong></span> <span class='ocrx_word' id='word_1_207' title='bbox 756 3189 959 3256; x_wconf 81' lang='lat' dir='ltr'><strong>tfamiliae</strong></span> <span class='ocrx_word' id='word_1_208' title='bbox 988 3155 1194 3258; x_wconf 78' lang='lat' dir='ltr'><strong>erciscundae</strong></span> <span class='ocrx_word' id='word_1_209' title='bbox 1273 3189 1275 3206; x_wconf 69' lang='lat'><strong>⁴</strong></span> 
     </span>
     <span class='ocr_line' id='line_1_31' title="bbox 182 3276 1194 3402; baseline 0.006 -61"><span class='ocrx_word' id='word_1_210' title='bbox 182 3281 411 3402; x_wconf 87' lang='lat' dir='ltr'><strong>consequatur,</strong></span> <span class='ocrx_word' id='word_1_211' title='bbox 439 3276 531 3361; x_wconf 88' lang='lat' dir='ltr'><strong>eique</strong></span> <span class='ocrx_word' id='word_1_212' title='bbox 557 3277 761 3362; x_wconf 89' lang='lat' dir='ltr'><strong>respondisse</strong></span> <span class='ocrx_word' id='word_1_213' title='bbox 790 3279 868 3364; x_wconf 87' lang='lat' dir='ltr'><strong>&lt;se&gt;</strong></span> <span class='ocrx_word' id='word_1_214' title='bbox 896 3280 986 3346; x_wconf 86' lang='lat' dir='ltr'><strong>nulla</strong></span> <span class='ocrx_word' id='word_1_215' title='bbox 1008 3279 1136 3346; x_wconf 88' lang='lat' dir='ltr'><strong>actione</strong></span> <span class='ocrx_word' id='word_1_216' title='bbox 1159 3282 1194 3347; x_wconf 92' lang='lat' dir='ltr'><strong>id</strong></span> 
     </span>
     <span class='ocr_line' id='line_1_32' title="bbox 183 3361 576 3450; baseline 0.008 -21"><span class='ocrx_word' id='word_1_217' title='bbox 183 3361 275 3431; x_wconf 65' lang='lat' dir='ltr'><strong>euml</strong></span> <span class='ocrx_word' id='word_1_218' title='bbox 297 3364 450 3450; x_wconf 89' lang='lat' dir='ltr'><strong>consequi</strong></span> <span class='ocrx_word' id='word_1_219' title='bbox 472 3387 576 3450; x_wconf 86' lang='lat' dir='ltr'><strong>posse.</strong></span> 
     </span>
    </p>
   </div>
   <div class='ocr_carea' id='block_1_12' title="bbox 254 3505 707 3636">
    <p class='ocr_par' dir='ltr' id='par_1_13' title="bbox 254 3505 707 3636">
     <span class='ocr_line' id='line_1_33' title="bbox 255 3505 505 3561; baseline 0.012 -3"><span class='ocrx_word' id='word_1_220' title='bbox 255 3511 268 3558; x_wconf 92' lang='lat'>1</span> <span class='ocrx_word' id='word_1_221' title='bbox 288 3505 337 3561; x_wconf 79' lang='lat' dir='ltr'><strong>Fi</strong></span> <span class='ocrx_word' id='word_1_222' title='bbox 354 3505 505 3561; x_wconf 83' lang='lat' dir='ltr'><strong>habebant</strong></span> 
     </span>
     <span class='ocr_line' id='line_1_34' title="bbox 254 3577 707 3636; baseline 0.011 -6"><span class='ocrx_word' id='word_1_223' title='bbox 254 3583 269 3630; x_wconf 77' lang='lat'><strong>2</strong></span> <span class='ocrx_word' id='word_1_224' title='bbox 291 3577 337 3633; x_wconf 84' lang='lat' dir='ltr'><strong>Fl.</strong></span> <span class='ocrx_word' id='word_1_225' title='bbox 356 3577 431 3632; x_wconf 88' lang='lat' dir='ltr'><strong>idam</strong></span> <span class='ocrx_word' id='word_1_226' title='bbox 450 3579 550 3634; x_wconf 76' lang='lat' dir='ltr'><strong>amared.</strong></span> <span class='ocrx_word' id='word_1_227' title='bbox 570 3579 707 3636; x_wconf 63' lang='lat' dir='ltr'><strong>Calenius.</strong></span> 
     </span>
    </p>
   </div>
   <div class='ocr_carea' id='block_1_13' title="bbox 0 0 1300 3902">
    <p class='ocr_par' dir='ltr' id='par_1_14' title="bbox 0 0 1300 3902">
     <span class='ocr_line' id='line_1_35' title="bbox 0 0 1300 3902; baseline 0 0"><span class='ocrx_word' id='word_1_228' title='bbox 0 0 1300 3902; x_wconf 95' lang='lat' dir='ltr'><strong> </strong></span> 
     </span>
    </p>
   </div>
  </div>
 </body>
</html>
