2590 3902
150 190 216 255 328
251 190 285 244 V.
303 188 453 243 NERVAE
472 187 519 241 ET
538 185 690 241 TRAlANI
707 184 815 240 TEMP.
833 185 929 241 IURIS
949 184 1129 242 CONSULTI

149 355 222 420 loco
260 375 322 437 quo
355 351 435 417 facti
465 349 650 437 ignorantia
681 349 794 415 haberi
826 349 969 433 debebit,
1005 371 1077 414 oum
1107 349 1164 414 ius

149 443 278 508 finitum
311 444 344 505 et
374 441 481 526 possit
512 461 581 506 esse
610 441 643 504 et
669 439 799 524 debeat,
829 438 908 504 iacti
934 439 1165 523 interpretatio

154 532 344 616 plerumque
368 529 466 594 etiarn
488 528 755 614 prudentissimos
778 528 881 594 fallat

564 727 674 788 Liber
696 728 747 789 VI.

443 830 493 896 De
515 831 664 914 emptione
685 830 865 895 venditione.

240 940 292 1005 48.
319 937 359 1004 D.
378 937 431 1022 21,
449 938 479 1019 2,
498 938 551 1003 48.
596 934 750 1001 Neratius
776 936 861 1001 libro
888 939 978 1002 sexto
1002 935 1163 1000 Membra·
1259 936 1266 942 ’

153 1051 276 1094 narum.
298 1064 343 1075 -
366 1026 447 1094 Cum
471 1025 589 1091 fundus
612 1024 673 1090 ‘uti
696 1025 836 1112 optimus
857 1026 1079 1110 maximusque
1099 1025 1165 1090 est'

153 1122 281 1203 emptus
309 1121 360 1182 est
384 1120 421 1189 ¹et
448 1116 582 1181 alicuius
611 1114 775 1180 servitutis
803 1113 924 1181 evictae
951 1115 1080 1179 nomine
1105 1115 1164 1178 ali-

155 1207 232 1292 quid
255 1209 382 1293 emptor
406 1228 424 1270 a
448 1204 614 1269 venditore
638 1206 827 1269 consecutus
851 1207 910 1288 est,
935 1202 1048 1267 deinde
1070 1205 1162 1268 totus

154 1295 273 1362 fundus
293 1295 460 1377 evincitur,
479 1292 520 1358 ob
541 1314 612 1357 eam
630 1293 821 1358 evictionem
839 1291 872 1356 id
890 1291 1051 1376 praestari
1067 1291 1168 1357 debet

154 1384 240 1471 quod
263 1405 302 1448 ex
325 1383 424 1470 duplo
447 1382 607 1466 reliquum
631 1384 695 1466 est3
718 1402 795 1446 nam
819 1382 848 1447 si
871 1381 960 1446 aliud
979 1380 1165 1446 observabi·

155 1496 241 1557 mus,
265 1473 475 1538 servitutibus
499 1470 660 1556 aliquibus
684 1474 717 1535 et
738 1493 813 1536 mox
836 1470 1035 1555 proprietate
1058 1470 1166 1534 evicta

157 1562 296 1647 amplius
311 1560 409 1645 duplo
422 1565 547 1644 emptor
558 1561 682 1644 [quam]
694 1559 808 1643 quanti
819 1559 897 1624 emit
908 1560 1166 1642 consequeretur.

516 1719 567 1785 De
587 1721 656 1785 inre
677 1721 803 1785 dotium.

245 1825 299 1891 49.
321 1823 363 1889 D.
380 1824 433 1904 25,
453 1828 481 1904 1,
501 1825 552 1890 16.
592 1822 682 1890 Idem
707 1821 765 1909 (sc.
783 1820 953 1911 Neratius)
969 1823 1054 1890 libro
1073 1829 1167 1890 sexto

158 1914 430 1980 Membranarum.
444 1949 487 1960 -
501 1912 548 1977 Et
561 1917 636 1979 ante
651 1915 762 1978 omnia
775 1933 992 1998 quaecumque
1001 1913 1168 1997 impensae

160 2001 416 2088 quaerendorum
433 2001 597 2067 fructuum
616 2022 714 2067 causa
731 2002 836 2067 factae
850 2006 952 2084 erunt,
970 2023 1170 2086 quamquam

158 2090 289 2158 eaedem
317 2090 416 2155 etiam
442 2089 568 2156 colendi
591 2112 689 2156 causa
711 2091 794 2156 fiant
815 2091 950 2176 ideoque
973 2113 1039 2156 non
1061 2090 1168 2155 solum

160 2181 201 2245 ad
230 2178 453 2265 percipiendos
480 2178 617 2262 fructus,
645 2179 701 2245 sed
729 2179 826 2244 etiam
850 2179 891 2245 ad
914 2178 1169 2245 conservandam

157 2271 266 2354 ipsam
291 2289 359 2333 rem
388 2267 590 2353 speciemque
617 2268 687 2334 eius
711 2269 910 2333 necessariae
934 2269 1012 2352 sint,
1040 2289 1094 2332 eas
1118 2269 1169 2333 vir

158 2381 197 2423 er
225 2379 284 2423 suo
308 2357 388 2422 lacit
409 2377 469 2422 nec
491 2357 592 2422 ullam
615 2356 715 2422 habet
737 2378 776 2422 eo
799 2357 930 2422 nomine
953 2379 992 2422 ex
1016 2357 1091 2422 dote
1115 2355 1168 2422 de·

157 2447 351 2512 ductionem.

573 2531 624 2602 De
645 2535 753 2602 nain.

248 2643 301 2709 50.
327 2641 366 2707 D.
388 2643 439 2727 12,
457 2642 487 2727 6,
505 2643 558 2708 41.
604 2640 755 2708 Neratius
782 2641 865 2708 libro
894 2645 985 2707 sexto
1008 2640 1170 2706 Membra·

159 2755 285 2799 narum.
306 2769 344 2778 —
366 2730 459 2809 Quod
476 2731 620 2816 pupillus
639 2731 708 2796 sine
726 2731 846 2797 tutoris
862 2730 1053 2797 auctoritate
1068 2729 1172 2814 stipu-

160 2821 450 2974 ballitpmmiserst
469 2820 611 2907 solverit,
633 2821 784 2906 repetitio
804 2823 862 2904 est,
880 2820 956 2905 quia
974 2841 1033 2884 nac
1050 2822 1170 2883 natura

183 2931 199 2974 e
224 2931 265 2974 e.

456 2995 507 3062 De
527 2997 703 3063 hereditatis
720 2999 872 3080 petitione.

250 3102 302 3168 51.
329 3101 369 3168 D.
388 3102 441 3187 37,
461 3104 513 3188 10,
531 3103 561 3168 9.
606 3101 759 3169 Neratius
787 3105 871 3170 libro
895 3107 985 3170 sexto
1008 3103 1170 3169 Membra-

161 3213 286 3256 narum.
316 3226 354 3238 -
384 3190 476 3268 Quod
503 3191 612 3256 Labeo
647 3193 774 3278 scribit,
805 3194 953 3279 quotiens
981 3191 1169 3277 suppositus

163 3301 233 3344 esse
261 3279 378 3344 <licitur
400 3279 558 3364 pupillus,
584 3300 654 3345 cum
679 3303 742 3366 quo
766 3281 804 3346 de
827 3283 929 3366 patris
954 3283 1021 3347 eius
1044 3280 1170 3347 heredi-

163 3372 231 3433 tate
254 3365 473 3432 controversia
495 3372 559 3450 est,
586 3389 697 3434 curare
720 3375 901 3455 praetorem
924 3370 1054 3450 debere,
1081 3374 1118 3434 ut
1141 3371 1169 3434 is

164 3457 198 3521 in
221 3455 426 3542 possessione
450 3455 505 3539 sit,
529 3457 567 3522 de
587 3479 624 3522 eo
643 3461 722 3541 puto
741 3465 812 3525 eum
833 3461 917 3525 velle
935 3459 1092 3546 intellegi,
1115 3459 1170 3544 qui

162 3548 239 3630 post
261 3548 399 3610 mortem
421 3547 524 3630 patris
547 3545 697 3633 familiae,
719 3551 774 3634 qui
798 3571 832 3614 se
856 3550 925 3614 sine
948 3549 1061 3614 liberis
1081 3547 1169 3612 dece-
