2596 3902
501 239 526 290 7.
544 232 733 290 PROOULUS
1058 235 1120 302 133

112 419 220 463 eorum
239 397 360 479 cedere,
383 397 540 483 quianon
559 397 639 462 haec
658 419 737 478 esse,
762 398 816 462 sed
834 411 892 481 per
910 420 948 462 ea
967 398 1120 464 solemne.

112 486 280 551 Trebatius
312 487 345 550 in
375 486 469 550 melle
497 490 610 551 contra
638 485 764 572 scribit,
792 487 925 572 ..quia
953 487 1018 552 mel
1048 509 1118 552 esse

111 577 258 641 solemus,
300 576 354 640 sed
375 573 528 640 Proculus
552 575 661 639 omnia
679 574 758 640 haec
777 573 978 641 contineri..
995 577 1120 660 scribit,

112 665 172 729 nisi
196 664 361 730 contraria
382 685 473 728 mens
497 665 665 728 testatoris
688 669 850 748 appareat.

196 752 226 818 5.
260 753 300 818 D.
323 752 381 837 32,
406 751 483 835 100,
507 753 538 818 2.
589 751 761 818 Iavolenus
793 752 876 819 libro
910 754 1046 821 secundo
1080 777 1119 820 ex

110 842 344 926 posterioribus
367 840 539 908 Labeonis,
558 877 600 887 -
620 839 733 908 ‘Uxori
758 863 847 906 meae
870 847 1003 929 vestem,
1027 865 1117 908 mun·

111 931 184 996 dum
215 931 418 1015 muliebrem,
447 933 638 995 ornamenta
662 930 783 1013 omnia,
812 953 924 996 aurum
948 935 1117 1016 argentum

109 1018 194 1104 quod
230 1020 298 1084 eius
327 1039 423 1084 causa
450 1019 572 1084 factum
600 1023 814 1103 paratumque
842 1025 928 1084 esset
955 1042 1049 1085 omne
1077 1020 1118 1086 do

108 1107 203 1193 lego'.
245 1107 416 1173 Trebatius
439 1107 519 1173 haec
543 1108 642 1173 verba
665 1107 763 1194 ‘quod
787 1107 855 1173 eius
880 1130 977 1174 causa
997 1110 1118 1174 factum

109 1201 320 1281 paratumque
357 1196 429 1280 est',
467 1195 506 1261 ad
539 1218 653 1261 aurum
685 1202 718 1262 et
750 1202 919 1282 argentum
952 1198 1120 1265 dumtaxat

111 1286 222 1350 referri
246 1288 355 1368 putat,
376 1284 535 1351 Proculus
558 1284 599 1349 ad
623 1286 732 1351 omnia
746 1335 754 1350 .
769 1335 798 1350 ..

198 1375 229 1440 6.
251 1373 333 1438 Ibid.
353 1376 418 1455 §3-
436 1411 482 1422 -
504 1372 565 1439 Oui
585 1371 754 1439 Corinthia
777 1397 855 1440 vasa
874 1375 983 1460 legata
1002 1377 1121 1458 essent,

109 1484 218 1529 mneos
246 1459 377 1546 βάσεις1
400 1485 526 1548 quoque
550 1484 661 1528 eorum
684 1484 837 1529 vesorum
860 1462 1121 1530 collocandorum

109 1574 203 1618 causa
217 1557 350 1637 paratas
366 1552 474 1616 deberi
489 1551 661 1617 Trebatius
676 1550 851 1636 respondit.
888 1552 996 1616 Labeo
1011 1555 1120 1616 autem

107 1642 138 1705 id
171 1663 238 1707 non
266 1643 398 1724 probat,
430 1642 496 1706 nisi
522 1637 654 1706 aeneas²
681 1637 794 1724 βάσεις
820 1645 959 1706 testator
986 1662 1119 1706 numero

108 1751 259 1796 vasorum
277 1729 402 1796 habuit.
437 1729 593 1794 Proculus
608 1750 683 1795 vero
699 1781 705 1793 .
720 1780 728 1796 .
743 1731 797 1813 ait,
816 1730 844 1795 si
858 1751 975 1794 aeneae
990 1729 1118 1815 quidem

110 1821 190 1904 sint,
212 1839 279 1883 non
304 1822 410 1884 autern
434 1817 634 1902 Corinthiae,
657 1840 723 1883 non
746 1818 864 1884 deberi.

15 1915 16 1920 ’
195 1906 493 1990 7.1).7,8,12,1.
538 1905 698 1992 Ulpianus
722 1907 805 1972 libro
828 1909 967 1992 septimo
991 1907 1116 1973 decimo

107 1997 145 2062 ad
165 1994 323 2062 Sabinum
341 1995 391 2082 (P.
405 1992 533 2082 257712).
554 2031 596 2042 -
614 1995 746 2061 Praeter
763 1995 1001 2062 habitationem
1021 2018 1117 2082 quam

107 2086 216 2169 habet,
240 2086 292 2150 cui
311 2107 388 2150 usus
408 2084 502 2149 datus
527 2087 587 2169 est,
608 2084 837 2150 deambulandi
860 2107 985 2171 quoque
1009 2089 1042 2150 et
1065 2106 1117 2171 ge-

106 2175 215 2240 standi
243 2175 294 2238 ius
321 2173 463 2238 habebit.
509 2170 647 2238 Sabinus
676 2177 708 2238 et
731 2171 862 2240 Cassius
891 2178 924 2239 et
951 2175 1049 2260 lignis
1079 2174 1119 2238 ad

105 2285 200 2328 usum
229 2261 442 2328 cottidianum
471 2266 503 2328 et
531 2262 626 2327 horto
656 2266 689 2328 et
712 2263 817 2347 pomis
841 2266 874 2327 et
896 2264 1060 2329 holeribus
1085 2267 1119 2327 et

105 2352 240 2417 floribus
270 2355 303 2416 et
331 2373 414 2435 aqua
441 2373 572 2417 usurum
602 2348 660 2438 (sc.
684 2373 757 2416 eum
783 2352 834 2418 cui
856 2352 948 2417 fundi
970 2374 1049 2417 usus
1073 2352 1118 2415 le-

105 2445 201 2526 gatus
225 2439 305 2525 est),
332 2463 396 2506 non
419 2461 520 2525 usque
544 2440 583 2504 ad
607 2440 844 2525 compendium,
868 2441 925 2506 sed
948 2440 987 2505 ad
1011 2462 1117 2522 usum,

105 2531 230 2596 scilicet
252 2550 319 2594 non
340 2550 441 2614 usque
465 2527 506 2593 ad
529 2530 673 2594 abusum.
712 2529 797 2593 idem
820 2529 937 2612 Nerva,
962 2532 995 2592 et
1019 2528 1117 2593 adicit

105 2618 297 2684 stramentis
317 2621 349 2682 et
369 2618 539 2683 sarmentis
559 2618 656 2683 etiam
675 2639 819 2700 usurum,
838 2617 894 2682 sed
911 2639 1015 2700 neque
1029 2617 1118 2682 foliis

104 2728 209 2792 neque
242 2707 313 2772 oleo
344 2728 446 2792 neque
481 2706 643 2772 frumento
671 2727 774 2789 neque
801 2705 950 2790 frugibus
977 2727 1118 2769 usurum.

105 2798 160 2862 sed
195 2794 335 2862 Sabinus
367 2801 400 2862 et
432 2794 563 2861 Cassius
596 2800 628 2859 et
661 2794 770 2860 Labeo
804 2799 837 2860 et
868 2793 1025 2859 Proculus
1056 2792 1118 2860 hoc

104 2885 379 3040 hillidii
396 2883 1118 3058 {hilleqtlhilarflllpidid'hr'aluid

105 3084 185 3146 quae
209 3061 319 3128 Nerva
341 3061 482 3148 negavit.
666 3081 668 3086 ·

195 3152 225 3217 8.
258 3150 297 3216 D.
322 3150 374 3236 35,
399 3153 427 3234 1,
450 3151 503 3234 40,
526 3149 555 3216 5.
605 3150 695 3215 Idem
729 3147 786 3238 (sc.
817 3149 1001 3236 Iavolenus)
1033 3150 1118 3215 libro

106 3240 246 3306 secundo
271 3262 310 3304 ex
331 3239 565 3324 posterioribus
588 3237 754 3305 Labeonis.
776 3275 814 3287 -
835 3240 993 3304 Thermus
1012 3240 1118 3304 minor

106 3351 245 3414 quorum
271 3328 431 3394 arbitratu
455 3332 698 3393 monumentum
723 3328 786 3393 sibi
809 3328 879 3392 fieri
902 3329 997 3394 vellet
1019 3331 1117 3391 testa-

175 3545 191 3593 1
213 3539 261 3594 aa.
282 3537 414 3612 aeaeae.

174 3609 378 3666 assum
