2614 3912
149 206 214 270 422
251 206 284 261 V.
303 206 452 262 NERVAE
471 204 519 261 ET
537 206 688 262 TRAIANI
706 206 814 264 ΤΕΜΡ.
832 207 928 264 IURIS
948 206 1127 263 CONSULTI

564 375 671 435 Liber
693 375 744 472 Ν
818 463 820 467 Ι

480 484 530 552 De
552 485 687 552 libertate
707 487 823 552 relicta.

237 600 289 665 80
317 598 355 668 D
371 601 422 682 28,
437 601 466 686 8,
482 603 531 667 ll.
563 599 735 667 Iavolenus
749 601 832 667 libro
848 605 942 686 quart
943 605 1095 684 oexpost
1096 602 1156 668 eri

149 689 259 754 oribus
295 688 539 754 Labeonis-
573 691 634 771 Qat
668 691 771 772 filiam
810 690 984 756 libertinum
1019 689 1155 772 babebat,

148 778 283 843 beredem
305 799 374 842 eam
397 780 486 844 instit
486 783 585 858 nerat,
562 780 720 844 tdeinde
742 781 788 844 ita
809 780 988 862 scripserat:
1016 777 1056 844 si
1076 777 1157 844 mibi

147 868 233 951 filins
250 867 356 932 nabas
373 870 513 952 oritoni
530 869 566 933 in
583 888 673 934 snam
692 869 818 933 mtetam
835 870 945 951 veniat,
964 873 1029 933 tam
1047 866 1155 934 Dama

146 975 251 1021 sonas
278 956 353 1020 tiber
377 955 459 1024 esto'.
494 955 621 1040 <antias
642 957 763 1040 nisi>
750 977 777 1022 rs
798 957 885 1042 filias
901 919 1043 1038 obpittns
1066 957 1155 1022 bber-

148 1045 232 1110 tinns
253 1049 335 1110 erat:
357 1046 566 1131 quaerebatur,
588 1047 618 1110 si
639 1045 747 1110 Dama
770 1045 844 1110 tiber
866 1050 958 1112 esset..
993 1045 1155 1112 Trebatius

145 1139 245 1217 necat,
266 1137 342 1216 qaia
364 1135 424 1217 fita·
447 1135 649 1218 oppantione
672 1135 829 1199 libertinas
851 1155 968 1218 qnoqne
989 1137 1153 1201 continere·

146 1228 213 1301 nn
245 1223 346 1288 Labeo
377 1229 496 1306 contra,
530 1225 605 1306 qaia
636 1244 669 1288 eo
701 1224 762 1288 toco
792 1245 898 1290 rernm
928 1225 1030 1307 filiam
1056 1225 1156 1306 accipi

146 1317 265 1395 oportet.
309 1311 444 1376 Trebatii
464 1313 646 1376 sententiam
663 1312 787 1396 probo[‚
809 1314 839 1378 si
861 1318 963 1378 tamen
984 1317 1154 1378 testatorem

145 1401 257 1467 deboc
277 1403 344 1484 filio
367 1402 499 1466 tocntnm
521 1421 582 1467 esse
604 1401 759 1486 amparet]

235 1491 286 1556 81.
309 1488 348 1554 D.
358 1490 410 1569 40,
422 1490 451 1572 t,
460 1489 512 1555 39.
549 1490 720 1555 Iavolenus
734 1491 818 1555 libro
834 1494 949 1575 quarto
963 1510 1003 1555 ex
1017 1489 1152 1574 posteri·

147 1578 256 1643 oribus
280 1575 450 1643 Labeonis·
474 1615 513 1626 —
539 1577 688 1644 ‘Sticbnm
710 1579 798 1645 Attio
820 1581 860 1644 do.
877 1580 939 1663 leqo
960 1583 1001 1664 et,
1023 1580 1052 1644 si
1074 1581 1102 1643 is
1124 1580 1154 1644 ei

143 1687 286 1732 namanes
312 1671 431 1732 centnm
452 1669 579 1753 dederit,
608 1667 682 1733 tiber
704 1667 785 1733 esto’.
829 1669 858 1733 si
880 1688 984 1734 sercin
1006 1688 1043 1732 en
1065 1672 1153 1732 testa·

144 1760 242 1821 mento
269 1776 410 1821 nammos
432 1756 519 1821 Attio
545 1757 687 1840 dedisset,
713 1776 762 1821 eos
783 1761 911 1838 repetere
932 1755 1068 1822 heredem
1089 1777 1153 1822 non

139 1862 228 1924 posse
254 1843 355 1908 Labeo
382 1845 550 1929 cristina,
576 1847 651 1928 qnia
672 1845 779 1910 Attins
806 1866 897 1911 cosa
919 1865 1003 1910 seraa
1025 1866 1080 1911 sno
1102 1866 1151 1911 ac

143 1933 264 2013 ceperit,
291 1953 354 1997 non
381 1934 420 1998 ab
445 1933 562 1999 baetis
588 1954 679 2000 serra.
723 1953 794 1998 eam
815 1939 916 1999 annm
937 1935 1151 2000 statntibernm

143 2039 205 2086 esse
238 2021 371 2100 Qnintas
401 2023 540 2107 Macins,
577 2022 691 2088 Gabios
727 2028 756 2088 et
791 2025 856 2106 ipse
887 2022 988 2088 Labeo
1019 2029 1151 2106 patant·

143 2107 282 2194 Servios,
310 2109 422 2195 Ofilius
443 2131 505 2176 non
528 2131 596 2177 esse.
642 2113 827 2194 omniorem
848 2113 1028 2178 sententiam
1044 2113 1151 2196 probo,

142 2199 189 2262 ita
212 2203 326 2280 tamen,
348 2204 386 2265 at
405 2201 434 2265 is
455 2220 560 2266 serras
581 2201 707 2284 benedis,
729 2221 791 2265 non
814 2202 956 2284 noctarii
977 2203 1026 2284 sit,
1048 2207 1152 2285 abacto

142 2307 212 2352 cam
234 2288 366 2370 beaatnm
389 2287 540 2354 libertate1
563 2290 696 2354 tottatnr.

232 2377 283 2442 82.
312 2377 350 2443 D.
365 2378 441 2442 ibid.
455 2381 475 2460 ξ
491 2380 517 2444 1.
542 2415 585 2425 -
609 2377 742 2444 ‘Sticbns
765 2379 839 2444 bber
860 2383 929 2463 esto,
951 2381 1074 2462 qnando
1097 2400 1150 2446 aes

142 2465 279 2531 alienam
307 2487 408 2532 meam
434 2469 567 2533 sabotam
594 2468 824 2533 creditoribnsoe
853 2469 929 2533 meis
954 2469 1149 2549 satisfactam

141 2554 221 2620 erit'.
260 2558 401 2638 quamne
422 2557 506 2622 bores
529 2556 660 2640 toeaptes
681 2558 834 2636 entitisset,
857 2561 958 2622 tamen
980 2577 1043 2622 non
1055 2558 1152 2640 prins

143 2643 282 2710 Sticbnm
304 2646 432 2711 liberm
452 2647 603 2730 saturam,
626 2667 720 2730 qaam
738 2647 897 2712 creditores
907 2647 1075 2728 pecaniam
1093 2651 1151 2712 aat

141 2734 218 2799 satis
244 2737 426 2816 accepissent
450 2736 547 2801 atione
573 2757 632 2818 qno
660 2738 747 2801 modo
774 2735 833 2800 sibi
859 2737 1019 2819 cavissent,
1047 2735 1149 2800 Labeo

144 2820 254 2904 Ofilius
275 2825 502 2905 responderant.

194 2907 200 2921 '
231 2911 282 2977 83.
315 2911 354 2978 D.
367 2913 443 2977 ibid.
462 2917 482 2993 ὅ
501 2915 530 2978 2.
561 2949 599 2960 -
628 2914 666 2980 Si
696 2914 781 2979 beros
807 2934 891 2978 semo
911 2914 1077 2996 pecaniam
1105 2915 1151 2978 ad

141 3001 357 3080 necotiandam
375 3002 508 3083 dedisset,
526 3004 737 3068 statntibanm
754 3023 822 3066 eam
840 3002 941 3084 ipsam
954 3003 1147 3068 numerando

142 3086 268 3152 biberari
289 3109 326 3152 en
350 3095 524 3155 testamento
546 3111 608 3154 non
622 3111 724 3194 posset
728 3091 829 3156 Labeo
849 3089 960 3155 Trebat
959 3090 1017 3156 ins'
1027 3111 1149 3172 respon

141 3175 368 3258 brantonia
397 3179 519 3244 reddere
544 3199 614 3242 eam
639 3180 739 3280 maois
764 3200 859 3262 qnam
886 3181 961 3245 dare
986 3180 1149 3245 rideretur

141 3284 192 3346 eoo
205 3269 291 3348 pato,
309 3286 337 3330 si
332 3267 521 3348 peculiares
538 3287 659 3332 nnmmt
654 3267 810 3353 'tfueran
829 3289 866 3334 en
885 3273 1059 3334 testamento
1077 3289 1147 3334 eccm

141 3351 269 3418 liberam
288 3353 440 3434 fatarnm.

230 3443 282 3507 84.
304 3441 343 3508 D
357 3443 432 3508 1b1d
446 3445 566 3526 §3.-
525 3440 681 3528 -<Cnm
696 3445 743 3510 ita
756 3445 1012 3531 qnisscripisset>
1026 3444 1147 3512 Dama

213 3587 226 3635 1
250 3581 325 3639 Trib
344 3584 419 3638 statu
436 3582 575 3640 libertate.
