2614 3912
191 175 257 240 400
295 176 327 231 V.
346 173 496 228 NERVAE
515 173 562 228 ΕΤ
582 173 737 230 TRAIANI
755 173 862 230 ΤΕΜΡ.
881 174 977 230 IURIS
997 174 1175 231 CONSULTI

278 344 341 402 Nec
373 343 480 402 desunt
511 346 613 402 tamen
632 323 827 418 fragmenta,
860 343 969 420 quibus
1001 343 1153 403 Iulianum
1185 363 1202 403 a

188 435 378 509 praeceptore
402 431 578 492 dissensisse
596 432 750 510 probatur,
774 431 935 510 exquibus
955 450 1048 491 unum
1067 433 1201 509 inprimis

189 524 296 581 notatu
320 520 444 597 (lignum
466 521 593 597 profero.

340 692 520 758 Iavolenus.
886 692 1038 758 Iulianus.

234 800 272 866 D.
282 800 333 885 23,
342 801 371 884 2,
379 799 431 865 46.
447 797 546 864 Gaius
559 801 579 868 I.
589 799 668 864 VIII
767 798 867 883 1124,
879 799 908 884 2,
920 800 960 865 11
969 822 1017 883 pr.
1036 799 1109 884 Ulp.
1124 799 1203 864 IIII

192 890 230 954 ad
250 891 270 954 l.
289 889 349 954 Iul.
368 893 401 953 et
419 888 495 971 Pap.
517 925 559 936 -
583 888 668 953 Illud
724 888 762 953 ad
778 888 798 952 l.
812 888 871 952 Iul.
886 893 919 953 et
933 888 1010 972 Pap.
1030 925 1073 936 -
1091 889 1204 954 ...ait

190 979 403 1043 dubitationis
422 982 480 1061 est,
502 1001 543 1042 an
563 982 594 1042 et
614 977 669 1062 qui
723 977 786 1042 lex:
816 976 958 1043 ‘divortii
983 976 1122 1042 faciendi
1145 1000 1203 1063 po-

190 1089 393 1133 communem
416 1067 568 1132 libertam
592 1088 668 1131 uxo·
723 1071 824 1131 testas
842 1067 987 1150 libertae,
1006 1089 1088 1153 quae
1101 1070 1203 1150 nupta

189 1179 257 1221 rem
290 1156 429 1236 duxerit,
463 1155 503 1219 ad
530 1157 591 1222 hoc
618 1156 668 1220 ius
724 1159 774 1220 est
800 1159 951 1240 patrono,
979 1177 1019 1220 ne
1045 1154 1129 1221 esto’

142 1321 145 1329 ¹
190 1246 382 1310 admittatur
399 1241 454 1330 (sc.
469 1243 566 1328 ‘quod
581 1245 668 1328 dicit,
723 1243 868 1309 Iulianus
889 1295 917 1309 ..
937 1244 1074 1327 amplius
1100 1248 1204 1328 putat,

189 1334 290 1399 invito
327 1337 466 1418 patrono
508 1334 669 1419 libertam,
723 1354 781 1397 nec
818 1333 852 1396 in
885 1333 1099 1399 concubinatu
1132 1354 1202 1398 eam

191 1445 272 1508 quae
309 1425 339 1487 ei
375 1425 477 1503 nupta
514 1425 575 1505 est,
614 1422 668 1486 alii
724 1422 855 1486 alterius
870 1422 999 1506 patroni
1015 1443 1204 1505 esseposse.

189 1513 312 1576 nubere
331 1533 396 1577 non
411 1509 541 1596 posse’).
576 1510 668 1576 Iavo-

190 1601 280 1666 lenus
316 1602 460 1685 negavit,
498 1600 573 1684 quia
604 1621 669 1665 non

190 1690 319 1774 proprie
330 1689 669 1774 videtureiusliberta,

191 1799 271 1861 quae
296 1778 394 1842 etiam
419 1778 553 1843 alterius
577 1779 629 1844 sit.

278 1942 323 2001 De
356 1943 457 2004 Prisco
494 1943 561 2020 illo,
598 1961 687 2019 quem
723 1941 804 2018 apud
841 1942 1011 2001 Fulcinium
1046 1943 1204 2020 attigimus

191 2023 233 2112 (p.
254 2023 347 2112 261),
377 2032 486 2092 lterum
510 2032 691 2093 monendum
714 2035 773 2104 est,
797 2049 865 2090 cum
888 2031 1063 2092 Iauolenum
1087 2052 1204 2110 quoque

190 2119 285 2179 Prisci
313 2121 432 2180 nomine
461 2121 611 2198 designari
639 2121 770 2197 potuisse
799 2122 830 2178 61
858 2124 1002 2196 appareat
1030 2124 1060 2180 ct
1088 2120 1204 2180 Plinius

190 2211 280 2285 ep.6‚
298 2211 336 2269 15
361 2210 470 2285 probet
493 2213 523 2270 et
544 2210 696 2269 Iulianum
720 2227 838 2286 quoque
859 2209 954 2268 Prisci
975 2209 1094 2269 nominc
1118 2211 1205 2270 illum

191 2297 285 2356 videri
309 2298 481 2377 designasse
503 2299 563 2357 iam
588 2317 678 2375 supra
699 2297 873 2358 monucrIm.
920 2298 1037 2376 reliqua
1057 2298 1205 2359 eiusmodi

190 2386 373 2465 fragmenta,
401 2406 468 2447 oum
495 2387 597 2464 potius
626 2387 664 2446 ad
687 2386 846 2446 Neratium
875 2386 1033 2447 videantur
1060 2391 1206 2466 spectare,

188 2477 332 2537 hocloco
357 2477 546 2536 omittuntur.

280 2566 465 2628 Posteriores
493 2565 665 2627 Iauolenum
696 2565 823 2625 laudant
844 2565 889 2624 hi:
917 2565 1029 2626 Valens
1052 2566 1083 2624 in
1107 2565 1205 2625 Fidei-

191 2655 417 2716 commissorum
445 2655 530 2715 libris
558 2646 609 2736 (D.
625 2656 677 2732 33,
694 2659 720 2728 1,
737 2645 807 2736 15),
839 2653 931 2714 Gaius
955 2656 993 2714 ad
1020 2656 1119 2731 legem
1147 2655 1206 2714 XII

191 2743 366 2804 tabularum
386 2736 435 2825 (D.
453 2747 502 2819 50,
521 2746 569 2818 16,
587 2736 720 2825 236,1),
739 2744 777 2803 66
794 2744 892 2821 legem
906 2743 1017 2802 Iuliam
1036 2747 1066 2802 61
1079 2744 1206 2820 Papiam

191 2827 241 2911 (D.
259 2835 309 2910 23,
325 2837 353 2911 2,
369 2826 425 2914 46)
455 2838 485 2893 61
512 2834 598 2893 libris
621 2833 851 2893 Institutionum
875 2826 919 2911 (3,
936 2824 1006 2912 70),
1034 2821 1206 2892 Ρ66166’61

191 2919 407 2989 Quaestionum
424 2922 509 2982 librIs
528 2915 580 3004 (D.
596 2926 646 2997 11,
663 2925 691 3000 1,
707 2924 757 2998 20,
774 2913 807 3000 1)
827 2922 907 2980 etad
923 2918 1075 2980 Plautium
1091 2912 1143 3002 (D.
1155 2923 1206 3001 34,

191 3011 221 3084 2,
242 3001 290 3089 8),
318 3010 464 3085 Ulpianus
493 3011 578 3070 libris
607 3011 645 3070 ad
674 3009 816 3068 Sabinum
848 3001 881 3090 (l.
900 3009 947 3069 III
968 3009 1005 3069 D.
1021 3012 1072 3088 28,
1088 3013 1117 3088 2,
1133 3013 1207 3087 bpr.

190 3096 221 3155 P.
238 3099 336 3172 2445,
360 3099 379 3157 l.
393 3097 453 3156 VII
471 3099 573 3174 1128,
589 3102 618 3176 5,
635 3100 684 3171 17,
700 3100 733 3174 5,
753 3101 789 3156 61
807 3098 940 3158 conicere
959 3099 1043 3174 11661,
1062 3101 1093 3158 61
1110 3099 1138 3157 D
1155 3103 1207 3174 28,

191 3185 220 3258 5,
242 3188 280 3245 19
311 3187 343 3246 Ρ.
359 3188 453 3246 2488.
470 3189 569 3264 2489,
597 3188 617 3245 1.
635 3186 732 3245 XLIX
754 3185 790 3244 D.
808 3189 858 3264 18,
873 3190 902 3260 4,
918 3189 947 3266 2,
964 3190 1002 3248 17
1027 3187 1061 3246 Ρ.
1077 3180 1207 3268 29661),

191 3274 316 3350 denique
352 3276 474 3351 ignotus
512 3276 565 3335 illo
599 3276 651 3353 qui
688 3277 724 3334 66
756 3276 885 3335 formula
921 3276 1055 3337 Fabiam
1086 3277 1208 3353 scripsit

190 3357 328 3440 (Collect
347 3364 416 3424 libr.
434 3364 481 3424 III
503 3386 532 3442 p.
548 3359 635 3445 300).

279 3451 316 3511 Ι6
338 3453 423 3514 nouis
446 3455 580 3534 DigestIs
603 3455 813 3531 componendis
837 3454 1051 3515 Tribonianum
1070 3454 1209 3516 Iavolcni

190 3558 306 3619 quoque
339 3543 424 3604 libris
455 3564 543 3605 usum
571 3563 635 3604 esse
662 3545 759 3605 166166
783 3544 957 3604 Florentino
986 3543 1208 3622 comprobatur,
