2602 3906
285 217 305 270 Ι.
325 214 500 270 VETERUM
519 214 748 269 SENTENTIAE
766 216 813 270 ET
832 215 936 270 LIBRI.
1051 216 1116 281 515

108 378 233 443 debitor
274 379 441 461 pecuniam
483 379 593 456 solvit,
636 378 804 462 utriusque
841 378 1114 445 demonstratione

108 470 254 533 cessante
286 468 394 550 potior
426 468 599 532 habebitur
629 488 728 532 causa
757 467 825 530 eius
852 470 1007 551 pecuniae
1035 491 1116 554 quae

106 557 165 621 snb
190 555 324 620 infamia
347 556 488 637 debetur,
512 579 587 621 mox
611 555 678 619 eius
703 577 784 640 quae
803 577 940 640 poenam
964 560 1115 640 continet,

104 645 201 710 tertio
233 667 314 729 quae
343 645 402 710 sub
426 645 610 730 hypotheca
633 645 683 707 vel
712 645 844 728 pignore
868 650 1034 711 contracta
1058 651 1115 714 est.

103 738 179 819 post
210 734 295 798 huno
328 734 472 798 ordinem
504 734 611 818 potior
642 733 815 798 habebitur
850 734 982 819 propria
1018 758 1116 820 quam
1156 794 1161 804 .

105 824 211 888 aliena
226 845 331 904 causa,
345 823 445 888 veluti
458 823 666 900 fideiussoris,
682 821 765 907 quod
781 825 905 886 veteres
919 823 990 888 ideo
1009 824 1116 889 defini-

49 911 51 915 ’
104 916 205 995 erunt,
237 912 321 996 quod
345 912 518 976 verisimile
543 912 705 976 videretur
728 910 915 995 diligentem
937 913 1115 977 debitorem

104 1001 307 1065 admonitum
330 1001 378 1064 ita
398 1001 564 1085 negotium
588 1022 681 1065 suum
705 1004 871 1085 gesturum
893 1001 1000 1068 fuisse.

334 1187 383 1252 Dc
406 1187 593 1270 adquirendo
616 1206 720 1251 reram
742 1187 886 1252 dominio.

193 1312 244 1378 53.
268 1312 306 1376 D.
324 1312 378 1396 41,
397 1313 427 1396 2,
453 1313 480 1395 1,
502 1312 551 1377 16.
582 1311 702 1376 Paulus
722 1310 804 1375 libro
823 1311 1115 1398 quinquagensimo

106 1404 220 1483 quarto
249 1402 288 1465 ad
317 1402 464 1466 edictum.
491 1437 527 1447 —-
555 1400 691 1466 Veteres
715 1404 909 1484 putaverunt
931 1423 997 1466 non
1020 1425 1115 1486 posse

105 1510 166 1641 pos
181 1511 238 1642 per
252 1511 379 1555 servum
394 1490 623 1555 hereditarium
635 1489 811 1572 adquirere,
826 1489 909 1573 quod
920 1490 963 1554 sit
972 1491 1114 1557 eiusdem

130 1598 183 1642 ere
205 1579 303 1643 itatis.

349 1730 398 1795 De
415 1732 605 1814 marmurae
626 1735 654 1795 et
675 1730 870 1813 mucapione.

192 1854 244 1920 54.
288 1854 328 1920 D.
351 1856 402 1936 41,
427 1856 457 1937 2,
485 1857 514 1934 3,
544 1856 593 1920 18.
634 1853 752 1919 Paulus
781 1854 865 1918 libro
894 1854 1109 1940 quinquagen-

103 1943 186 2008 simo
214 1948 327 2028 quarto
357 1944 397 2007 ad
425 1944 572 2009 edictum.
607 1981 644 1990 -
681 1942 715 2008 si
746 1965 813 2008 rem
842 1943 927 2026 apud
957 1948 989 2008 te
1018 1945 1111 2029 depo-

103 2033 199 2098 sitam
223 2033 303 2096 fnrti
324 2032 465 2098 faciendi
484 2055 581 2099 causa
599 2032 857 2116 contrectaveris,
880 2032 992 2097 desino
1011 2035 1113 2116 possi·

103 2122 185 2187 dere.
240 2121 297 2187 sed
334 2123 362 2186 si
399 2143 469 2186 eam
506 2123 577 2188 loco
614 2143 680 2186 non
712 2121 850 2186 moveris
883 2125 916 2186 et
951 2122 1112 2187 infitiandi

103 2211 247 2275 animum
279 2210 408 2295 habeas,
441 2212 582 2296 plerique
615 2216 760 2276 veterum
794 2211 1112 2295 ...responderunt

101 2320 323 2383 possessorem
347 2323 397 2364 me
421 2321 559 2364 manere.
574 2350 603 2365 ..

191 2411 227 2471 of.
250 2411 290 2490 n,
315 2413 333 2469 a
357 2432 386 2486 p.
406 2414 478 2472 aar.

192 2529 257 2595 55³.
286 2529 325 2595 D.
344 2530 419 2596 ibid.
443 2533 462 2612 ξ
483 2530 532 2595 19.
547 2567 590 2576 -
605 2581 611 2594 .
627 2581 655 2596 ..
678 2554 697 2595 a
717 2528 877 2595 veteribus
901 2531 1113 2611 pracceptum

12 2623 13 2626 ’
103 2622 168 2702 est,
192 2618 356 2683 neminem
379 2619 441 2684 sibi
464 2619 569 2702 ipsum
594 2639 724 2683 causam
747 2617 963 2702 possessionis
986 2621 1112 2680 mutare

103 2729 209 2792 posse.

192 2820 259 2888 55¹³.
287 2822 325 2887 D.
354 2823 406 2906 41,
435 2825 468 2907 2,
504 2823 553 2906 19,
586 2823 613 2886 1.
658 2819 832 2886 Marcellus
859 2819 943 2885 libro
972 2820 1110 2905 septimo

102 2913 228 2977 decimo
257 2911 476 2997 Digestorum.
503 2947 539 2957 -
566 2959 596 2975 ..
619 2910 774 2994 scriptum
803 2911 854 2974 est
880 2909 964 2993 apud
987 2914 1111 2975 veteres

101 3000 266 3067 neminem
290 3001 352 3066 sibi
376 3023 506 3066 causam
529 2999 741 3084 possessionis
764 3019 859 3083 posse
883 3002 1016 3064 mutare.

514 3187 564 3253 De
585 3188 700 3253 itinere.

193 3311 244 3378 56.
277 3311 317 3377 D.
347 3313 400 3397 43,
434 3312 484 3393 19,
514 3312 537 3378 4
567 3334 615 3397 pr.
670 3311 847 3377 Venuleius
883 3311 966 3376 libro
1003 3311 1110 3395 primo

100 3400 361 3466 Interdictorum.
391 3438 428 3448 —
459 3399 592 3466 Veteres
623 3401 815 3465 nominatim
848 3399 1044 3481 adiciebant,
1077 3403 1113 3463 ut

102 3513 140 3555 ea
172 3511 314 3576 quoquc,
345 3511 426 3574 qnae
459 3490 498 3553 ad
532 3490 740 3555 refectionem
773 3489 866 3553 utilia
898 3491 1021 3570 essent,
1058 3489 1112 3551 ad·

102 3579 248 3664 portenti
272 3579 320 3643 vis
343 3600 408 3643 non
430 3578 530 3642 fieret.

846 3677 900 3729 aa*
