2614 3912
163 186 228 251 358
265 187 297 243 V.
316 183 465 241 NERVAE
484 183 530 239 ΕΤ
548 183 699 238 rualeni
717 182 825 239 ΤΕΜΡ.
843 183 940 239 mals
959 181 1138 240 CONSULTI

378 365 440 447 Qui
461 365 674 448 fraudationis
695 385 790 432 cocao
812 364 954 430 latitabit,

250 472 301 537 79.
319 471 501 555 1).42,4,7,
512 472 563 539 16.
601 471 760 557 Ulpianus
779 471 862 536 libro
881 472 1172 557 quinquagensimo

159 582 245 627 nono
269 561 309 626 ad
333 561 473 626 edietum
495 559 546 647 (P.
558 560 646 645 139).
665 597 708 608 -
726 610 752 626 ..
774 560 949 641 videamus,
972 560 1001 625 si
1023 562 1095 645 quis
1119 562 1173 627 ad·

159 671 272 715 versus
296 650 331 716 in
354 673 422 715 rem
441 651 602 716 actionem
621 651 736 733 latitet,
760 670 802 714 an
820 650 906 714 bona
924 650 992 714 eius
1011 650 1173 734 possideri

159 760 340 824 venumque
363 740 433 805 dari
454 739 589 825 possint.
626 743 716 803 extat
734 735 862 803 Neratii
882 741 1044 803 sententia
1063 739 1172 805 existi-

158 828 277 893 mantis
302 830 387 894 bona
409 851 480 894 esse
503 828 677 894 vendenda.

247 941 395 1052 Ulpianus
422 941 518 1000 addit:
549 934 592 1000 ‘et
618 940 675 1000 hoe
701 937 847 1014 rescripto
871 938 1018 999 Hadriani
1041 940 1173 1001 contine·

159 1033 211 1089 tur
234 1077 262 1090 ..
279 1077 285 1091 .

501 1131 590 1212 Quoad
611 1131 642 1195 ui
663 1134 720 1196 aut
740 1129 829 1196 olum

248 1237 300 1303 80.
323 1236 362 1302 D.
376 1236 430 1318 43,
440 1237 492 1318 24,
504 1238 533 1320 7,
545 1239 572 1301 1.
617 1235 778 1320 Ulpianus
801 1235 884 1303 libro
909 1238 1172 1322 septuagensimo

157 1326 265 1412 primo
294 1324 334 1390 ad
362 1325 501 1390 edictum
530 1323 581 1411 (P.
603 1321 727 1412 15941’).
753 1361 791 1372 -
816 1324 970 1390 Neratius
999 1376 1032 1392 ..
1060 1326 1173 1392 scribit

158 1437 244 1498 eum,
268 1413 358 1480 euius
382 1435 491 1480 seruus
515 1414 547 1478 vi
570 1417 628 1479 aut
651 1414 735 1479 clam
756 1414 842 1499 fecit,
866 1420 921 1479 aut
944 1436 1002 1480 sua
1025 1415 1174 1500 impensa

159 1525 199 1568 ex
230 1503 402 1569 interdicto
436 1525 515 1588 opus
548 1503 719 1568 restituere
751 1503 866 1568 debere
895 1507 952 1568 aut
977 1505 1173 1588 patientiam

157 1592 348 1658 restituendi
374 1597 539 1676 praestare
567 1596 601 1657 et
628 1614 755 1657 servum
782 1613 886 1658 noxae
909 1591 1031 1660 dedere.
1075 1595 1173 1678 plane

158 1683 188 1746 si
215 1686 342 1747 mortno
371 1682 552 1747 alienatore
575 1702 667 1746 servo
691 1680 949 1764 interdiceretur,
976 1682 1170 1767 patientiam

158 1769 327 1835 dumtaxat
353 1776 517 1855 praestare
545 1770 659 1835 debere
688 1771 747 1852 ait,
779 1772 826 1834 ita
853 1773 890 1833 ut
918 1775 951 1834 et
979 1776 1106 1856 emptor
1134 1793 1172 1836 eo

157 1858 328 1925 interdicto
351 1859 458 1942 possit
484 1859 647 1925 conveniri
676 1861 726 1940 [ut
749 1859 930 1942 impensam
953 1864 1098 1944 praestet
1116 1866 1173 1925 aut

157 1969 276 2013 noxam
301 1949 382 2032 det],
401 1949 594 2032 dominoque
614 1947 721 2032 operis
741 1969 799 2012 sua
817 1948 964 2031 impensa
981 1948 1172 2015 rest‘tuente

160 2041 216 2101 aut
239 2037 403 2112 damnato,
427 2037 589 2121 quianon
612 2036 807 2119 restitueret,
831 2040 1010 2120 emptorem
1031 2038 1172 2103 liberari,

158 2124 270 2190 eadem
294 2129 327 2190 et
350 2125 378 2190 si
401 2129 513 2189 eontra
531 2124 681 2190 dominus
700 2125 786 2190 servi
804 2127 856 2190 rel
876 2148 956 2209 opus
975 2127 1173 2192 restituisset

157 2214 208 2279 vel
231 2215 300 2279 litis
323 2214 548 2279 aestimatione
571 2213 748 2278 damnatus
767 2219 865 2298 esset3
890 2214 974 2300 quod
996 2216 1173 2280 sitantum

157 2325 261 2370 noxae
272 2303 421 2387 dedisset,
432 2303 583 2368 adversus
594 2302 758 2367 dominum
766 2303 872 2386 operi
881 2303 1173 2372 utiliterinterdici.

246 2398 368 2458 Inclusa
390 2397 483 2458 verba
505 2397 628 2457 Pernice
651 2397 757 2457 merito
781 2396 859 2457 eicit.

418 2552 469 2619 De
491 2553 660 2635 exceptione
681 2552 728 2617 rei
750 2552 913 2617 iudicatae.

246 2657 319 2727 *81.
342 2659 381 2726 D.
394 2659 447 2742 44,
457 2660 486 2742 2,
498 2661 592 2742 llpr.
628 2657 786 2742 Ulpianus
804 2657 889 2723 libro
908 2659 1171 2743 septuagensimo

155 2750 273 2835 quinto
306 2748 346 2814 ad
380 2749 521 2814 edictum
548 2744 596 2832 (P.
618 2747 728 2833 1669).
756 2784 796 2794 —
827 2745 862 2812 Si
893 2752 998 2812 mater
1024 2747 1085 2812 filii
1112 2748 1172 2812 im-

157 2837 288 2922 puberis
313 2837 455 2902 defuncti
478 2859 518 2901 ex
537 2841 668 2901 senatus
687 2836 835 2902 consulto
854 2835 941 2900 bona
960 2835 1173 2904 vindicaverit

154 2927 291 3009 ideireo,
328 2925 404 3011 quia
439 2925 578 3009 putabat
609 2928 705 3008 rupto
737 2924 842 3008 patris
874 2924 942 2989 eius
975 2928 1171 2991 testamento

154 3013 320 3078 neminem
344 3035 414 3078 esse
439 3013 660 3094 substitutum,
681 3013 830 3098 victaque
849 3012 955 3098 fuerit,
978 3014 1054 3098 quia
1071 3019 1171 3080 testa-

156 3106 303 3166 mentum
325 3102 430 3185 patris
454 3105 584 3186 ruptum
603 3123 667 3165 non
687 3105 766 3179 erat,
789 3104 903 3185 postea
921 3105 1030 3170 autem
1049 3105 1171 3188 apertis

157 3190 371 3275 pupillaribus
398 3190 517 3254 tabulis
540 3189 691 3272 apparuit
713 3210 779 3253 non
801 3213 872 3254 esse
896 3191 924 3255 ei
948 3192 1172 3276 substitutum,

158 3279 187 3344 si
208 3281 334 3363 peteret
351 3299 463 3342 rursus
481 3277 703 3361 hereditatem,
726 3276 928 3344 obstaturam
947 3280 1172 3364 exceptionem

158 3366 206 3433 rei
227 3367 386 3433 iudicatae
409 3365 559 3432 Neratius
584 3366 639 3432 ait.

246 3462 291 3522 De
315 3461 590 3522 senatusconsulto
611 3459 799 3521 Tertulliano
818 3460 964 3522 Hadriani
984 3462 1171 3540 temporibus

158 3550 236 3612 facto
261 3570 359 3612 sermo
380 3553 434 3610 est.
