2590 3902
157 198 222 262 252
248 197 294 252 IV.
310 195 527 252 VESPASIANI
542 195 615 251 ΤΙΤΙ
629 195 823 251 DOMITIANI
837 195 944 250 TEMP.
958 195 1054 250 IUBIS
1070 194 1171 252 CONS.

155 365 299 426 aedilium
332 365 489 425 curulium.
541 358 616 435 ‘Qui
646 383 682 424 ea
713 367 811 425 mente
841 365 974 425 alienum
1003 363 1075 441 quid
1105 383 1172 425 con-

156 455 310 532 trectavit,
329 458 365 513 ut
383 453 572 532 lucrificaret,
590 455 712 514 tametsi
730 455 847 514 mutato
867 454 991 514 consilio
1005 453 1036 512 id
1051 454 1172 513 dominc

155 547 262 620 postea
279 542 418 619 reddidit,
437 543 486 601 fur
503 545 562 620 est,
580 562 668 603 nemo
684 543 763 603 enim
776 543 833 603 tali
847 545 970 619 peccato
984 543 1174 619 paenitentia

156 651 213 693 sua
235 651 344 692 nocens
368 649 433 692 esse
456 625 593 692 desinit'

246 716 276 781 9.
308 715 348 780 D.
366 715 522 797 ibidst.
559 713 609 803 (P.
631 713 754 802 17610).
780 752 818 763 -
845 713 973 782 Caelius
998 763 1025 781 ..
1051 715 1174 797 scribit,

157 806 186 870 si
205 827 333 870 servum
352 805 467 870 emeris
486 804 541 889 qui
561 826 594 868 se
614 805 648 868 in
662 803 806 869 Tiberim
824 804 949 889 deiecit,
968 804 996 868 si
1014 803 1174 869 moriendi

157 894 327 958 dumtaxat
349 894 484 959 consilio
508 898 658 977 suscepto
682 915 701 958 a
722 893 853 958 domino
872 893 1084 978 discessisset,
1107 914 1175 958 non

157 1005 227 1048 esse
254 983 440 1068 fugitivum3
469 982 525 1047 sed
553 983 581 1046 si
607 981 704 1065 fugae
732 983 822 1066 prius
850 982 1023 1047 consilium
1048 981 1175 1066 habuit,

157 1072 270 1138 deinde
294 1076 420 1137 mutata
440 1073 607 1136 voluntate
628 1071 662 1134 in
681 1070 826 1136 Tiberim
846 1092 880 1135 se
900 1070 1023 1152 deiecit,
1042 1092 1174 1136 manere

157 1162 341 1246 fugitivum.
387 1160 500 1225 eadem
528 1161 645 1243 probat
673 1165 706 1224 ct
733 1159 772 1225 de
802 1181 840 1224 eo
869 1160 925 1244 qui
954 1159 992 1224 de
1015 1165 1115 1243 ponte
1140 1182 1175 1225 se

157 1249 395 1335 praecipitavit.

248 1340 298 1404 10.
322 1337 361 1403 D.
376 1338 453 1403 ibid.
468 1340 487 1418 §
503 1339 532 1402 7.
549 1372 587 1384 ·-
608 1336 700 1401 Idem
717 1338 773 1419 ait,
788 1337 816 1401 si
827 1359 939 1402 servus
950 1341 1027 1401 tuus
1042 1336 1175 1420 fugiens

157 1430 315 1494 vicarmm
338 1449 431 1492 suum
455 1447 563 1492 secum
588 1426 734 1490 abduxit:
759 1426 787 1490 si
810 1426 948 1492 vicarius
970 1425 1092 1490 invitus
1117 1430 1176 1490 aut

157 1517 345 1602 imprudens
364 1519 492 1581 secutus
512 1519 562 1579 est
580 1536 682 1600 neque
702 1515 901 1580 occasionem
919 1515 960 1579 ad
974 1518 1006 1579 tc
1020 1513 1176 1580 redeundi

158 1610 273 1671 nactus
301 1605 534 1688 praetermisit,
557 1625 623 1668 non
651 1604 751 1669 videri
778 1603 954 1688 fugitivum
975 1603 1090 1686 fuisse;
1119 1603 1176 1668 sed

158 1695 187 1760 si
214 1698 270 1758 aut
297 1691 375 1759 olim
403 1715 476 1758 oum
501 1692 631 1776 lugeret
656 1693 817 1758 intellexit
841 1691 917 1777 quid
942 1694 1093 1778 ageretur
1117 1697 1176 1757 aut

157 1787 273 1868 postea
300 1783 453 1866 cognovit
481 1781 557 1866 quid
585 1782 649 1846 acti
677 1785 763 1846 esset
791 1786 824 1846 et
850 1781 953 1846 redire
980 1780 1020 1846 ad
1043 1783 1077 1844 te
1101 1802 1177 1846 cum

157 1875 271 1956 posset
297 1871 416 1955 uoluit,
444 1874 557 1936 contra
585 1893 664 1936 esse.
710 1871 797 1935 idem
819 1874 915 1955 putat
940 1869 1112 1935 dicendum
1136 1869 1176 1934 de

159 1981 197 2025 eo
222 1981 318 2043 quem
340 1959 520 2044 plagiarius
545 1959 687 2024 abduxit.

203 2079 204 2084 ¹
250 2049 300 2113 11.
331 2047 542 2128 D.ibid.§8.
567 2084 606 2094 —
631 2046 721 2112 Idem
750 2045 878 2113 Caelius
908 2048 970 2129 ait,
998 2047 1026 2111 si
1054 2068 1177 2130 servus,

158 2158 232 2201 cum
254 2136 289 2200 in
312 2136 411 2201 fundo
435 2141 530 2219 esset,
554 2136 672 2201 exisset
691 2136 729 2200 de
749 2135 828 2201 villa
848 2158 886 2200 ea
905 2139 1023 2220 mente,
1046 2141 1083 2200 ut
1099 2158 1177 2220 pro-

158 2225 295 2310 fugeret,
319 2229 351 2290 et
375 2225 446 2310 quis
470 2247 543 2290 eum
567 2225 756 2310 priusquam
779 2247 817 2289 ex
840 2224 940 2290 fundo
963 2230 1021 2291 tuo
1045 2226 1177 2310 exisset,

81 2365 84 2375 .
158 2314 463 2398 comprehendisset,
487 2314 663 2399 fugitivum
681 2313 797 2397 videri3
822 2314 967 2378 animum
987 2314 1073 2378 enim
1091 2313 1177 2398 fugi·

158 2404 263 2469 tivum
285 2402 402 2470 facere.
882 2414 894 2435 ⁸

250 2493 300 2559 12.
333 2491 375 2572 D,
392 2492 470 2558 ibid.
488 2495 508 2574 ὅ
528 2492 557 2556 9.
589 2528 626 2538 -
657 2489 746 2556 Idem
779 2491 827 2557 ait
857 2513 917 2557 nec
950 2513 1022 2556 eum
1051 2491 1107 2577 qui
1135 2491 1177 2556 ad

159 2582 271 2669 fugam
304 2581 441 2668 gradum
472 2603 572 2647 unum
601 2581 779 2646 alterumve
807 2579 971 2664 promovit
997 2578 1050 2645 vel
1077 2581 1178 2645 etiam

160 2693 288 2738 currere
326 2673 445 2756 coepit,
481 2669 510 2736 si
547 2671 713 2735 dominum
749 2672 934 2754 sequentem
967 2690 1033 2734 non
1064 2673 1178 2754 potest

160 2761 308 2845 evadere,
331 2783 398 2826 non
421 2765 498 2825 esse'
513 2759 696 2844 fugitivum.

251 2850 301 2915 13.
329 2849 367 2916 D.
381 2848 491 2930 ibid.§
509 2848 559 2914 10.
583 2885 621 2896 -
651 2848 741 2912 Idem
764 2897 793 2912 ..
817 2848 864 2912 ait
886 2846 1048 2912 libertatis
1072 2848 1178 2913 cuius·

160 2938 235 3002 dam
259 2937 398 3021 speciem
422 2958 492 3002 esse
514 2936 648 3021 fugisse,
672 2936 733 3001 hoc
758 2941 808 3002 est
831 2938 994 3022 potestate
1014 2935 1178 3002 dominica

158 3027 194 3090 in
216 3027 378 3110 praesenti
401 3025 575 3090 liberatum
599 3046 677 3089 esse.

250 3115 302 3180 14.
325 3112 364 3179 D.
377 3113 454 3178 ibid.
469 3114 488 3193 ξ
506 3114 556 3178 12.
582 3149 620 3160 -
644 3114 740 3196 Apud
763 3113 948 3179 Labeonem
972 3115 1006 3178 et
1029 3111 1178 3179 Caelium

161 3203 335 3288 quaeritur,
358 3203 387 3266 si
410 3202 482 3285 quis
505 3200 541 3265 in
563 3202 691 3284 asylum
711 3203 894 3288 confugerit
913 3207 971 3268 aut
990 3224 1027 3267 eo
1047 3223 1082 3267 se
1102 3224 1178 3268 con-

160 3292 257 3374 ferat,
286 3312 349 3374 quo
376 3289 482 3354 solent
504 3289 614 3355 venire
638 3290 692 3374 qui
715 3313 749 3356 se
772 3292 902 3357 venales
924 3291 1107 3377 postulant,
1136 3315 1179 3360 an

159 3381 318 3466 fugitivus
343 3379 395 3445 sit.

253 3467 303 3534 15.
330 3467 367 3533 D.
382 3467 458 3532 ibid.
473 3469 493 3548 ἓ,
509 3468 560 3533 13.
586 3503 624 3516 -
650 3465 734 3534 Item
759 3465 889 3535 Caelius
913 3468 1027 3534 scribit
1049 3469 1179 3554 placere

162 3580 236 3624 eum
260 3579 386 3643 quoque
410 3557 583 3642 fugitivum
608 3579 691 3642 esse,
715 3558 770 3643 qui
795 3580 832 3623 eo
856 3579 890 3624 se
914 3558 1070 3643 conferat,
1092 3558 1179 3624 unde
