<?xml version="1.0" encoding="UTF-8"?>
<!DOCTYPE html PUBLIC "-//W3C//DTD XHTML 1.0 Transitional//EN"
    "http://www.w3.org/TR/xhtml1/DTD/xhtml1-transitional.dtd">
<html xmlns="http://www.w3.org/1999/xhtml" xml:lang="en" lang="en">
 <head>
  <title>
</title>
<meta http-equiv="Content-Type" content="text/html;charset=utf-8" />
  <meta name='ocr-system' content='tesseract 3.04.00' />
  <meta name='ocr-capabilities' content='ocr_page ocr_carea ocr_par ocr_line ocrx_word'/>
</head>
<body>
  <div class='ocr_page' id='page_1' title='image "./iurisprudentiae03bremgoog_0568.png"; bbox 0 0 2602 3906; ppageno 0'>
   <div class='ocr_carea' id='block_1_1' title="bbox 175 199 821 266">
    <p class='ocr_par' dir='ltr' id='par_1_1' title="bbox 175 199 821 266">
     <span class='ocr_line' id='line_1_1' title="bbox 175 199 821 266; baseline 0.002 -13"><span class='ocrx_word' id='word_1_1' title='bbox 175 201 241 266; x_wconf 77' lang='lat'>538</span> <span class='ocrx_word' id='word_1_2' title='bbox 542 199 821 254; x_wconf 82' lang='lat' dir='ltr'><strong>ADDITAMENTA.</strong></span> 
     </span>
    </p>
   </div>
   <div class='ocr_carea' id='block_1_2' title="bbox 545 359 820 431">
    <p class='ocr_par' dir='ltr' id='par_1_2' title="bbox 545 359 820 431">
     <span class='ocr_line' id='line_1_2' title="bbox 545 359 820 431; baseline 0.007 -18"><span class='ocrx_word' id='word_1_3' title='bbox 545 359 589 414; x_wconf 85' lang='lat' dir='ltr'>De</span> <span class='ocrx_word' id='word_1_4' title='bbox 607 361 689 431; x_wconf 78' lang='lat' dir='ltr'>lepati</span> <span class='ocrx_word' id='word_1_5' title='bbox 707 361 820 415; x_wconf 78' lang='lat' dir='ltr'>actione.</span> 
     </span>
    </p>
   </div>
   <div class='ocr_carea' id='block_1_3' title="bbox 267 467 1192 552">
    <p class='ocr_par' dir='ltr' id='par_1_3' title="bbox 267 467 1192 552">
     <span class='ocr_line' id='line_1_3' title="bbox 267 467 1192 552; baseline 0.003 -19"><span class='ocrx_word' id='word_1_6' title='bbox 267 469 318 533; x_wconf 82' lang='lat'>32.</span> <span class='ocrx_word' id='word_1_7' title='bbox 346 467 384 532; x_wconf 89' lang='lat' dir='ltr'>D.</span> <span class='ocrx_word' id='word_1_8' title='bbox 403 470 459 551; x_wconf 91' lang='grc'>30,</span> <span class='ocrx_word' id='word_1_9' title='bbox 479 470 529 534; x_wconf 80' lang='grc'>87.</span> <span class='ocrx_word' id='word_1_10' title='bbox 574 467 771 552; x_wconf 82' lang='lat' dir='ltr'>Papinianus</span> <span class='ocrx_word' id='word_1_11' title='bbox 803 469 885 534; x_wconf 85' lang='lat' dir='ltr'>libro</span> <span class='ocrx_word' id='word_1_12' title='bbox 919 473 1034 534; x_wconf 88' lang='lat' dir='ltr'>octavo</span> <span class='ocrx_word' id='word_1_13' title='bbox 1063 469 1192 536; x_wconf 89' lang='lat' dir='ltr'>decimo</span> 
     </span>
    </p>
   </div>
   <div class='ocr_carea' id='block_1_4' title="bbox 173 557 1271 2061">
    <p class='ocr_par' dir='ltr' id='par_1_4' title="bbox 173 557 1271 2061">
     <span class='ocr_line' id='line_1_4' title="bbox 174 557 1191 642; baseline 0.002 -20"><span class='ocrx_word' id='word_1_14' title='bbox 174 557 421 635; x_wconf 77' lang='lat' dir='ltr'><strong>Quaestionum.</strong></span> <span class='ocrx_word' id='word_1_15' title='bbox 444 594 486 603; x_wconf 95' lang='lat'><strong>—</strong></span> <span class='ocrx_word' id='word_1_16' title='bbox 510 559 592 623; x_wconf 91' lang='lat' dir='ltr'>Filio</span> <span class='ocrx_word' id='word_1_17' title='bbox 619 562 713 642; x_wconf 87' lang='lat' dir='ltr'>pater</span> <span class='ocrx_word' id='word_1_18' title='bbox 740 580 835 642; x_wconf 88' lang='lat' dir='ltr'>quem</span> <span class='ocrx_word' id='word_1_19' title='bbox 862 558 895 622; x_wconf 93' lang='lat' dir='ltr'>in</span> <span class='ocrx_word' id='word_1_20' title='bbox 924 562 1087 641; x_wconf 75' lang='lat' dir='ltr'>potestate</span> <span class='ocrx_word' id='word_1_21' title='bbox 1116 561 1191 624; x_wconf 91' lang='lat' dir='ltr'>reti-</span> 
     </span>
     <span class='ocr_line' id='line_1_5' title="bbox 175 646 1271 732; baseline 0.002 -22"><span class='ocrx_word' id='word_1_22' title='bbox 175 648 257 731; x_wconf 87' lang='lat' dir='ltr'>nuit,</span> <span class='ocrx_word' id='word_1_23' title='bbox 281 647 393 711; x_wconf 91' lang='lat' dir='ltr'>heredi</span> <span class='ocrx_word' id='word_1_24' title='bbox 415 669 474 730; x_wconf 91' lang='lat' dir='ltr'>pro</span> <span class='ocrx_word' id='word_1_25' title='bbox 496 652 589 730; x_wconf 90' lang='lat' dir='ltr'>parte</span> <span class='ocrx_word' id='word_1_26' title='bbox 608 646 757 711; x_wconf 90' lang='lat' dir='ltr'>instituto</span> <span class='ocrx_word' id='word_1_27' title='bbox 781 647 926 732; x_wconf 82' lang='lat' dir='ltr'>legatum</span> <span class='ocrx_word' id='word_1_28' title='bbox 946 669 1073 730; x_wconf 89' lang='lat' dir='ltr'>quoque</span> <span class='ocrx_word' id='word_1_29' title='bbox 1090 649 1190 712; x_wconf 89' lang='lat' dir='ltr'>relin-</span> <span class='ocrx_word' id='word_1_30' title='bbox 1269 671 1271 712; x_wconf 76' lang='grc'>1</span> 
     </span>
     <span class='ocr_line' id='line_1_6' title="bbox 176 735 1190 821; baseline 0.002 -22"><span class='ocrx_word' id='word_1_31' title='bbox 176 737 256 820; x_wconf 89' lang='lat' dir='ltr'>quit.</span> <span class='ocrx_word' id='word_1_32' title='bbox 303 738 522 801; x_wconf 89' lang='lat' dir='ltr'>..sententia</span> <span class='ocrx_word' id='word_1_33' title='bbox 550 740 599 800; x_wconf 89' lang='lat' dir='ltr'>est</span> <span class='ocrx_word' id='word_1_34' title='bbox 626 735 881 800; x_wconf 82' lang='lat' dir='ltr'>existimantium</span> <span class='ocrx_word' id='word_1_35' title='bbox 908 737 1133 821; x_wconf 83' lang='lat' dir='ltr'>denegandam</span> <span class='ocrx_word' id='word_1_36' title='bbox 1160 739 1190 802; x_wconf 93' lang='lat' dir='ltr'>ei</span> 
     </span>
     <span class='ocr_line' id='line_1_7' title="bbox 175 825 1109 910; baseline -0.001 -21"><span class='ocrx_word' id='word_1_37' title='bbox 175 825 275 910; x_wconf 85' lang='lat' dir='ltr'>legati</span> <span class='ocrx_word' id='word_1_38' title='bbox 297 825 503 909; x_wconf 89' lang='lat' dir='ltr'>petitionem,</span> <span class='ocrx_word' id='word_1_39' title='bbox 528 825 555 888; x_wconf 92' lang='lat' dir='ltr'>si</span> <span class='ocrx_word' id='word_1_40' title='bbox 578 825 680 908; x_wconf 90' lang='lat' dir='ltr'>patris</span> <span class='ocrx_word' id='word_1_41' title='bbox 704 825 898 889; x_wconf 84' lang='lat' dir='ltr'>abstinuerit</span> <span class='ocrx_word' id='word_1_42' title='bbox 920 825 1109 889; x_wconf 89' lang='lat' dir='ltr'>hereditate.</span> 
     </span>
     <span class='ocr_line' id='line_1_8' title="bbox 265 911 1187 997; baseline 0 -18"><span class='ocrx_word' id='word_1_43' title='bbox 265 911 557 996; x_wconf 68' lang='grc'>3311131118.</span> <span class='ocrx_word' id='word_1_44' title='bbox 585 913 757 978; x_wconf 86' lang='lat' dir='ltr'>Africanus</span> <span class='ocrx_word' id='word_1_45' title='bbox 776 914 859 977; x_wconf 88' lang='lat' dir='ltr'>libro</span> <span class='ocrx_word' id='word_1_46' title='bbox 880 917 996 997; x_wconf 89' lang='lat' dir='ltr'>quarto</span> <span class='ocrx_word' id='word_1_47' title='bbox 1016 913 1187 989; x_wconf 83' lang='lat' dir='ltr'>Quaestio·</span> 
     </span>
     <span class='ocr_line' id='line_1_9' title="bbox 174 1000 1188 1086; baseline 0.002 -20"><span class='ocrx_word' id='word_1_48' title='bbox 174 1025 323 1067; x_wconf 90' lang='lat' dir='ltr'>num—</span> <span class='ocrx_word' id='word_1_49' title='bbox 281 1000 454 1086; x_wconf 85' lang='lat' dir='ltr'>—Nepos</span> <span class='ocrx_word' id='word_1_50' title='bbox 478 1001 533 1086; x_wconf 89' lang='lat' dir='ltr'>qui</span> <span class='ocrx_word' id='word_1_51' title='bbox 556 1003 591 1066; x_wconf 90' lang='lat' dir='ltr'>in</span> <span class='ocrx_word' id='word_1_52' title='bbox 613 1023 655 1086; x_wconf 92' lang='lat' dir='ltr'>po</span> <span class='ocrx_word' id='word_1_53' title='bbox 657 1005 777 1066; x_wconf 87' lang='lat' dir='ltr'>testate</span> <span class='ocrx_word' id='word_1_54' title='bbox 800 1002 921 1066; x_wconf 88' lang='lat' dir='ltr'>mansit</span> <span class='ocrx_word' id='word_1_55' title='bbox 945 1008 978 1066; x_wconf 92' lang='lat' dir='ltr'>et</span> <span class='ocrx_word' id='word_1_56' title='bbox 998 1002 1086 1067; x_wconf 92' lang='lat' dir='ltr'>filius</span> <span class='ocrx_word' id='word_1_57' title='bbox 1111 1025 1188 1069; x_wconf 88' lang='lat' dir='ltr'>suus</span> 
     </span>
     <span class='ocr_line' id='line_1_10' title="bbox 175 1090 1190 1175; baseline 0 -19"><span class='ocrx_word' id='word_1_58' title='bbox 175 1092 309 1157; x_wconf 87' lang='lat' dir='ltr'>heredes</span> <span class='ocrx_word' id='word_1_59' title='bbox 343 1091 456 1156; x_wconf 89' lang='lat' dir='ltr'>institu</span> <span class='ocrx_word' id='word_1_60' title='bbox 459 1091 605 1173; x_wconf 82' lang='lat' dir='ltr'>tisunt3</span> <span class='ocrx_word' id='word_1_61' title='bbox 636 1091 748 1173; x_wconf 85' lang='lat' dir='ltr'>nepoti</span> <span class='ocrx_word' id='word_1_62' title='bbox 775 1091 918 1172; x_wconf 85' lang='lat' dir='ltr'>legatum</span> <span class='ocrx_word' id='word_1_63' title='bbox 947 1090 1043 1155; x_wconf 83' lang='lat' dir='ltr'>dedit</span> <span class='ocrx_word' id='word_1_64' title='bbox 1093 1100 1190 1175; x_wconf 88' lang='lat' dir='ltr'>pater</span> 
     </span>
     <span class='ocr_line' id='line_1_11' title="bbox 175 1179 1188 1281; baseline 0.001 -37"><span class='ocrx_word' id='word_1_65' title='bbox 175 1181 242 1245; x_wconf 89' lang='lat' dir='ltr'>eius</span> <span class='ocrx_word' id='word_1_66' title='bbox 272 1180 491 1264; x_wconf 89' lang='lat' dir='ltr'>emancipatus</span> <span class='ocrx_word' id='word_1_67' title='bbox 515 1180 599 1263; x_wconf 89' lang='lat' dir='ltr'>petit</span> <span class='ocrx_word' id='word_1_68' title='bbox 572 1179 780 1244; x_wconf 90' lang='lat' dir='ltr'>1bonorum</span> <span class='ocrx_word' id='word_1_69' title='bbox 803 1180 1056 1262; x_wconf 65' lang='lat' dir='ltr'>possessionem</span> <span class='ocrx_word' id='word_1_70' title='bbox 1084 1202 1188 1281; x_wconf 83' lang='lat' dir='ltr'>nepos</span> 
     </span>
     <span class='ocr_line' id='line_1_12' title="bbox 174 1268 1188 1419; baseline -0.002 -84"><span class='ocrx_word' id='word_1_71' title='bbox 174 1271 283 1354; x_wconf 84' lang='lat' dir='ltr'>legato</span> <span class='ocrx_word' id='word_1_72' title='bbox 313 1272 483 1334; x_wconf 86' lang='lat' dir='ltr'>contentus</span> <span class='ocrx_word' id='word_1_73' title='bbox 512 1268 786 1419; x_wconf 79' lang='lat' dir='ltr'>estquidam</span> <span class='ocrx_word' id='word_1_74' title='bbox 777 1291 810 1331; x_wconf 92' lang='lat' dir='ltr'>1n</span> <span class='ocrx_word' id='word_1_75' title='bbox 834 1290 906 1332; x_wconf 91' lang='lat' dir='ltr'>eum</span> <span class='ocrx_word' id='word_1_76' title='bbox 931 1269 1049 1351; x_wconf 85' lang='lat' dir='ltr'>solum,</span> <span class='ocrx_word' id='word_1_77' title='bbox 1073 1269 1188 1354; x_wconf 92' lang='lat' dir='ltr'>quiin</span> 
     </span>
     <span class='ocr_line' id='line_1_13' title="bbox 173 1357 1187 1443; baseline -0.003 -20"><span class='ocrx_word' id='word_1_78' title='bbox 173 1363 304 1443; x_wconf 89' lang='lat' dir='ltr'>potesta</span> <span class='ocrx_word' id='word_1_79' title='bbox 285 1362 338 1422; x_wconf 91' lang='lat' dir='ltr'>ate</span> <span class='ocrx_word' id='word_1_80' title='bbox 358 1360 442 1422; x_wconf 91' lang='lat' dir='ltr'>esset</span> <span class='ocrx_word' id='word_1_81' title='bbox 444 1357 569 1442; x_wconf 84' lang='lat' dir='ltr'>‚legat</span> <span class='ocrx_word' id='word_1_82' title='bbox 562 1380 571 1421; x_wconf 91' lang='grc'>1</span> <span class='ocrx_word' id='word_1_83' title='bbox 590 1357 749 1422; x_wconf 77' lang='lat' dir='ltr'>actionem</span> <span class='ocrx_word' id='word_1_84' title='bbox 768 1358 880 1440; x_wconf 87' lang='lat' dir='ltr'>nepoti</span> <span class='ocrx_word' id='word_1_85' title='bbox 854 1357 1039 1420; x_wconf 90' lang='lat' dir='ltr'>dandam</span> <span class='ocrx_word' id='word_1_86' title='bbox 1053 1378 1187 1440; x_wconf 88' lang='lat' dir='ltr'>respon</span> 
     </span>
     <span class='ocr_line' id='line_1_14' title="bbox 173 1445 1188 1530; baseline -0.001 -19"><span class='ocrx_word' id='word_1_87' title='bbox 173 1447 299 1530; x_wconf 88' lang='lat' dir='ltr'>derunt,</span> <span class='ocrx_word' id='word_1_88' title='bbox 323 1447 399 1530; x_wconf 92' lang='lat' dir='ltr'>quia</span> <span class='ocrx_word' id='word_1_89' title='bbox 422 1446 451 1510; x_wconf 91' lang='lat' dir='ltr'>ei</span> <span class='ocrx_word' id='word_1_90' title='bbox 474 1445 555 1509; x_wconf 93' lang='lat' dir='ltr'>nihil</span> <span class='ocrx_word' id='word_1_91' title='bbox 581 1445 706 1510; x_wconf 87' lang='lat' dir='ltr'>auferat</span> <span class='ocrx_word' id='word_1_92' title='bbox 692 1449 745 1509; x_wconf 90' lang='lat' dir='ltr'>tur</span> <span class='ocrx_word' id='word_1_93' title='bbox 769 1450 800 1509; x_wconf 92' lang='grc'>11</span> <span class='ocrx_word' id='word_1_94' title='bbox 822 1446 1039 1528; x_wconf 85' lang='lat' dir='ltr'>emancipatus</span> <span class='ocrx_word' id='word_1_95' title='bbox 1058 1451 1188 1530; x_wconf 89' lang='lat' dir='ltr'>partem</span> 
     </span>
     <span class='ocr_line' id='line_1_15' title="bbox 173 1535 1188 1618; baseline -0.001 -19"><span class='ocrx_word' id='word_1_96' title='bbox 173 1535 233 1600; x_wconf 80' lang='lat' dir='ltr'>lilii</span> <span class='ocrx_word' id='word_1_97' title='bbox 252 1536 302 1600; x_wconf 89' lang='lat' dir='ltr'>sui</span> <span class='ocrx_word' id='word_1_98' title='bbox 321 1538 464 1618; x_wconf 86' lang='lat' dir='ltr'>occupet,</span> <span class='ocrx_word' id='word_1_99' title='bbox 478 1535 510 1598; x_wconf 93' lang='lat' dir='ltr'>in</span> <span class='ocrx_word' id='word_1_100' title='bbox 527 1556 590 1618; x_wconf 91' lang='lat' dir='ltr'>qua</span> <span class='ocrx_word' id='word_1_101' title='bbox 605 1556 686 1598; x_wconf 92' lang='lat' dir='ltr'>onus</span> <span class='ocrx_word' id='word_1_102' title='bbox 700 1535 882 1618; x_wconf 78' lang='lat' dir='ltr'>legatorum</span> <span class='ocrx_word' id='word_1_103' title='bbox 903 1556 969 1598; x_wconf 92' lang='lat' dir='ltr'>non</span> <span class='ocrx_word' id='word_1_104' title='bbox 986 1535 1188 1599; x_wconf 86' lang='lat' dir='ltr'>consisteret.</span> 
     </span>
     <span class='ocr_line' id='line_1_16' title="bbox 262 1627 1150 1706; baseline -0.002 -18"><span class='ocrx_word' id='word_1_105' title='bbox 262 1630 479 1706; x_wconf 81' lang='lat' dir='ltr'>Fragmentum</span> <span class='ocrx_word' id='word_1_106' title='bbox 503 1628 535 1686; x_wconf 93' lang='lat' dir='ltr'>in</span> <span class='ocrx_word' id='word_1_107' title='bbox 557 1628 781 1704; x_wconf 86' lang='lat' dir='ltr'>Responsorum</span> <span class='ocrx_word' id='word_1_108' title='bbox 804 1628 901 1704; x_wconf 89' lang='lat' dir='ltr'>capite</span> <span class='ocrx_word' id='word_1_109' title='bbox 926 1627 1071 1687; x_wconf 86' lang='lat' dir='ltr'>omissum</span> <span class='ocrx_word' id='word_1_110' title='bbox 1095 1633 1150 1688; x_wconf 88' lang='lat' dir='ltr'>est.</span> 
     </span>
     <span class='ocr_line' id='line_1_17' title="bbox 264 1711 1188 1795; baseline -0.001 -17"><span class='ocrx_word' id='word_1_111' title='bbox 264 1713 328 1778; x_wconf 72' lang='lat'>34?</span> <span class='ocrx_word' id='word_1_112' title='bbox 357 1711 395 1776; x_wconf 88' lang='lat' dir='ltr'>D.</span> <span class='ocrx_word' id='word_1_113' title='bbox 410 1713 467 1795; x_wconf 83' lang='lat'>34,</span> <span class='ocrx_word' id='word_1_114' title='bbox 482 1713 516 1794; x_wconf 83' lang='lat'>9,</span> <span class='ocrx_word' id='word_1_115' title='bbox 530 1711 564 1793; x_wconf 90' lang='lat'>5,</span> <span class='ocrx_word' id='word_1_116' title='bbox 581 1714 631 1776; x_wconf 90' lang='grc'>11.</span> <span class='ocrx_word' id='word_1_117' title='bbox 673 1711 793 1776; x_wconf 90' lang='lat' dir='ltr'>Paulus</span> <span class='ocrx_word' id='word_1_118' title='bbox 817 1711 901 1776; x_wconf 89' lang='lat' dir='ltr'>libro</span> <span class='ocrx_word' id='word_1_119' title='bbox 924 1711 1029 1794; x_wconf 92' lang='lat' dir='ltr'>primo</span> <span class='ocrx_word' id='word_1_120' title='bbox 1055 1711 1093 1775; x_wconf 90' lang='lat' dir='ltr'>de</span> <span class='ocrx_word' id='word_1_121' title='bbox 1116 1712 1188 1777; x_wconf 90' lang='lat' dir='ltr'>iure</span> 
     </span>
     <span class='ocr_line' id='line_1_18' title="bbox 174 1799 1188 1886; baseline -0.001 -21"><span class='ocrx_word' id='word_1_122' title='bbox 174 1802 315 1865; x_wconf 83' lang='grc'>11111-</span> <span class='ocrx_word' id='word_1_123' title='bbox 341 1799 423 1865; x_wconf 84' lang='lat' dir='ltr'>Sunt</span> <span class='ocrx_word' id='word_1_124' title='bbox 452 1801 506 1884; x_wconf 91' lang='lat' dir='ltr'>qui</span> <span class='ocrx_word' id='word_1_125' title='bbox 532 1803 735 1884; x_wconf 90' lang='lat' dir='ltr'>putant...</span> <span class='ocrx_word' id='word_1_126' title='bbox 765 1803 797 1864; x_wconf 89' lang='lat' dir='ltr'>et</span> <span class='ocrx_word' id='word_1_127' title='bbox 824 1801 854 1864; x_wconf 90' lang='lat' dir='ltr'>ei</span> <span class='ocrx_word' id='word_1_128' title='bbox 883 1799 1102 1884; x_wconf 87' lang='lat' dir='ltr'>denegandam</span> <span class='ocrx_word' id='word_1_129' title='bbox 1127 1801 1188 1886; x_wconf 86' lang='lat' dir='ltr'>(sc.</span> 
     </span>
     <span class='ocr_line' id='line_1_19' title="bbox 176 1885 1188 1976; baseline -0.002 -22"><span class='ocrx_word' id='word_1_130' title='bbox 176 1891 336 1954; x_wconf 77' lang='lat' dir='ltr'>actionem</span> <span class='ocrx_word' id='word_1_131' title='bbox 355 1885 479 1976; x_wconf 88' lang='lat' dir='ltr'>legati),</span> <span class='ocrx_word' id='word_1_132' title='bbox 504 1890 558 1973; x_wconf 92' lang='lat' dir='ltr'>qui</span> <span class='ocrx_word' id='word_1_133' title='bbox 583 1889 762 1954; x_wconf 86' lang='lat' dir='ltr'>accusatori</span> <span class='ocrx_word' id='word_1_134' title='bbox 782 1885 816 1973; x_wconf 87' lang='lat' dir='ltr'>(i.</span> <span class='ocrx_word' id='word_1_135' title='bbox 837 1911 861 1954; x_wconf 93' lang='grc'>1.</span> <span class='ocrx_word' id='word_1_136' title='bbox 882 1889 936 1972; x_wconf 89' lang='lat' dir='ltr'>qui</span> <span class='ocrx_word' id='word_1_137' title='bbox 954 1892 1188 1953; x_wconf 88' lang='lat' dir='ltr'>testamentum</span> 
     </span>
     <span class='ocr_line' id='line_1_20' title="bbox 174 1975 1188 2061; baseline 0.001 -20"><span class='ocrx_word' id='word_1_138' title='bbox 174 1977 293 2042; x_wconf 89' lang='lat' dir='ltr'>falsum</span> <span class='ocrx_word' id='word_1_139' title='bbox 318 1979 494 2056; x_wconf 84' lang='lat' dir='ltr'>accusavit)</span> <span class='ocrx_word' id='word_1_140' title='bbox 518 1977 621 2043; x_wconf 90' lang='lat' dir='ltr'>adfuit</span> <span class='ocrx_word' id='word_1_141' title='bbox 643 1979 692 2044; x_wconf 88' lang='lat' dir='ltr'>vel</span> <span class='ocrx_word' id='word_1_142' title='bbox 715 1975 859 2060; x_wconf 75' lang='lat' dir='ltr'>sponsor1</span> <span class='ocrx_word' id='word_1_143' title='bbox 880 2000 938 2061; x_wconf 93' lang='lat' dir='ltr'>pro</span> <span class='ocrx_word' id='word_1_144' title='bbox 958 1999 996 2042; x_wconf 91' lang='lat' dir='ltr'>eo</span> <span class='ocrx_word' id='word_1_145' title='bbox 1017 1978 1188 2042; x_wconf 83' lang='lat' dir='ltr'>exstiterit.</span> 
     </span>
    </p>
   </div>
   <div class='ocr_carea' id='block_1_5' title="bbox 502 2158 858 2234">
    <p class='ocr_par' dir='ltr' id='par_1_5' title="bbox 502 2158 858 2234">
     <span class='ocr_line' id='line_1_21' title="bbox 502 2158 858 2234; baseline 0.008 -17"><span class='ocrx_word' id='word_1_146' title='bbox 502 2158 553 2220; x_wconf 80' lang='lat' dir='ltr'>Ac</span> <span class='ocrx_word' id='word_1_147' title='bbox 575 2161 662 2234; x_wconf 73' lang='lat' dir='ltr'>lcpcm</span> <span class='ocrx_word' id='word_1_148' title='bbox 684 2159 858 2220; x_wconf 78' lang='lat' dir='ltr'>Falcidiam</span> 
     </span>
    </p>
   </div>
   <div class='ocr_carea' id='block_1_6' title="bbox 264 2275 1187 2366">
    <p class='ocr_par' dir='ltr' id='par_1_6' title="bbox 264 2275 1187 2366">
     <span class='ocr_line' id='line_1_22' title="bbox 264 2275 1187 2366; baseline 0 -22"><span class='ocrx_word' id='word_1_149' title='bbox 264 2279 318 2344; x_wconf 83' lang='lat'>35.</span> <span class='ocrx_word' id='word_1_150' title='bbox 345 2279 383 2345; x_wconf 95' lang='lat' dir='ltr'><strong>D</strong></span> <span class='ocrx_word' id='word_1_151' title='bbox 403 2278 459 2362; x_wconf 85' lang='lat'>35,</span> <span class='ocrx_word' id='word_1_152' title='bbox 478 2279 499 2343; x_wconf 79' lang='lat'>2</span> <span class='ocrx_word' id='word_1_153' title='bbox 504 2279 629 2363; x_wconf 89' lang='lat' dir='ltr'>,5.6pr</span> <span class='ocrx_word' id='word_1_154' title='bbox 672 2277 760 2343; x_wconf 91' lang='lat' dir='ltr'>Idem</span> <span class='ocrx_word' id='word_1_155' title='bbox 795 2275 853 2366; x_wconf 89' lang='lat' dir='ltr'>(so.</span> <span class='ocrx_word' id='word_1_156' title='bbox 883 2275 1070 2364; x_wconf 87' lang='lat' dir='ltr'>Marcellus)</span> <span class='ocrx_word' id='word_1_157' title='bbox 1103 2279 1187 2344; x_wconf 90' lang='lat' dir='ltr'>libro</span> 
     </span>
    </p>
   </div>
   <div class='ocr_carea' id='block_1_7' title="bbox 172 2328 1187 3514">
    <p class='ocr_par' dir='ltr' id='par_1_7' title="bbox 172 2328 1187 2807">
     <span class='ocr_line' id='line_1_23' title="bbox 174 2328 1187 2468; baseline -0.002 -35"><span class='ocrx_word' id='word_1_158' title='bbox 174 2369 327 2433; x_wconf 85' lang='lat' dir='ltr'>vicesimo</span> <span class='ocrx_word' id='word_1_159' title='bbox 352 2328 489 2433; x_wconf 87' lang='lat' dir='ltr'>secundo</span> <span class='ocrx_word' id='word_1_160' title='bbox 509 2367 789 2468; x_wconf 69' lang='lat' dir='ltr'>Digestorum—</span> <span class='ocrx_word' id='word_1_161' title='bbox 747 2365 894 2432; x_wconf 84' lang='lat' dir='ltr'>-Oum</span> <span class='ocrx_word' id='word_1_162' title='bbox 918 2389 980 2450; x_wconf 89' lang='lat' dir='ltr'>quo</span> <span class='ocrx_word' id='word_1_163' title='bbox 1001 2367 1039 2430; x_wconf 91' lang='lat' dir='ltr'>de</span> <span class='ocrx_word' id='word_1_164' title='bbox 1057 2368 1187 2452; x_wconf 90' lang='lat' dir='ltr'>peculio</span> 
     </span>
     <span class='ocr_line' id='line_1_24' title="bbox 172 2455 1186 2543; baseline -0.001 -21"><span class='ocrx_word' id='word_1_165' title='bbox 172 2459 228 2543; x_wconf 83' lang='lat' dir='ltr'>agi</span> <span class='ocrx_word' id='word_1_166' title='bbox 257 2462 398 2542; x_wconf 87' lang='lat' dir='ltr'>poterat,</span> <span class='ocrx_word' id='word_1_167' title='bbox 431 2459 523 2521; x_wconf 83' lang='lat' dir='ltr'>heres</span> <span class='ocrx_word' id='word_1_168' title='bbox 556 2456 657 2521; x_wconf 87' lang='lat' dir='ltr'>credit</span> <span class='ocrx_word' id='word_1_169' title='bbox 643 2455 707 2521; x_wconf 90' lang='lat' dir='ltr'>tori</span> <span class='ocrx_word' id='word_1_170' title='bbox 739 2457 871 2522; x_wconf 86' lang='lat' dir='ltr'>exstitit</span> <span class='ocrx_word' id='word_1_171' title='bbox 922 2458 1063 2540; x_wconf 88' lang='lat' dir='ltr'>qnaeris,</span> <span class='ocrx_word' id='word_1_172' title='bbox 1095 2457 1186 2521; x_wconf 90' lang='lat' dir='ltr'>cuius</span> 
     </span>
     <span class='ocr_line' id='line_1_25' title="bbox 174 2544 1187 2646; baseline -0.002 -34"><span class='ocrx_word' id='word_1_173' title='bbox 174 2548 330 2631; x_wconf 84' lang='lat' dir='ltr'>temporis</span> <span class='ocrx_word' id='word_1_174' title='bbox 349 2547 509 2631; x_wconf 91' lang='lat' dir='ltr'>peculium</span> <span class='ocrx_word' id='word_1_175' title='bbox 529 2546 710 2628; x_wconf 88' lang='lat' dir='ltr'>computari</span> <span class='ocrx_word' id='word_1_176' title='bbox 729 2553 823 2646; x_wconf 87' lang='lat' dir='ltr'>oport</span> <span class='ocrx_word' id='word_1_177' title='bbox 810 2548 903 2608; x_wconf 90' lang='lat' dir='ltr'>t&#39;eat</span> <span class='ocrx_word' id='word_1_178' title='bbox 895 2567 929 2608; x_wconf 91' lang='lat' dir='ltr'>1n</span> <span class='ocrx_word' id='word_1_179' title='bbox 946 2544 1088 2610; x_wconf 82' lang='lat' dir='ltr'>Falcidia</span> <span class='ocrx_word' id='word_1_180' title='bbox 1106 2545 1187 2630; x_wconf 81' lang='lat' dir='ltr'>lege.</span> 
     </span>
     <span class='ocr_line' id='line_1_26' title="bbox 174 2633 1187 2721; baseline -0.003 -21"><span class='ocrx_word' id='word_1_181' title='bbox 174 2635 320 2721; x_wconf 85' lang='lat' dir='ltr'>plerique</span> <span class='ocrx_word' id='word_1_182' title='bbox 352 2638 481 2719; x_wconf 89' lang='lat' dir='ltr'>putant,</span> <span class='ocrx_word' id='word_1_183' title='bbox 515 2633 647 2718; x_wconf 89' lang='lat' dir='ltr'>quodt</span> <span class='ocrx_word' id='word_1_184' title='bbox 648 2656 710 2699; x_wconf 90' lang='lat' dir='ltr'>unc</span> <span class='ocrx_word' id='word_1_185' title='bbox 742 2633 776 2697; x_wconf 94' lang='lat' dir='ltr'>in</span> <span class='ocrx_word' id='word_1_186' title='bbox 808 2633 934 2716; x_wconf 90' lang='lat' dir='ltr'>peculio</span> <span class='ocrx_word' id='word_1_187' title='bbox 966 2633 1079 2718; x_wconf 86' lang='lat' dir='ltr'>fuerit,</span> <span class='ocrx_word' id='word_1_188' title='bbox 1113 2656 1187 2698; x_wconf 91' lang='lat' dir='ltr'>cum</span> 
     </span>
     <span class='ocr_line' id='line_1_27' title="bbox 175 2722 782 2807; baseline -0.007 -17"><span class='ocrx_word' id='word_1_189' title='bbox 175 2726 318 2790; x_wconf 86' lang='lat' dir='ltr'>adiretur</span> <span class='ocrx_word' id='word_1_190' title='bbox 339 2723 516 2805; x_wconf 85' lang='lat' dir='ltr'>hereditas,</span> <span class='ocrx_word' id='word_1_191' title='bbox 539 2722 782 2807; x_wconf 90' lang='lat' dir='ltr'>inspiciendum.</span> 
     </span>
    </p>

    <p class='ocr_par' dir='ltr' id='par_1_8' title="bbox 173 2807 1187 3514">
     <span class='ocr_line' id='line_1_28' title="bbox 264 2807 1186 2898; baseline -0.007 -20"><span class='ocrx_word' id='word_1_192' title='bbox 264 2814 316 2878; x_wconf 83' lang='lat'>36.</span> <span class='ocrx_word' id='word_1_193' title='bbox 339 2812 379 2877; x_wconf 92' lang='lat' dir='ltr'>D.</span> <span class='ocrx_word' id='word_1_194' title='bbox 393 2814 446 2896; x_wconf 90' lang='grc'>40,</span> <span class='ocrx_word' id='word_1_195' title='bbox 461 2811 491 2896; x_wconf 87' lang='lat'>5,</span> <span class='ocrx_word' id='word_1_196' title='bbox 506 2813 534 2877; x_wconf 89' lang='lat'>6.</span> <span class='ocrx_word' id='word_1_197' title='bbox 571 2811 660 2876; x_wconf 92' lang='lat' dir='ltr'>Idem</span> <span class='ocrx_word' id='word_1_198' title='bbox 684 2808 741 2897; x_wconf 89' lang='lat' dir='ltr'>(sc.</span> <span class='ocrx_word' id='word_1_199' title='bbox 765 2807 898 2898; x_wconf 88' lang='lat' dir='ltr'>Paulus)</span> <span class='ocrx_word' id='word_1_200' title='bbox 921 2811 1004 2875; x_wconf 90' lang='lat' dir='ltr'>libro</span> <span class='ocrx_word' id='word_1_201' title='bbox 1029 2832 1186 2894; x_wconf 85' lang='lat' dir='ltr'>sexagen-</span> 
     </span>
     <span class='ocr_line' id='line_1_29' title="bbox 175 2900 1187 2984; baseline -0.004 -17"><span class='ocrx_word' id='word_1_202' title='bbox 175 2903 257 2968; x_wconf 91' lang='lat' dir='ltr'>simo</span> <span class='ocrx_word' id='word_1_203' title='bbox 281 2902 322 2966; x_wconf 94' lang='lat' dir='ltr'>ad</span> <span class='ocrx_word' id='word_1_204' title='bbox 341 2901 490 2967; x_wconf 90' lang='lat' dir='ltr'>edictum.</span> <span class='ocrx_word' id='word_1_205' title='bbox 508 2937 550 2947; x_wconf 93' lang='lat'><em>-</em></span> <span class='ocrx_word' id='word_1_206' title='bbox 570 2900 690 2966; x_wconf 87' lang='lat' dir='ltr'>Decem</span> <span class='ocrx_word' id='word_1_207' title='bbox 709 2900 818 2982; x_wconf 85' lang='lat' dir='ltr'>legata</span> <span class='ocrx_word' id='word_1_208' title='bbox 837 2906 912 2965; x_wconf 87' lang='lat' dir='ltr'>sunt</span> <span class='ocrx_word' id='word_1_209' title='bbox 930 2903 964 2963; x_wconf 91' lang='grc'>11</span> <span class='ocrx_word' id='word_1_210' title='bbox 981 2903 1116 2984; x_wconf 83' lang='lat' dir='ltr'>rogatus</span> <span class='ocrx_word' id='word_1_211' title='bbox 1136 2903 1187 2963; x_wconf 90' lang='lat' dir='ltr'>est</span> 
     </span>
     <span class='ocr_line' id='line_1_30' title="bbox 174 2987 1187 3074; baseline -0.001 -21"><span class='ocrx_word' id='word_1_212' title='bbox 174 2990 350 3074; x_wconf 88' lang='lat' dir='ltr'>legatarius</span> <span class='ocrx_word' id='word_1_213' title='bbox 378 2988 525 3054; x_wconf 85' lang='lat' dir='ltr'>Stichum</span> <span class='ocrx_word' id='word_1_214' title='bbox 558 3011 662 3053; x_wconf 91' lang='lat' dir='ltr'>emere</span> <span class='ocrx_word' id='word_1_215' title='bbox 692 2992 725 3052; x_wconf 91' lang='lat' dir='ltr'>et</span> <span class='ocrx_word' id='word_1_216' title='bbox 754 2988 992 3053; x_wconf 88' lang='lat' dir='ltr'>manumittere.</span> <span class='ocrx_word' id='word_1_217' title='bbox 1043 2987 1187 3052; x_wconf 84' lang='lat' dir='ltr'>Falcidia</span> 
     </span>
     <span class='ocr_line' id='line_1_31' title="bbox 173 3077 1185 3160; baseline -0.002 -18"><span class='ocrx_word' id='word_1_218' title='bbox 173 3079 347 3143; x_wconf 84' lang='lat' dir='ltr'>intervenit</span> <span class='ocrx_word' id='word_1_219' title='bbox 381 3081 414 3142; x_wconf 90' lang='lat' dir='ltr'>et</span> <span class='ocrx_word' id='word_1_220' title='bbox 452 3078 585 3142; x_wconf 90' lang='lat' dir='ltr'>minoris</span> <span class='ocrx_word' id='word_1_221' title='bbox 619 3078 682 3142; x_wconf 91' lang='lat' dir='ltr'>emi</span> <span class='ocrx_word' id='word_1_222' title='bbox 715 3099 824 3142; x_wconf 83' lang='lat' dir='ltr'>servus</span> <span class='ocrx_word' id='word_1_223' title='bbox 852 3098 918 3141; x_wconf 93' lang='lat' dir='ltr'>non</span> <span class='ocrx_word' id='word_1_224' title='bbox 943 3080 1062 3160; x_wconf 90' lang='lat' dir='ltr'>potest.</span> <span class='ocrx_word' id='word_1_225' title='bbox 1118 3077 1185 3160; x_wconf 92' lang='lat' dir='ltr'>qui-</span> 
     </span>
     <span class='ocr_line' id='line_1_32' title="bbox 174 3165 1187 3250; baseline -0.003 -20"><span class='ocrx_word' id='word_1_226' title='bbox 174 3166 250 3230; x_wconf 91' lang='lat' dir='ltr'>dam</span> <span class='ocrx_word' id='word_1_227' title='bbox 285 3170 403 3250; x_wconf 87' lang='lat' dir='ltr'>putant</span> <span class='ocrx_word' id='word_1_228' title='bbox 438 3166 628 3230; x_wconf 88' lang='lat' dir='ltr'>dodrantem</span> <span class='ocrx_word' id='word_1_229' title='bbox 663 3165 805 3249; x_wconf 87' lang='lat' dir='ltr'>accipere</span> <span class='ocrx_word' id='word_1_230' title='bbox 843 3166 957 3230; x_wconf 90' lang='lat' dir='ltr'>debere</span> <span class='ocrx_word' id='word_1_231' title='bbox 990 3165 1187 3250; x_wconf 84' lang='lat' dir='ltr'>legatarium</span> 
     </span>
     <span class='ocr_line' id='line_1_33' title="bbox 174 3253 1185 3338; baseline -0.001 -20"><span class='ocrx_word' id='word_1_232' title='bbox 174 3277 233 3318; x_wconf 89' lang='lat' dir='ltr'>nec</span> <span class='ocrx_word' id='word_1_233' title='bbox 253 3275 357 3318; x_wconf 87' lang='lat' dir='ltr'>emere</span> <span class='ocrx_word' id='word_1_234' title='bbox 382 3254 646 3337; x_wconf 89' lang='lat' dir='ltr'>compellendum.</span> <span class='ocrx_word' id='word_1_235' title='bbox 686 3253 770 3318; x_wconf 91' lang='lat' dir='ltr'>idem</span> <span class='ocrx_word' id='word_1_236' title='bbox 792 3258 908 3338; x_wconf 89' lang='lat' dir='ltr'>putant</span> <span class='ocrx_word' id='word_1_237' title='bbox 927 3254 1025 3319; x_wconf 88' lang='lat' dir='ltr'>etiam</span> <span class='ocrx_word' id='word_1_238' title='bbox 1045 3255 1071 3318; x_wconf 92' lang='lat' dir='ltr'>si</span> <span class='ocrx_word' id='word_1_239' title='bbox 1093 3275 1185 3318; x_wconf 87' lang='lat' dir='ltr'>suum</span> 
     </span>
     <span class='ocr_line' id='line_1_34' title="bbox 175 3342 1187 3424; baseline -0.001 -18"><span class='ocrx_word' id='word_1_240' title='bbox 175 3363 304 3406; x_wconf 85' lang='lat' dir='ltr'>servum</span> <span class='ocrx_word' id='word_1_241' title='bbox 341 3345 475 3424; x_wconf 83' lang='lat' dir='ltr'>rogatus</span> <span class='ocrx_word' id='word_1_242' title='bbox 514 3343 556 3406; x_wconf 87' lang='lat' dir='ltr'>sit</span> <span class='ocrx_word' id='word_1_243' title='bbox 592 3342 820 3407; x_wconf 86' lang='lat' dir='ltr'>manumittere</span> <span class='ocrx_word' id='word_1_244' title='bbox 857 3348 890 3407; x_wconf 90' lang='lat' dir='ltr'>et</span> <span class='ocrx_word' id='word_1_245' title='bbox 923 3343 1115 3407; x_wconf 90' lang='lat' dir='ltr'>dodrantem</span> <span class='ocrx_word' id='word_1_246' title='bbox 1147 3363 1187 3405; x_wconf 85' lang='lat' dir='ltr'>ex</span> 
     </span>
     <span class='ocr_line' id='line_1_35' title="bbox 175 3429 1186 3514; baseline -0.002 -20"><span class='ocrx_word' id='word_1_247' title='bbox 175 3429 286 3513; x_wconf 86' lang='lat' dir='ltr'>legato</span> <span class='ocrx_word' id='word_1_248' title='bbox 310 3429 478 3514; x_wconf 86' lang='lat' dir='ltr'>acceperit,</span> <span class='ocrx_word' id='word_1_249' title='bbox 500 3451 565 3493; x_wconf 91' lang='lat' dir='ltr'>non</span> <span class='ocrx_word' id='word_1_250' title='bbox 590 3451 659 3493; x_wconf 91' lang='lat' dir='ltr'>esse</span> <span class='ocrx_word' id='word_1_251' title='bbox 683 3431 939 3513; x_wconf 88' lang='lat' dir='ltr'>compellendum</span> <span class='ocrx_word' id='word_1_252' title='bbox 958 3430 1186 3496; x_wconf 87' lang='lat' dir='ltr'>manumittere</span> 
     </span>
    </p>
   </div>
   <div class='ocr_carea' id='block_1_8' title="bbox 248 3566 531 3622">
    <p class='ocr_par' dir='ltr' id='par_1_9' title="bbox 248 3566 531 3622">
     <span class='ocr_line' id='line_1_36' title="bbox 248 3566 531 3622; baseline 0 -1"><span class='ocrx_word' id='word_1_253' title='bbox 248 3574 262 3621; x_wconf 91' lang='lat'>1</span> <span class='ocrx_word' id='word_1_254' title='bbox 284 3568 359 3622; x_wconf 76' lang='lat' dir='ltr'>Trio.</span> <span class='ocrx_word' id='word_1_255' title='bbox 377 3566 531 3621; x_wconf 87' lang='lat' dir='ltr'>fideiussor.</span> 
     </span>
    </p>
   </div>
   <div class='ocr_carea' id='block_1_9' title="bbox 0 0 1306 3906">
    <p class='ocr_par' dir='ltr' id='par_1_10' title="bbox 0 0 1306 3906">
     <span class='ocr_line' id='line_1_37' title="bbox 0 0 1306 3906; baseline 0 0"><span class='ocrx_word' id='word_1_256' title='bbox 0 0 1306 3906; x_wconf 95' lang='lat' dir='ltr'> </span> 
     </span>
    </p>
   </div>
  </div>
 </body>
</html>
