2596 3902
168 203 209 266 72
237 202 285 258 ΠΙ.
301 201 376 256 GAII
390 200 537 256 CLAUDII
551 199 687 257 NERON.
697 200 842 255 GALBAE
853 201 961 255 TEMP.
970 198 1067 254 IURIS
1077 198 1179 255 CONS.

510 387 557 445 De
579 389 611 445 iu
633 388 681 445 tus
702 387 839 445 ooeuedo.

255 503 291 564 D.
303 505 331 579 2,
342 505 372 578 4,
382 503 440 578 4,1
462 501 531 577 Ulp.
553 531 590 542 -
609 500 734 560 Praetor
752 502 806 559 ait:
827 495 1002 579 ‘parentem
1020 504 1181 577 patronum

165 596 337 668 patronam,
365 591 474 649 liberos
502 593 643 666 parentes
670 591 790 664 patroni
816 593 961 665 patronae
988 590 1021 648 in
1045 589 1092 649 ius
1116 591 1180 649 sine

165 681 316 758 permissu
338 698 403 738 meo
426 698 463 737 ne
487 679 553 755 quis
576 673 683 739 voret?

256 782 285 845 3.
309 778 507 863 D.‘2,4,4‚2.
547 778 707 863 Ulpianus
729 780 813 846 libro
838 780 951 866 quinto
976 781 1016 844 ad
1040 779 1181 844 edietum

167 869 216 952 (P.
235 865 340 955 260⁸).
375 905 413 914 -
449 868 584 944 Quidam
618 872 787 953 parentem
818 891 918 952 usque
952 869 992 933 ad
1023 869 1181 934 tritavum

167 959 323 1043 appellari
351 957 457 1041 aiunt,
484 958 664 1041 superiores
692 958 830 1022 maiores
855 958 925 1023 diei.
971 958 1033 1022 hoo
1056 963 1181 1023 veteres

167 1047 369 1111 existimasse
383 1045 582 1130 Pomponius
601 1045 711 1130 refert3
732 1046 786 1110 sed
802 1046 902 1111 Gaius
917 1043 1049 1111 Cassius
1069 1068 1182 1112 omnes

94 1147 97 1152 ’
166 1137 199 1200 in
222 1135 386 1199 infinitum
410 1139 561 1218 parentes
586 1134 673 1200 dicit.

255 1256 291 1316 of.
301 1256 337 1315 D.
349 1252 399 1329 38,
413 1258 463 1330 10,
475 1257 524 1332 10,
536 1256 554 1314 7
574 1254 659 1316 Paul.
697 1249 852 1315 ‘Parentes
871 1274 965 1332 usque
984 1255 1022 1314 ad
1036 1257 1183 1316 tritavum

167 1345 247 1421 apud
275 1345 425 1403 Romanos
456 1343 577 1418 proprio
609 1344 754 1404 vocabulo
787 1345 991 1421 nominantur,
1023 1345 1183 1405 ulteriores

166 1435 219 1512 qui
241 1453 300 1493 non
322 1435 435 1492 babent
458 1432 586 1507 speciale
608 1451 716 1493 nomen
739 1434 867 1492 maiores
891 1427 1104 1509 appellantur.'

255 1535 285 1599 4.
309 1533 347 1598 D.
359 1535 428 1617 2,4‚
440 1533 491 1615 10,
501 1532 530 1597 9.
569 1531 727 1619 Ulpianus
747 1535 832 1601 libro
851 1535 964 1619 quinto
984 1541 1023 1602 ad
1038 1535 1182 1600 edietum

167 1621 216 1708 (P.
233 1619 322 1709 262).
347 1659 388 1668 -
412 1621 544 1686 Liberos
569 1670 598 1686 ..
623 1624 796 1688 seeundum
820 1621 982 1708 Cassium,
1009 1628 1045 1689 ut
1067 1625 1102 1688 in
1126 1647 1182 1707 pa·

166 1713 331 1793 rentibus,
355 1716 387 1774 et
410 1711 495 1774 ultra
517 1711 714 1795 trinepotem
737 1712 921 1796 accipimus.

260 1830 297 1892 of.
316 1829 385 1890 Vat.
409 1831 446 1889 fr.
466 1831 527 1889 321
554 1824 672 1912 (Ulpa)
697 1826 834 1891 ‘Liberos
864 1880 894 1892 ..
923 1833 1058 1909 accipere
1092 1833 1181 1892 debe-

167 1937 234 1978 mus
254 1921 285 1977 et
303 1922 428 1994 nepotes
446 1923 477 1979 et
496 1919 634 1996 deinceps
654 1921 810 1981 ulteriores
834 1922 968 1997 exemplo
987 1916 1181 1998 parentium'.

167 2010 201 2067 D.
222 2008 274 2084 38,
296 2009 345 2085 10,
366 2010 453 2085 10,7
483 2007 567 2068 Paul.
597 2001 639 2090 (v.
659 2003 764 2090 supra)
791 2003 876 2071 ‘item
904 2010 991 2070 liberi
1018 2029 1113 2088 usque
1142 2011 1181 2070 ad

166 2097 363 2174 trinepotem3
386 2097 468 2155 ultra
490 2097 544 2155 hos
568 2101 749 2173 posteriores
773 2093 938 2160 vocantur’.

448 2271 523 2348 'Qui
546 2276 701 2334 arbitrium
722 2279 887 2352 receperint.
1003 2305 1005 2310 .

257 2384 286 2447 ὁ.
318 2382 358 2447 D.
372 2383 402 2467 4,
417 2384 446 2466 8,
463 2385 514 2469 19,
529 2385 557 2449 2.
604 2384 724 2449 Paulus
751 2385 835 2449 libro
864 2387 961 2450 tertio
991 2386 1114 2450 deeimo
1141 2387 1183 2451 ad

167 2473 307 2537 edictum
340 2469 390 2558 (P.
411 2468 501 2559 245).
532 2509 570 2519 —-
601 2523 636 2538 ..
668 2473 840 2539 videndum
873 2476 948 2559 erit,
981 2497 1021 2540 an
1055 2479 1184 2540 mutare

167 2561 359 2628 sententiam
387 2562 491 2646 possit
519 2560 576 2646 (sc.
605 2559 748 2650 arbiter).
790 2569 823 2628 et
855 2563 935 2628 elias
973 2564 1100 2648 quidem
1133 2574 1185 2630 est

167 2652 339 2736 agitatum,
363 2651 391 2715 si
414 2650 536 2716 arbiter
559 2653 654 2717 iussit
677 2652 755 2735 dari,
778 2674 853 2717 mox
876 2653 988 2735 vetuit,
1010 2661 1119 2717 utrum
1144 2675 1183 2718 eo

168 2741 254 2824 quod
272 2740 369 2805 iussit
388 2763 429 2805 an
449 2762 486 2806 eo
506 2741 591 2825 quod
611 2742 714 2806 vetuit
734 2743 816 2806 stari
835 2741 950 2807 debeat
969 2791 976 2806 .
995 2745 1028 2806 et
1043 2740 1184 2807 Sabinus

168 2829 297 2912 quidem
316 2829 444 2913 putavit
462 2834 567 2915 posse.
600 2828 731 2895 Cassius
751 2831 944 2895 sententiam
963 2830 1184 2914 magistriani

169 2965 193 2980 ..
212 2922 345 2981 excusat
363 2923 395 2981 et
415 2919 462 2981 ait
478 2915 633 2983 Sabinum
654 2941 718 2983 non
738 2919 777 2982 de
797 2941 834 2983 ea
854 2919 991 2983 sensisse
1011 2919 1184 3002 sententia,

169 3025 251 3087 quae
275 3004 446 3069 arbitrium
465 3006 565 3089 finiat,
592 3007 647 3070 sed
671 3007 709 3070 de
729 3007 1122 3092 praeparationeoausae,
1145 3014 1183 3073 ut

168 3094 249 3174 puta
277 3093 305 3155 si
333 3092 428 3156 iussit
451 3093 633 3177 litigatores
658 3094 799 3159 calendis
825 3095 949 3179 adesse,
977 3118 1052 3161 mox
1075 3095 1183 3162 idibus

103 3225 105 3229 .
167 3180 291 3264 iubeat,
313 3202 390 3244 nem
414 3185 540 3245 mutare
562 3204 634 3246 eum
655 3183 738 3247 diem
759 3205 854 3267 posse
873 3233 880 3248 .
900 3189 1041 3250 osterum
1061 3186 1088 3249 si
1107 3206 1183 3251 eon·

169 3269 333 3333 demnarit
351 3271 402 3334 vel
417 3269 567 3350 absolvit,
586 3271 661 3336 dum
678 3272 799 3337 arbiter
814 3294 883 3338 esse
898 3273 1037 3358 desierit,
1056 3278 1182 3338 mutare

168 3357 363 3422 sententiam
386 3381 451 3424 non
473 3381 579 3443 posse.

256 3469 290 3528 D.
309 3472 337 3542 4,
354 3471 382 3544 8,
398 3472 491 3546 39pr.
532 3468 691 3531 Iavolenus
718 3473 796 3534 libro
824 3474 979 3534 undecimo
1008 3492 1045 3533 ex
1067 3472 1180 3533 Cassio,

168 3553 263 3619 ‘Idem
277 3605 284 3618 .
300 3557 526 3619 Contumaoiam
539 3560 702 3639 litigatoris
716 3562 828 3622 arbiter
844 3563 950 3639 punire
965 3563 1076 3639 poterit
1090 3581 1179 3637 peon-
