2580 3900
180 175 246 239 240
268 174 315 230 IV.
329 172 545 228 VESPASIANI
559 171 632 228 TITl
647 171 844 228 DOMITIANI
857 172 966 228 TEMP.
979 172 1075 228 IURIS
1091 171 1195 228 CONS.

533 369 571 452 8.
610 374 841 448 VIVIANUS

270 519 346 580 iuris
369 519 485 596 peritus
508 520 696 596 Flauiorum,
719 523 755 579 ut
777 519 910 595 1116111,
933 518 1057 598 aetatis,
1083 519 1198 597 quippe

180 628 249 669 cum
257 607 395 668 Cassium
412 611 443 669 et
456 609 617 668 Proculum
631 608 809 686 laudaverit,
824 608 919 685 ipsius
934 612 1035 668 autem
1049 609 1199 669 rationem

180 698 321 758 habuerit
344 717 404 756 non
426 698 514 758 modo
538 698 720 773 Pomponius
743 698 778 758 D.
795 700 845 774 13,
861 700 889 776 6,
906 700 990 777 17,4
1014 702 1045 757 61
1067 698 1198 757 fortasse

181 785 286 847 Celsus
310 805 428 864 quoque
451 786 486 846 D.
503 790 532 861 4,
548 789 576 862 8,
593 789 644 862 21,
660 789 710 863 11,
730 786 781 845 661
800 787 893 846 etiam
913 783 1081 846 Octauenus
1106 778 1199 868 (quae

180 876 229 936 hic
247 877 283 935 D.
295 879 323 949 9,
335 877 365 952 2,
376 877 428 951 27,
439 877 480 936 25
501 870 543 934 ‘in
561 875 629 934 uvis
648 867 760 950 adicit',
778 875 816 934 ad
830 874 992 934 Vicianum
1008 875 1112 935 addita
1130 893 1198 935 esse

180 966 382 1042 cognoscitur.
395 964 533 1041 Krueger
543 965 642 1041 6158
653 953 754 1043 199).
769 964 885 1024 accedit
894 965 973 1040 quod
982 964 1197 1040 D.9‚2,27,28

181 1054 218 1114 de
242 1072 276 1115 eo
300 1055 344 1114 ait
368 1054 420 1132 qui
444 1047 582 1129 ‘puerum
606 1053 783 1113 castraverit
801 1055 833 1112 61
850 1053 1057 1128 pretiosiorem
1077 1047 1197 1113 fecerit'

180 1163 259 1220 6166
286 1143 379 1203 verba
402 1145 472 1202 ante
496 1135 638 1218 681182
663 1140 775 1217 scripta
796 1142 951 1219 11161111,
979 1161 1038 1219 quo
1061 1145 1198 1218 tempore

180 1232 372 1293 Domitianus
410 1226 520 1291 ‘mares
557 1229 684 1290 castrari
720 1225 829 1290 vetuit'
866 1234 897 1290 et
928 1223 1107 1307 ‘spadonum
1144 1230 1199 1307 qui

181 1322 294 1382 residui
309 1321 390 1397 apud
404 1337 566 1397 mangones
581 1321 656 1398 erat,
670 1318 769 1394 pratia
786 1319 960 1380 moderatus
979 1314 1044 1382 oet'.
1073 1318 1197 1386 Sueton.

180 1410 344 1471 Domitian.
375 1413 402 1470 7.
426 1411 581 1484 praeterea
607 1427 667 1468 non
696 1408 910 1484 respondendo,
938 1407 990 1467 sed
1018 1408 1103 1468 libris
1128 1409 1198 1468 scri·

179 1499 284 1560 bondis
307 1517 377 1558 eum
399 1517 521 1575 oporam
543 1497 660 1557 dedisse
684 1501 809 1557 constat.

270 1587 308 1646 In
329 1589 420 1647 rebus
444 1605 572 1663 quarum
594 1586 626 1645 11
648 1586 826 1664 fragmentis
848 1585 961 1646 mentio
979 1585 1021 1660 fit,
1045 1589 1076 1645 et
1094 1586 1198 1646 studia

182 1680 213 1736 et
232 1694 329 1736 mores
347 1676 431 1735 illius
455 1675 565 1735 aetatis
584 1675 657 1734 satis
676 1679 848 1735 cernuntur.
893 1693 989 1734 sermo
1004 1674 1083 1734 enim
1098 1679 1145 1735 661
1160 1676 1198 1735 16

179 1765 329 1824 mercibus
347 1765 379 1823 in
397 1783 503 1824 navem
521 1764 671 1840 impositis
691 1759 739 1842 (D.
748 1766 777 1840 4,
789 1767 818 1839 9,
828 1767 858 1839 4,
873 1755 917 1843 2),
937 1763 973 1823 de
991 1782 1066 1824 nave
1085 1763 1198 1824 161611-

140 1871 146 1882 ·
180 1854 292 1912 ciarum
325 1854 468 1912 mercium
500 1853 653 1928 perforata
680 1845 730 1933 (D.
750 1856 779 1929 9,
800 1855 828 1926 2,
848 1854 900 1930 27,
921 1847 990 1931 24),
1027 1852 1063 1912 16
1101 1871 1196 1930 puero

181 1944 313 2002 castrato
329 1937 379 2021 (D.
395 1945 423 2018 9,
440 1944 469 2019 2,
482 1943 533 2014 27,
546 1935 611 2020 28),
632 1942 667 2000 16
685 1960 779 2017 puero
798 1941 851 2016 qui
869 1960 888 2000 a
905 1942 1051 2019 magistro
1070 1942 1198 2002 recessit

181 2033 213 2090 et
233 2048 339 2090 rursus
363 2031 402 2089 ad
424 2032 552 2090 matrem
575 2033 719 2106 pervenit,
742 2035 779 2089 ut
800 2050 855 2107 par
877 2049 944 2089 eam
960 2029 1125 2090 faciliorem
1144 2031 1197 2090 de·

180 2120 382 2196 precationem
404 2119 531 2178 haberet
548 2119 650 2178 delicti
669 2118 719 2198 (D.
735 2120 786 2195 21,
804 2121 832 2194 1,
847 2120 899 2195 27,
914 2112 959 2198 5),
983 2119 1019 2178 16
1043 2137 1077 2178 66
1101 2119 1155 2196 qui
1179 2138 1198 2178 6

180 2211 373 2286 praeceptore
398 2208 447 2267 cui
464 2208 496 2266 in
515 2207 701 2284 disciplinam
721 2207 852 2267 traditus
872 2211 946 2284 6161,
969 2207 1099 2286 aufugit,
1122 2208 1197 2286 quia

180 2298 377 2357 immoderate
405 2316 440 2356 66
467 2298 612 2357 utebatur
635 2287 686 2377 (D.
702 2298 753 2372 21,
769 2300 798 2368 1,
814 2290 939 2374 2761),
967 2297 1003 2356 16
1031 2315 1116 2357 66116
1143 2297 1198 2373 611

181 2387 220 2446 ab
234 2405 269 2447 66
283 2386 364 2464 fugit
382 2386 432 2447 cui
452 2389 518 2446 erat
537 2385 741 2445 commodatus
756 2376 798 2466 (D
810 2388 860 2457 21,
873 2389 902 2464 1,
914 2387 963 2461 17,
975 2379 1019 2467 3),
1038 2385 1075 2445 16
1093 2404 1128 2446 66
1143 2387 1197 2463 611

181 2479 267 2536 16616
300 2475 402 2552 611616
434 2472 498 2535 eine
528 2474 684 2534 voluntate
717 2473 830 2534 domini
861 2473 988 2534 emansit
1019 2466 1070 2557 (D.
1091 2477 1146 2551 21,
1168 2478 1197 2552 1,

184 2566 234 2644 17,
250 2557 299 2646 4),
328 2565 364 2624 16
392 2564 487 2625 661116
513 2562 563 2624 161
589 2563 621 2623 11
650 2563 782 2640 depulsis
809 2563 858 2624 161
884 2562 1010 2623 retentis
1033 2566 1065 2622 et
1085 2563 1196 2623 vinctis

181 2647 232 2735 (D.
247 2656 299 2732 43,
316 2656 366 2732 16,
383 2657 410 2731 1,
424 2645 496 2733 46),
520 2652 556 2712 16
580 2671 666 2713 66116
689 2654 768 2712 inter
790 2652 936 2712 fanaticos
955 2657 1046 2728 caput
1063 2652 1196 2711 iactante

180 2744 230 2802 161
257 2743 339 2804 61166
365 2743 437 2802 fana
461 2741 625 2802 bacchante
649 2744 680 2801 et
701 2759 845 2817 responsa
867 2740 1009 2800 reddente
1034 2736 1084 2818 (D.
1099 2743 1151 2817 21,
1168 2744 1197 2816 1,

184 2835 256 2910 1,9.
273 2824 340 2912 10),
362 2831 399 2890 16
422 2831 461 2890 116
484 2831 536 2907 611
557 2850 613 2907 per
634 2833 716 2891 11666
738 2850 820 2890 more
841 2831 1015 2892 insanorum
1033 2829 1197 2889 deridenda

180 2921 343 2995 loquantur
362 2916 411 2999 (D.
432 2921 483 2997 21,
500 2921 572 2997 1,4,
588 2912 631 3000 1),
655 2919 782 2995 deniquo
805 2918 840 2982 do
859 2919 970 2995 popiua
989 2922 1020 2978 et
1037 2919 1196 2994 lupanario

182 3007 237 3067 ubi
259 3007 427 3086 litigatores
451 3007 565 3067 arbiter
587 3009 692 3068 adesso
714 3008 837 3067 iusserit
861 3001 913 3089 (D.
927 3009 956 3084 4,
972 3009 1001 3085 8,
1017 3009 1068 3083 21,
1084 3000 1150 3088 11).

272 3095 463 3174 Quamquam
484 3096 630 3154 librorum
653 3115 672 3154 a
690 3095 818 3156 Viviano
841 3095 1075 3172 compositorum
1098 3115 1196 3172 neque

181 3203 290 3244 nomen
321 3204 416 3261 noque
444 3186 655 3262 argumentum
684 3182 829 3261 traditur,
861 3185 955 3245 nihilo
983 3185 1083 3244 minus
1109 3186 1196 3244 cuius

182 3274 301 3350 generis
323 3273 388 3333 eius
412 3273 513 3334 studia
535 3273 648 3332 fuerint
666 3273 856 3349 aliquatenus
875 3274 1073 3352 cognoscitur.
1114 3275 1198 3351 quod

182 3361 262 3420 enim
284 3363 358 3421 haec
380 3364 536 3439 leguntur:
562 3357 720 3423 ‘Vitianus
745 3357 848 3422 refert'
869 3363 906 3422 D.
916 3365 1030 3439 43,16,
1042 3364 1198 3442 1,41.46,

182 3443 274 3526 ‘apud
301 3450 463 3511 Vivianum
494 3452 622 3511 relatum
656 3444 712 3511 est'
740 3451 777 3514 D.
796 3454 826 3529 4,
847 3453 963 3530 9,1,6.
988 3453 1082 3528 21,1,
1101 3453 1198 3529 17,3.

185 3541 235 3613 aa,
253 3542 345 3616 614,
363 3544 391 3602 9.
414 3543 466 3620 41,
484 3544 533 3619 16,
549 3544 576 3620 1,
591 3543 643 3602 41.
666 3543 718 3618 46,
734 3543 784 3616 14,
801 3542 850 3618 16,
866 3543 895 3618 1,
915 3536 1071 3600 ‘vivianus
1090 3541 1199 3602 11611
