2580 3900
153 216 218 280 246
240 214 286 271 IV.
301 213 519 269 VESPASIANI
534 213 609 268 ΤΙΤΙ
622 213 818 270 DOMITIANI
832 212 941 268 ΤΕΜΡ.
955 212 1052 268 IURIS
1068 211 1171 268 CONS.

153 380 244 442 litem
259 400 278 442 a
291 377 396 442 iudice
411 377 578 446 aestimari
599 376 713 442 debere
727 398 864 461 eumque
878 379 1005 441 tantum
1020 397 1172 442 consecu-

153 469 277 551 turum,
297 467 410 551 quanti
430 488 489 530 sua
506 467 681 531 interesset
705 488 738 532 se
762 465 793 530 vi
818 465 975 530 deiectum
1000 486 1066 530 non
1090 487 1170 533 esse.

244 555 294 621 15.
326 554 364 619 D.
384 555 461 620 ibid.
481 557 500 636 ξ
519 554 571 620 45.
602 591 640 602 -
671 553 746 620 Non
774 555 831 620 alii
859 602 902 638 ..,
931 576 1028 638 quam
1056 555 1086 619 ei
1113 556 1171 640 qui

153 645 317 730 possidere
339 643 456 728 desiitl,
478 644 688 710 interdictum
711 644 796 708 unde
820 644 852 707 vi
871 645 1053 727 competere
1073 665 1172 730 argu-

151 737 298 798 mentum
322 733 464 818 praebet,
486 732 572 817 quod
596 733 680 817 apud
699 731 875 798 Vivianum
899 733 1038 797 relatum
1058 737 1117 819 est,
1141 735 1171 800 si

152 823 224 907 quis
252 843 304 886 me
332 822 364 886 vi
392 822 557 904 deiecerit,
585 843 674 886 meos
701 842 767 885 non
794 821 958 905 deiecerit,
984 843 1048 886 non
1072 844 1170 907 posse

152 932 203 975 me
227 911 289 976 hoo
311 910 484 976 interdicto
508 909 659 995 experiri,
688 909 763 995 quia
786 931 845 994 per
870 932 925 974 eos
948 910 1072 975 retineo
1095 934 1171 997 pos·

152 1001 344 1078 sessionem,
367 1001 422 1084 qui
446 999 561 1064 deiecti
584 1021 651 1064 non
675 1002 761 1065 sunt.

243 1090 292 1154 16.
325 1087 407 1153 Ibid.
426 1091 445 1169 ξ
466 1089 518 1154 46.
541 1124 585 1138 ·-
609 1088 699 1152 Idem
726 1085 885 1153 Vivianus
913 1087 1028 1152 refert:
1057 1111 1169 1154 servos

31 1185 32 1190 ’
151 1178 310 1262 quosdam
333 1179 366 1242 vi
389 1177 524 1262 depulit,
545 1177 626 1242 alios
649 1177 787 1241 retinuit
810 1182 842 1242 et
865 1177 969 1242 vinxit
993 1179 1170 1242 autetiam

151 1268 198 1332 eis
225 1267 408 1350 imperavit.
453 1267 487 1330 vi
513 1269 546 1330 te
570 1265 729 1331 deiectum
751 1265 911 1352 intellegi,
935 1265 1056 1331 desisse
1083 1266 1171 1332 enim

149 1355 333 1440 possidere,
361 1376 434 1420 cum
463 1355 547 1419 servi
575 1353 615 1422 ab
645 1355 710 1419 alio
738 1354 975 1441 possideantur.
1024 1360 1056 1420 et
1084 1355 1170 1440 quod

150 1445 185 1508 in
212 1449 305 1529 parte
336 1465 501 1508 servorum
529 1443 738 1526 dictumest,
766 1443 852 1508 idem
874 1444 910 1508 in
933 1444 1083 1509 omnibus
1106 1445 1171 1510 diei

151 1533 208 1618 ait,
232 1535 259 1599 si
282 1533 365 1597 forte
388 1553 484 1598 nemo
508 1531 661 1616 depulsus
685 1535 780 1611 esset,
803 1533 859 1598 sed
882 1533 1041 1617 possideri
1065 1534 1106 1598 ab
1131 1556 1170 1598 eo

150 1623 346 1707 coepissent,
369 1622 425 1705 qui
448 1621 615 1707 ingressus
638 1623 673 1686 in
696 1622 936 1705 possessionem
960 1626 1053 1687 esset.

241 1712 291 1775 17.
318 1709 501 1790 Ibidem.
526 1745 566 1756 ·—-
597 1709 680 1786 Quid
708 1709 824 1776 dicturi
853 1732 1010 1795 essemus,
1037 1714 1171 1797 tractat,
1283 1737 1287 1742 ·

151 1799 178 1863 si
212 1798 319 1884 aliquo
348 1799 536 1882 possidente
565 1819 626 1882 ego
656 1800 811 1884 [quoque]
840 1799 1005 1884 ingressus
1034 1822 1106 1864 snm
1134 1803 1169 1866 in

148 1888 390 1971 possessionem
410 1893 442 1951 et
460 1910 526 1952 non
544 1886 679 1952 deiciam
698 1910 927 1972 possessorem,
946 1889 1003 1954 sed
1021 1889 1168 1956 vinctum

150 1997 231 2059 opus
256 1975 363 2040 facere
387 1996 515 2060 cogam:
538 1981 696 2059 quatenus
720 1999 787 2062 res,
810 1977 929 2062 inquit,
953 1977 1060 2042 esset?

237 2068 385 2146 Ulpianus
413 2069 510 2130 addit:
544 2064 612 2146 ‘ogo
641 2071 741 2133 verius
770 2074 843 2148 puto
872 2091 941 2131 oum
969 2091 1085 2150 quoque
1117 2073 1168 2133 dc·

147 2156 261 2218 iactum
283 2157 388 2234 videri,
412 2158 464 2234 qui
487 2158 549 2218 illio
572 2160 692 2219 vinctus
715 2154 782 2219 est'.

240 2241 291 2306 18.
315 2239 352 2306 D.
363 2242 416 2322 43,
426 2242 478 2321 24,
491 2242 541 2324 13,
551 2241 581 2308 5.
617 2241 779 2327 Ulpianus
797 2243 882 2308 libro
902 2245 1166 2328 septuagensimo

147 2329 253 2414 primo
283 2330 323 2394 ad
350 2329 491 2396 edictum
521 2329 568 2417 (P.
590 2329 714 2418 rossi).
744 2369 785 2379 -
814 2332 1004 2409 Quaesitum
1033 2338 1096 2418 est,
1130 2336 1167 2415 si,

148 2440 221 2485 eum
252 2419 418 2504 praedium
451 2419 582 2486 interim
614 2420 735 2486 nullius
766 2428 867 2506 esset,
900 2421 1022 2506 aliquid
1052 2423 1082 2488 vi
1111 2429 1169 2488 aut

148 2509 233 2573 elam
259 2508 381 2574 factum
410 2509 465 2594 sit,
496 2531 537 2574 an
564 2513 679 2594 postea
707 2509 849 2576 dominio
879 2509 919 2576 ad
947 2510 1087 2595 aliquem
1116 2512 1168 2576 de·

148 2598 261 2663 voluto
287 2597 461 2666 interdicto
484 2598 574 2666 loeus
597 2599 653 2682 sit3
681 2603 719 2663 ut
742 2604 822 2683 puta
844 2599 1007 2664 hereditas
1031 2600 1168 2685 iacebat,

146 2692 262 2770 postea
281 2686 361 2752 adiit
379 2686 590 2754 hereditatem
610 2687 726 2772 Titius,
747 2711 789 2754 an
808 2688 837 2753 ei
855 2687 1062 2754 interdictum
1081 2711 1167 2754 com·

147 2777 261 2858 petat?
299 2826 324 2843 ..
344 2784 393 2840 est
407 2775 492 2860 apud
508 2775 684 2842 Vicianum
699 2777 888 2861 saepissime
903 2777 1042 2842 relatum
1056 2777 1167 2842 heredi

148 2868 332 2947 competere
364 2865 426 2929 hoc
458 2865 665 2930 interdictum
699 2867 780 2948 eius,
815 2865 900 2951 quod
933 2869 1009 2930 aute
1042 2866 1167 2931 aditam

147 2951 361 3017 hereditatem
374 2951 497 3020 factum
512 2954 562 3017 eit.
595 2975 655 3019 neo
669 2955 788 3020 referre
803 2953 912 3020 Labeo
928 2955 985 3036 ait,
1000 2955 1084 3039 quod
1099 2977 1166 3020 non

148 3039 267 3122 scierit,
288 3041 342 3124 qui
362 3041 496 3106 heredes
514 3041 617 3106 futuri
636 3047 758 3125 essent,
777 3043 839 3108 hoo
859 3044 945 3108 enim
959 3064 1055 3127 posse
1070 3066 1166 3129 quem

148 3128 275 3192 causari
292 3128 390 3192 etiam
405 3133 481 3212 post
494 3129 617 3194 aditam
632 3131 855 3196 hereditatem.
883 3154 925 3197 ne
939 3132 1021 3197 illud
1037 3134 1167 3217 quidem

149 3214 279 3282 obstare
307 3215 416 3282 Labeo
445 3218 505 3301 ait,
539 3218 625 3302 quod
653 3241 691 3283 eo
719 3225 865 3304 tempore
892 3242 987 3286 nemo
1016 3221 1166 3288 dominus

111 3351 114 3364 .
148 3303 259 3386 fuerit;
282 3326 360 3373 nam
384 3309 417 3368 et
439 3306 601 3390 sepulchri
624 3328 719 3374 nemo
744 3308 892 3375 dominus
912 3309 975 3374 luit
994 3314 1026 3374 et
1045 3313 1167 3392 tamen,

149 3391 177 3456 si
201 3393 278 3477 quid
301 3393 335 3458 in
358 3413 396 3457 ec
419 3393 488 3478 fiat,
513 3396 652 3479 experiri
673 3418 806 3481 possum
831 3398 916 3484 quod
939 3401 971 3463 vi
996 3401 1053 3463 aut
1071 3400 1168 3465 clam.

190 3637 192 3642 .
220 3591 233 3639 1
255 3583 304 3640 m.
323 3584 461 3655 possidet.
