2580 3900
502 207 526 257 ’1.
544 199 732 256 PROCULUS
1057 201 1120 266 155

108 368 144 430 ut
164 387 203 430 ea
217 363 305 429 Titio
325 364 429 450 dares,
446 369 545 449 tuque
564 385 630 430 non
648 363 783 447 dederis,
802 364 858 429 sed
872 366 1120 449 consumpseris,

107 458 140 519 et
162 453 307 519 mandeti
331 456 364 518 et
386 452 466 517 furti
489 454 590 524 teneri
613 457 646 518 te
664 452 822 519 Proculus
845 453 904 538 ait3
929 458 994 540 aut,
1019 455 1047 520 si
1070 455 1118 520 its

105 543 261 621 dederim,
287 546 324 607 ut
351 564 433 628 quae
459 543 556 607 velles
580 541 686 626 dares,
714 542 861 608 mandati
884 543 1121 610 tantummodo.

466 701 516 768 Dc
538 701 599 786 eye
621 701 762 786 Aquilia.

192 827 245 892 66.
274 826 314 893 D.
332 826 362 909 9,
381 827 411 910 2,
430 829 459 909 7,
478 827 508 892 3.
554 826 715 910 Ulpianus
742 827 826 892 libro
855 831 969 893 octavo
993 827 1117 894 decimo

105 916 145 982 sd
175 915 317 982 edictum
345 915 396 998 (P.
416 914 519 1002 614⁸).
544 952 582 963 -
614 915 696 980 ..si
719 916 791 999 quis
816 916 949 981 alterius
977 916 1120 1000 impulsu

104 1007 258 1071 damnum
282 1004 413 1088 dederit,
436 1003 592 1070 Proculus
616 1004 730 1070 scribit
753 1025 857 1089 neque
881 1027 955 1069 eum
979 1008 1034 1090 qui
1058 1013 1119 1071 im·

104 1096 188 1181 pulit
206 1093 320 1176 teneri,
343 1093 502 1178 quianon
523 1092 649 1177 occidit,
667 1114 769 1178 neque
789 1115 863 1158 enm
882 1093 938 1178 qui
956 1094 1117 1178 impulsus

105 1187 163 1266 ert,
187 1183 264 1267 quia
287 1182 439 1247 damnum
461 1180 583 1247 iniuria
605 1203 671 1247 non
694 1181 790 1247 dedit.
832 1182 1006 1247 secundum
1030 1183 1115 1266 quod

105 1273 138 1338 in
161 1272 284 1337 factum
309 1272 394 1336 actio
419 1271 480 1335 erit
503 1269 608 1336 danda
631 1271 665 1335 in
688 1291 761 1336 eum
785 1270 839 1355 qui
861 1271 1003 1356 impulit.

192 1361 246 1427 67.
273 1360 312 1426 D.
326 1359 356 1440 9,
371 1360 401 1443 2,
418 1361 514 1444 llpr.
560 1358 721 1443 Ulpianus
743 1360 827 1425 libro
852 1365 966 1425 octavo
991 1359 1115 1426 decimo

103 1451 143 1516 sd
167 1449 308 1514 edictum
333 1445 382 1535 (P.
400 1445 503 1531 6140).
528 1485 566 1495 -
592 1447 724 1513 ..Mela
748 1449 869 1529 scribit,
894 1451 930 1533 si,
955 1471 1028 1514 cum
1050 1449 1118 1532 pila

103 1538 235 1624 quidam
263 1537 423 1619 luderent,
455 1537 677 1603 vehementius
706 1538 778 1622 quis
806 1538 874 1622 pila
902 1559 1055 1623 percusse.
1083 1539 1118 1602 in

102 1627 245 1692 tonsoris
266 1648 380 1692 manus
399 1649 470 1692 eam
489 1626 640 1691 deiecerit
658 1632 691 1690 et
709 1627 756 1692 sic
775 1627 869 1711 servi,
888 1650 985 1711 quem
1003 1630 1116 1692 tonsor

101 1714 270 1800 radebatl,
298 1716 375 1800 gule.
402 1717 445 1780 sit
471 1715 618 1799 praecisa
645 1715 770 1780 adiecto
798 1717 944 1795 cultello,
977 1717 1010 1780 in
1038 1738 1118 1802 quo·

102 1826 238 1890 cumque
271 1825 381 1869 eorum
414 1804 507 1888 culpa
539 1805 596 1887 sit,
629 1826 701 1868 eum
733 1805 805 1890 lege
838 1805 971 1891 Aquilia
1003 1806 1114 1870 teneri.

103 1893 265 1960 Proculus
288 1893 323 1956 in
345 1897 478 1958 tonsore
502 1914 572 1957 esse
595 1895 734 1976 culpam.

193 1983 260 2048 68⁸.
292 1979 411 2048 Uollat.
430 1983 481 2067 12,
501 1984 530 2065 7,
549 1983 578 2048 8.
629 1982 789 2066 Ulpianus
822 1983 906 2049 libro
933 1981 1046 2049 XVIII
1077 1983 1117 2048 ad
1182 2032 1184 2036 .

102 2072 246 2137 edictum
266 2069 316 2148 (P.
331 2067 436 2158 62322).
458 2107 495 2118 —
517 2119 548 2136 ..
571 2071 654 2136 libro
679 2069 727 2136 VI
751 2093 790 2136 ex
812 2071 955 2138 Vibiano
978 2073 1117 2137 relatum

101 2165 165 2226 est:
185 2161 214 2225 si
233 2165 361 2225 furnum
381 2159 555 2225 secundum
573 2158 729 2241 parietem
748 2181 950 2226 communem
969 2161 1116 2247 haberes,

102 2271 146 2314 an
175 2249 285 2314 damni
314 2249 432 2313 iniuria
457 2247 600 2315 teneris?
623 2253 656 2314 et
679 2249 726 2314 ait
748 2248 947 2334 <Proculus>
970 2251 1024 2336 agi
1052 2272 1119 2316 non

101 2359 199 2422 posse
212 2335 348 2423 Aquilia
367 2339 446 2422 lege,
465 2339 542 2422 quia
559 2359 619 2404 nec
637 2359 711 2403 cum
731 2359 768 2402 eo
784 2339 838 2423 qui
852 2338 961 2403 iocum
974 2338 1117 2404 haberet.

100 2433 136 2492 et
157 2427 231 2491 ideo
256 2426 388 2511 aequius
411 2430 508 2510 putat
529 2426 564 2490 in
587 2426 709 2492 factum
733 2429 895 2492 actionem
917 2427 1065 2493 dandam.

191 2537 365 2616 Sequuntur
382 2538 469 2598 haee:
488 2531 552 2598 ‘sed
570 2557 630 2598 non
648 2537 788 2614 proponit
807 2541 946 2598 exustum
962 2538 1119 2615 parietem.

103 2646 176 2688 sane
200 2628 280 2686 enim
304 2627 407 2704 quaeri
428 2629 537 2707 potest,
560 2622 628 2706 <si>
650 2627 783 2687 nondum
806 2627 880 2686 mihi
903 2627 1045 2686 damnum
1067 2626 1117 2686 de·

101 2715 180 2777 deris
210 2719 241 2776 et
267 2716 312 2775 its
337 2716 438 2793 ignem
463 2715 587 2792 habeas,
614 2718 650 2774 ut
672 2718 806 2775 metuam
828 2734 865 2775 ne
888 2716 963 2774 mihi
986 2715 1051 2793 des,
1080 2735 1119 2775 an

101 2824 234 2882 aequum
262 2805 302 2864 sit
328 2823 376 2864 me
403 2805 524 2865 interim
552 2804 714 2880 actionem,
741 2803 774 2863 id
801 2807 847 2864 est
872 2805 903 2863 in
924 2804 1042 2864 factum
1064 2804 1118 2864 im-

100 2896 232 2971 petrare.
278 2893 416 2953 fortassis
439 2893 521 2953 enim
543 2894 580 2953 de
603 2894 658 2954 hoc
682 2893 809 2953 senserit
831 2886 997 2953 Proculus?

195 2991 263 3062 68¹².
286 2993 325 3060 D.
336 2995 365 3079 9,
376 2996 405 3080 2,
415 2996 468 3081 27,
478 2995 529 3060 10.
569 2993 730 3080 Ulpianus
751 2995 834 3060 libro
858 2995 1117 3062 octavodecimo

101 3085 141 3150 ad
171 3085 320 3150 edictum.
346 3121 385 3131 —
416 3081 452 3149 si
486 3082 613 3148 furnum
643 3083 817 3150 secundum
844 3085 1005 3169 parietem
1032 3107 1118 3150 com·

101 3194 233 3238 munem
263 3173 416 3255 haberes,
444 3194 486 3236 an
514 3172 622 3238 damni
649 3172 767 3238 iniuria
794 3173 957 3239 tenearis?
1010 3177 1043 3238 et
1073 3175 1119 3238 ait

101 3260 260 3327 Proculus
288 3262 342 3348 agi
365 3283 430 3327 non
453 3281 563 3346 posse,
591 3261 667 3347 quia
690 3283 749 3327 nec
772 3284 844 3327 cum
868 3284 905 3327 eo
929 3262 985 3346 qui
1008 3261 1117 3328 focum

100 3349 244 3416 haberet.
300 3358 332 3416 ct
359 3350 430 3438 ideo
460 3350 592 3436 sequius
620 3355 713 3436 puto,
740 3351 774 3415 in
803 3350 926 3416 factum
955 3349 1117 3417 actionem

101 3439 254 3524 dandam,
278 3438 402 3505 scilicet
426 3439 454 3504 si
475 3439 581 3523 paries
605 3442 735 3504 exustus
759 3439 812 3504 sit.

175 3586 188 3634 1
209 3579 257 3634 Fl.
276 3578 408 3634 habebat.
