2596 3902
433 173 458 222 ι.
483 166 622 224 saurus
641 165 769 221 auarus
1064 166 1105 231 91.
1199 147 1202 153 ’

96 331 219 398 decimo
248 333 374 415 scribit,
402 353 472 396 cum
498 332 534 395 in
560 329 628 412 boe,
657 329 776 415 inquit,
802 334 898 395 totum
925 349 962 394 aa
988 330 1108 395 domiui

95 422 307 488 constitutione
323 422 464 503 pendeat.

184 510 237 574 29.
260 509 301 575 D.
317 510 367 590 15,
384 512 411 586 1,
426 509 456 591 9,
469 509 500 572 4.
538 506 695 592 Ulpianus
717 507 801 572 libro
826 505 1000 572 vicensimo
1019 528 1105 572 nono

96 599 133 663 ad
156 598 299 664 edictum
322 595 372 686 (P.
391 595 494 682 852⁰).
520 633 558 644 -
584 596 665 661 ..id
689 597 786 661 etiam
810 595 993 678 deducetur,
1019 595 1106 681 quod

95 685 143 752 his
175 687 324 771 personis
356 687 503 768 debetur,
535 708 617 770 quae
649 689 726 749 eunt
757 684 791 748 in
819 685 922 750 tutela
950 686 999 749 vel
1029 706 1106 750 eura

24 819 25 826 κ
95 775 215 840 domini
247 776 299 841 vel
329 776 432 860 patris
463 775 514 840 vel
542 795 679 860 quorum
705 773 838 857 negotia
866 773 1103 859 administrant,

93 863 266 931 dummodo
290 864 365 930 dolo
389 868 528 948 careant,
554 864 706 949 quoniam
730 868 763 926 et
785 863 813 926 si
836 883 893 945 per
916 862 1026 927 dolum
1048 884 1103 947 pe-

23 1019 24 1042 ,
94 953 213 1018 nulium
236 953 289 1018 vel
312 952 491 1017 ademerint
514 952 565 1017 vel
584 951 768 1034 minuerint,
791 954 955 1034 tenentur,
981 973 1057 1016 nam
1077 951 1105 1016 si

23 1063 24 1128 ζ
95 1063 219 1126 semper
242 1043 429 1125 praevenire
453 1041 601 1106 dominus
626 1045 658 1105 et
681 1061 778 1126 agere
802 1040 935 1122 videtur,
960 1061 1016 1104 eur
1038 1061 1104 1104 non

94 1130 219 1195 dicatur
251 1130 350 1195 etiam
382 1131 443 1196 hoe
475 1130 605 1194 nomine
638 1151 711 1194 eum
745 1149 852 1192 secum
886 1128 1003 1212 egisse,
1040 1151 1103 1212 quo

94 1218 222 1283 nomine
245 1221 296 1284 vel
319 1220 441 1284 tutelae
464 1219 515 1283 vel
538 1218 742 1302 negotiorum
766 1223 933 1303 gestorum
956 1217 1007 1281 vel
1030 1216 1103 1281 utili

93 1307 218 1374 actione
248 1307 432 1372 tenebitur?
482 1329 559 1373 nam
591 1312 627 1370 ut
646 1357 653 1371 .
673 1356 680 1371 .
698 1305 817 1371 Pedius
849 1306 907 1384 ait,
938 1305 1011 1370 ideo
1041 1304 1104 1370 hoc

93 1397 196 1460 minus
220 1395 255 1460 in
278 1396 403 1479 peculio
428 1399 488 1479 est,
511 1395 596 1480 quod
619 1395 749 1460 domino
774 1394 825 1459 vel
848 1393 936 1478 patri
960 1393 1103 1477 debetur,

92 1485 243 1568 quoniam
280 1507 344 1550 non
381 1491 430 1550 est
460 1485 634 1550 verisimile
667 1483 832 1548 dominum
863 1482 897 1546 id
930 1482 1103 1548 concedere

93 1594 184 1639 servo
208 1573 242 1637 in
265 1573 425 1656 peculium
448 1573 582 1658 habere,
604 1572 690 1658 quod
713 1572 776 1637 sibi
799 1571 942 1636 debetur.

482 1712 582 1783 Empti
598 1712 710 1768 venditi.

177 1812 231 1879 30.
269 1811 306 1876 Ι).
333 1813 383 1897 19,
406 1814 436 1890 4,
462 1815 489 1897 1,
508 1814 538 1878 2.
557 1813 587 1877 3.
641 1812 761 1877 Paulus
793 1812 878 1876 libro
910 1812 1101 1895 trigensimo

90 1901 228 1966 seeundo
248 1901 287 1966 ad
307 1901 448 1967 edictum
467 1901 518 1989 (P.
532 1898 637 1988 corb).
655 1937 698 1948 -
717 1901 883 1984 ..emptio
903 1922 941 1965 ao
957 1900 1100 1965 venditio

90 1990 175 2055 nuda
194 1990 464 2056 consentientium
484 1990 651 2056 voluntate
670 1989 882 2068 contrahitur,
903 1988 1099 2074 permutatio

92 2084 199 2144 autem
223 2100 263 2143 ex
285 2101 320 2143 re
343 2079 465 2143 tradita
482 2081 612 2144 initium
631 2078 824 2162 obligationi
843 2078 985 2161 praebet.
1022 2079 1099 2143 alio·

90 2168 164 2250 quin
194 2168 222 2232 si
250 2189 302 2232 res
330 2168 470 2232 nondum
499 2167 619 2233 tradita
647 2168 702 2252 sit,
729 2165 814 2232 nudo
843 2187 1002 2232 consensu
1025 2188 1099 2232 con·

90 2257 178 2321 stitui
212 2255 445 2340 obligationem
478 2256 634 2342 dicemus,
666 2256 751 2341 quod
782 2256 817 2319 in
848 2253 900 2319 his
930 2255 1099 2320 dumtaxat

87 2349 250 2428 receptum
270 2349 327 2430 est,
346 2367 427 2429 quae
445 2367 562 2411 nomen
579 2367 672 2409 suum
686 2345 817 2423 habent,
835 2348 872 2408 ut
885 2343 920 2407 in
934 2346 1098 2428 emptione

87 2434 280 2516 venditione,
303 2433 523 2520 conductione,
546 2434 706 2499 mandato.
752 2433 887 2516 ideoque
910 2431 1027 2498 Pedius
1052 2434 1100 2497 ait

87 2522 226 2587 alienam
245 2543 313 2586 rem
328 2521 459 2588 dantem
473 2523 598 2588 nullam
613 2523 803 2587 contrahere
817 2522 1098 2606 permutationem.

229 2660 324 2716 Soluto
341 2662 515 2716 matimonio
532 2662 581 2716 dee
598 2661 822 2731 quemadmodum
838 2663 957 2728 petatur.

174 2761 226 2827 31.
251 2761 291 2827 D.
304 2761 357 2839 24,
373 2764 402 2843 1,
416 2761 515 2845 36pr.
551 2762 670 2827 Paulus
691 2761 774 2826 libro
793 2759 982 2845 trigensimo
1006 2763 1096 2825 sexto

85 2849 126 2914 ad
149 2849 288 2915 edictum
312 2847 361 2937 (P.
376 2845 466 2938 541).
484 2886 528 2898 -
547 2848 581 2915 Si
606 2851 744 2916 donatae
766 2870 817 2914 res
837 2851 975 2932 exstant,
999 2849 1097 2913 etiam

84 2938 240 3003 vindicari
258 2943 425 3024 poterunt3
443 2939 499 3004 eed
518 2940 594 3024 qnia
613 2961 743 3004 causam
761 2938 949 3023 possidendi
964 2939 1096 3004 donatio

81 3027 261 3111 praestitit,
292 3027 354 3092 nisi
382 3028 534 3093 reddatur
561 3051 626 3113 res,
659 3027 843 3093 aestimatio
873 3027 1019 3092 facienda
1048 3034 1098 3094 est

81 3115 168 3181 iusto
196 3115 303 3200 pretio
327 3117 498 3200 caverique
521 3116 700 3201 possidenti
723 3116 853 3182 debebit
876 3117 915 3181 de
939 3117 1096 3182 evictione

81 3204 206 3289 simpli,
234 3206 348 3290 quanti
377 3227 415 3270 ea
437 3227 488 3269 res
512 3206 568 3290 sit,
595 3206 691 3290 idque
715 3207 812 3271 etiam
835 3204 934 3270 Pedio
959 3205 1095 3273 videtur.

459 3343 503 3400 Dc
520 3345 599 3400 retus
617 3346 722 3400 amotis.

172 3435 225 3502 32.
252 3435 291 3500 D.
306 3435 359 3520 25,
373 3437 403 3515 2,
418 3437 471 3521 21,
486 3437 513 3500 1.
556 3436 675 3500 Paulus
702 3436 785 3500 libro
811 3435 1002 3520 trigensimo
1026 3459 1095 3518 sep-

79 3523 163 3590 timo
188 3523 228 3588 ad
253 3524 393 3589 edictum
416 3523 466 3611 (P.
481 3523 569 3610 552).
591 3559 629 3571 -
652 3523 687 3589 si
711 3545 822 3587 servus
841 3522 986 3586 mulieris
1005 3521 1095 3585 iussu
