2570 3904
318 191 321 196 ’
391 209 414 255 4.
436 201 464 260 O.
480 200 624 256 CASSIUS
642 199 827 256 LONGINUS
1074 201 1117 265 23

108 367 278 450 scriptum:
321 364 432 430 ‘Lucio
465 364 565 447 Titio,
603 365 630 428 si
662 365 690 428 is
722 364 833 429 heredi
865 385 937 428 meo
969 363 1117 442 tabellas,

108 457 223 539 quibus
257 455 287 519 ei
319 455 489 539 pecuniam
522 454 786 538 expromiseram,
818 453 951 534 dederit,
987 457 1117 517 centum

109 543 202 609 dato'.
236 544 342 607 Titius
357 542 468 607 deinde
483 546 656 626 antequam
673 542 813 607 tabellas
831 541 942 606 heredi
960 541 1117 624 redderet,

14 629 16 658 '
109 633 303 697 decesserat:
341 630 522 716 quaesitum
555 635 618 715 est,
655 653 697 696 an
728 631 838 695 heredi
870 631 938 695 eius
971 630 1116 715 legatum

108 721 285 786 deberetur.
328 718 459 786 Cassius
481 719 657 802 respondit,
682 719 709 784 si
732 720 862 784 tabulae
881 719 1028 804 fuissent,
1051 741 1116 784 non

14 839 16 894 p
109 810 230 892 deberi,
262 809 337 894 quia
364 831 429 874 non
457 808 592 873 redditis
619 809 671 872 his
700 808 766 872 dies
794 808 895 893 legati
921 829 987 872 non
1011 809 1116 872 cessit.

506 984 556 1050 Dc
577 987 722 1050 societate.

14 1151 16 1184 ,
197 1104 227 1169 7.
251 1101 290 1166 D.
306 1103 355 1183 ll,
371 1103 400 1183 2,
416 1101 467 1182 29,
483 1103 512 1165 2.
558 1100 717 1184 Ulpianus
745 1100 828 1164 libro
857 1101 1047 1185 trigensimo
1076 1102 1116 1165 ad

14 1185 15 1222 l
109 1191 265 1256 Sabinum
290 1187 339 1277 (P.
354 1187 465 1277 2742).
489 1227 530 1235 -
555 1191 666 1254 Aristo
690 1188 790 1253 refert
814 1186 963 1253 Cassium
986 1210 1116 1273 respon-

14 1319 15 1330 ι
108 1281 193 1344 disse
213 1281 402 1345 societatem
421 1279 520 1342 talem
539 1278 619 1342 coiri
636 1300 702 1343 non
720 1299 826 1362 posse,
845 1283 882 1341 ut
897 1277 980 1341 alter
993 1277 1117 1342 luorum

105 1368 240 1452 totum¹,
273 1369 354 1432 alter
385 1368 537 1431 damnum
570 1367 717 1451 sentiret,
755 1372 788 1432 et
817 1366 900 1431 hanc
929 1365 1119 1430 societatem

105 1458 270 1522 leoninam
293 1456 425 1520 solitum
449 1456 621 1540 appellare.

196 1578 233 1637 cf.
258 1577 385 1636 Phaedr.
408 1576 468 1636 fab.
491 1575 561 1636 Aes.
584 1574 613 1653 I,
633 1577 663 1637 5.

196 1697 223 1762 8.
257 1695 297 1760 D.
318 1698 368 1779 17,
386 1697 417 1780 2,
440 1696 492 1775 52,
513 1696 563 1760 18.
617 1694 707 1759 Idem
739 1692 796 1781 (sc.
814 1683 999 1782 Ulpianus)
1032 1694 1117 1761 libro

105 1785 300 1871 trigensimo
333 1784 438 1868 primo
466 1783 506 1848 ad
534 1784 676 1848 edictum
704 1779 753 1871 (P.
772 1779 862 1869 922).
892 1820 929 1829 -
1033 1784 1118 1869 apud

105 1879 230 1939 veteres
255 1876 423 1957 tractatur,
446 1895 488 1937 an
512 1874 618 1937 socius
637 1872 782 1938 omnium
801 1872 970 1958 bonorum,
993 1872 1118 1957 siquid

105 1964 149 2028 ob
187 1963 379 2027 iniuriarum
416 1963 576 2026 actionem
613 1962 786 2026 damnatus
822 1961 1038 2045 praestiterit,
1079 1983 1118 2026 ex

105 2051 268 2117 communi
284 2054 498 2135 consequatur
512 2054 549 2114 ut
562 2053 707 2134 praestet
721 2098 729 2114 .
744 2054 777 2113 et
788 2048 962 2115 Atilicinus
978 2049 1118 2115 Sabinus

106 2138 239 2205 Cassius
263 2139 511 2223 responderunt,
535 2139 563 2204 si
586 2138 704 2203 iniuria
729 2138 843 2203 iudicis
867 2140 1041 2204 damnatus
1066 2139 1119 2223 sit,

104 2232 365 2311 consecuturum,
394 2228 422 2292 si
445 2228 486 2293 ob
510 2227 702 2293 maleficium
727 2249 834 2310 suum,
860 2228 966 2312 ipsum
989 2231 1118 2292 tautum

104 2319 261 2383 damnum
285 2317 404 2381 sentire
428 2316 554 2380 debere.

470 2484 520 2550 De
541 2489 610 2550 iure
631 2487 757 2550 dotium.

194 2601 224 2665 9.
243 2597 283 2664 D.
294 2599 346 2685 24,
354 2602 384 2684 3,
392 2601 503 2683 2212,
530 2599 619 2665 Idem
635 2598 691 2680 (so.
706 2597 880 2684 Ulpianus)
894 2599 979 2663 libro
993 2598 1117 2682 trigen-

103 2690 189 2756 simo
208 2689 307 2754 tertio
327 2690 367 2753 ad
387 2689 527 2754 edictum
545 2689 593 2770 (P.
608 2686 711 2772 955⁸).
732 2723 774 2733 —
794 2737 823 2751 ..
843 2687 871 2752 si
889 2687 957 2750 filio
977 2686 1054 2749 data
1076 2686 1118 2749 sit

102 2775 165 2865 (se.
184 2775 260 2862 dos)
283 2798 350 2842 non
373 2778 463 2842 iussu
485 2778 599 2861 patris,
623 2775 763 2842 Sabinus
783 2778 815 2839 et
834 2772 966 2839 Cassius
985 2795 1117 2859 respon·

102 2869 225 2950 derunt
252 2867 356 2931 nihilo
384 2868 490 2930 minus
519 2889 590 2931 cum
618 2869 712 2951 patre
740 2864 794 2949 agi
822 2867 984 2948 oportere3
1015 2863 1118 2928 rideri

101 2957 191 3021 enim
228 2954 270 3019 ad
306 2976 379 3018 eum
415 2955 601 3039 pervenisse
638 2955 759 3037 dotem,
800 2974 897 3037 panes
935 2975 1029 3038 quem
1068 2957 1119 3018 est

101 3044 278 3130 peculium.

196 3132 248 3199 10.
276 3132 315 3197 D.
334 3133 388 3216 24,
404 3133 435 3217 3,
453 3132 505 3198 59.
550 3133 695 3197 Iulianus
722 3132 806 3196 libro
831 3131 970 3197 secundo
995 3131 1034 3195 ad
1057 3128 1119 3195 Ur·

103 3222 210 3286 seium
233 3219 389 3287 Ferocem
413 3219 463 3307 (P.
477 3219 567 3305 895).
591 3220 758 3286 -Filiae
781 3242 871 3285 meae
896 3219 1117 3303 emancipatae

102 3314 137 3374 et
164 3330 283 3394 aegrae
311 3311 360 3374 vir
387 3311 420 3374 in
448 3310 509 3375 hoc
537 3310 705 3393 repudium
732 3309 836 3388 misit,
863 3311 900 3372 ut
922 3311 1051 3373 mortua
1078 3328 1118 3370 ea

101 3399 213 3463 dotem
250 3399 358 3482 potius
395 3398 567 3463 heredibus
600 3400 673 3463 eius
711 3420 808 3482 quam
844 3397 925 3461 mihi
961 3394 1118 3458 redderet.

178 3578 192 3625 1
214 3571 262 3630 Fr.
280 3575 400 3631 tantum.
