2602 3906
415 206 439 254 6.
461 197 669 254 IAVOLENUS
687 199 834 255 PRISCUS
1065 199 1129 264 467

495 412 546 478 De
562 417 759 496 possessione.

208 539 236 604 6.
259 537 299 605 Ι).
314 539 367 623 41,
382 539 412 622 2,
426 531 479 603 23.
511 536 609 610 ‚Idem
633 535 692 625 (ss.
709 537 895 626 Iavolenus)
919 539 1004 605 libro
1025 541 1130 624 primo

116 626 352 712 Epistularum.

209 731 231 778 1.
268 715 347 781 Onon
378 715 500 780 heredes
532 716 666 780 instituti
695 736 814 798 sarnus,
847 717 936 781 odito
966 716 1130 783 hereditate

118 807 224 870 omnia
251 806 374 886 peridem
400 806 473 869 iuro
500 807 542 870 ad
567 825 624 869 nos
644 810 824 883 transeunt,
849 807 1000 887 possessio
1027 811 1130 872 tamen

115 895 180 960 nisi
202 895 389 959 naturaliter
411 892 624 975 conprehensa
646 895 690 958 od
709 913 766 959 nos
787 914 850 958 non
867 895 1008 975 pertinet.

205 995 230 1043 u.
256 981 299 1046 In
318 982 375 1067 iris,
397 983 451 1065 qni
469 985 504 1047 in
521 981 653 1047 hostiurn
665 987 844 1063 potestaten
855 989 1069 1065 peruenerunt,
1093 986 1129 1050 in

114 1073 271 1136 retinendo
294 1073 368 1136 iura
389 1092 493 1136 rernrn
513 1092 642 1135 suarnrn
661 1072 818 1153 sinpuiare
835 1073 885 1136 ins
903 1076 961 1148 est,·
985 1093 1128 1154 corpora

115 1161 186 1225 liter
213 1165 314 1224 tomen
334 1161 555 1242 possessionem
582 1161 745 1237 omittunt;
772 1181 866 1242 neque
893 1161 975 1239 enirn
995 1165 1130 1243 possunt

115 1251 215 1315 rideri
241 1249 363 1332 aliquid
384 1249 562 1402 possidere&
580 1269 649 1314 onon
671 1249 733 1331 ipsi
760 1249 798 1314 ab
820 1250 883 1314 aiio
902 1234 1128 1330 possideantur

114 1339 214 1421 sequit
213 1360 253 1402 nr
279 1359 362 1421 erpo,
389 1343 425 1402 nt
449 1339 577 1403 reuersis
602 1336 651 1403 his
672 1358 753 1403 nora
769 1339 959 1420 possessione
981 1359 1057 1420 opus
1077 1340 1129 1420 sit,

114 1429 238 1492 etiarnsi
260 1447 348 1492 neno
370 1428 469 1492 medio
492 1432 693 1510 temperares
715 1447 818 1491 eornm
833 1429 1011 1509 possederit.

205 1514 338 1580 &Item
359 1536 480 1600 quaero,
502 1517 532 1581 si
553 1517 677 1580 oinnero
700 1516 828 1581 ieonum
845 1515 998 1581 hominen
1017 1517 1071 1595 ita,
1093 1520 1130 1580 nt

115 1625 185 1670 enm
200 1606 386 1690 possideam,
408 1625 452 1669 an
474 1606 589 1689 omnio,
610 1625 689 1687 qrooe
710 1606 739 1669 is
755 1605 939 1728 possidebat,
961 1625 1012 1688 epo
1024 1606 1127 1686 possi·

115 1694 205 1758 dean
224 1714 282 1774 per
302 1693 401 1758 diurn.

204 1789 387 1873 Respondit:
419 1792 447 1856 si
478 1791 615 1856 oinneris
644 1790 797 1856 honinem
825 1791 968 1874 iibernrn,
1000 1811 1068 1856 enon
1101 1796 1128 1856 te

111 1879 268 1963 possidere
283 1900 346 1944 non
357 1885 419 1962 put
419 1901 445 1946 o.
476 1881 558 1961 qnod
574 1901 641 1944 onon
660 1881 706 1945 ita
723 1899 755 1944 se
771 1878 887 1963 habnt,
907 1841 1004 1946 nodio
1022 1881 1127 1945 ninus

109 1989 169 2051 per
190 1969 281 2034 iiinon
303 1988 351 2033 res
373 1970 439 2034 eius
458 1991 479 2033 o
498 1973 525 2034 te
537 1969 774 2051 possidebuntur
791 1967 904 2052 [neque
922 1970 1003 2034 enirn
1020 1989 1125 2034 rerum

113 2063 231 2122 natura
256 2058 376 2140 reo'pit,
404 2063 441 2123 nt
459 2078 518 2140 per
545 2078 614 2124 eum
641 2059 763 2141 adipuid
783 2060 937 2139 possidere
957 2060 1126 2141 possimus,

112 2167 203 2230 quern
225 2147 355 2212 uiriliter
377 2147 412 2212 in
434 2167 502 2211 rnea
521 2151 666 2229 potestate
688 2167 752 2212 non
773 2146 895 2232 habeo]

534 2418 642 2478 Liber
664 2417 703 2478 H.

527 2536 577 2602 De
599 2537 714 2620 tepetis.

204 2663 233 2726 7.
260 2659 300 2726 D.
320 2663 349 2745 7,
370 2663 398 2744 1,
416 2660 467 2728 53.
513 2660 684 2726 Iavolenus
713 2660 797 2725 libro
825 2659 963 2725 seeundo
990 2658 1124 2743 Epistu-

111 2751 228 2815 larum.
252 2787 293 2796 —
317 2750 354 2816 so·
376 2753 426 2816 eni
443 2751 563 2816 insulae
580 2769 655 2814 usus
671 2749 792 2831 fruetus
810 2749 924 2833 topatus
941 2753 993 2828 est,
1016 2769 1123 2831 qnam-

111 2840 169 2905 diu
187 2839 335 2921 qnoeiibet
347 2841 449 2921 portio
467 2841 533 2904 eins
549 2839 671 2904 insulae
688 2843 832 2923 remanet,
850 2838 939 2903 totius
956 2837 1015 2902 soii
1032 2857 1124 2902 ιιιιιιιι

108 2927 250 3010 frnotnrn
272 2930 389 2993 retinet.

204 3025 232 3090 8.
256 3025 295 3090 D.
310 3025 406 3111 33,5‚
423 3025 471 3091 15.
509 3025 597 3090 Idem
622 3022 679 3112 (se.
693 3021 879 3110 Iavolenus)
903 3023 986 3089 libro
1010 3045 1121 3088 seeun-

112 3115 155 3180 do
177 3113 408 3198 Epistularum.
439 3151 476 3162 -
506 3114 599 3180 Serra
625 3117 692 3180 sine
718 3115 854 3180 libertato
878 3114 988 3198 lepori,
1015 3113 1123 3177 deinde

111 3204 264 3291 optionem
299 3223 454 3269 ιινιιιιιιιι
489 3204 613 3269 Maeuio
649 3205 736 3282 dedi,·
775 3205 804 3268 is
839 3203 966 3268 ιιιιιιῖιιιι
1000 3221 1122 3267 sernum

111 3293 236 3376 optant.
289 3313 415 3377 quaero,
451 3314 494 3357 an
528 3295 563 3359 id
597 3314 714 3376 quoqne
744 3294 826 3375 quod
856 3292 988 3376 ipotnrn
1019 3296 1063 3354 est
1094 3291 1123 3354 ei

111 3382 276 3447 deberetur.

202 3468 387 3551 Respondit:
409 3491 472 3536 non
487 3474 561 3552 puto
582 3470 714 3553 {aarum
731 3469 824 3536 tuns
841 3470 921 3535 servi
938 3467 1063 3534 nornine
1081 3466 1125 3531 od

111 3559 274 3625 doninnrn
294 3559 452 3641 portinere.

857 3661 911 3714 so*
