2614 3912
400 225 424 274 6,
443 215 658 273 IAVOLENUS
677 215 825 271 PRISOUS
1053 215 1118 280 399

150 381 189 448 D.
208 381 261 464 39,
282 380 311 464 5,
330 381 382 446 25.
413 417 456 429 —·
484 401 584 445 ..re
685 379 789 456 lala,
808 379 902 464 1,20.
929 416 966 426 —
1065 380 1120 444 sed

105 468 585 556 sponditzsiremtibidederim,
638 467 718 533 baec
776 468 993 553 intellegenda
1045 473 1121 534 sunt

99 566 142 624 ut
167 559 254 624 Titio
282 581 354 624 meo
378 559 509 624 nomine
532 559 585 623 do·
639 560 797 641 propter
857 557 1120 640 suptilitatem

105 670 209 734 nares,
231 669 365 732 eamque
389 651 425 712 tu
448 651 505 713 tuo
528 669 584 712 nc·
639 647 856 731 verborum3
914 647 1120 732 benignius

105 738 192 802 mine
207 736 236 801 ei
250 737 385 819 dederis,
403 739 585 821 quantum
640 739 769 799 tamen
788 737 847 798 est
865 784 872 799 .
892 785 898 798 .
918 783 925 799 .

106 827 152 891 'ad
191 825 288 890 iuris
325 825 587 909 suptilitatem

106 915 292 1000 accipientis
321 915 409 979 facta
441 936 506 979 non
539 919 589 978 est

106 1009 139 1069 et
163 1007 198 1068 tu
222 1002 302 1068 furti
326 1003 496 1088 obligaris,
524 1001 588 1067 sed

105 1093 313 1177 benignius
344 1096 405 1174 est3
437 1090 465 1156 si
493 1112 589 1176 agam

105 1184 221 1247 eontra
253 1201 325 1245 eum
359 1181 414 1264 qui
441 1202 509 1244 rem
539 1202 588 1246 ac·
683 1228 687 1238 ,

105 1270 206 1354 cepit,
233 1270 421 1353 exceptione
448 1268 514 1334 doli
539 1290 589 1333 me

106 1380 313 1425 summoveri.

195 1521 347 1584 Orationis
379 1542 497 1599 quoque
528 1521 728 1600 proprietates
752 1521 831 1598 apud
853 1522 1028 1582 Iauolenum
1052 1541 1119 1582 con·

106 1614 228 1691 spicuae
252 1613 332 1689 apud
354 1612 506 1671 Iulianum
524 1630 641 1689 quoque
661 1613 792 1686 exstant,
810 1614 846 1670 ut
864 1612 943 1686 qnod
960 1611 1120 1672 Iavolenus

105 1703 149 1762 ait
172 1695 222 1783 (D.
237 1703 289 1779 45,
306 1704 335 1779 3,
351 1693 407 1783 36)
436 1695 521 1760 ‘haec
548 1693 661 1776 genere
683 1693 811 1778 quodam
835 1700 954 1760 donatio
978 1694 1045 1776 est',
1074 1701 1120 1759 his

108 1791 220 1851 Iuliani
247 1791 346 1850 verbis
370 1790 468 1850 simile
492 1792 550 1849 est:
580 1783 701 1864 ‘genere
724 1789 854 1867 quodam
876 1789 964 1850 modo
987 1789 1120 1849 venditio

105 1926 111 1940 .
128 1927 134 1940 .
151 1924 158 1937 .
173 1881 326 1940 eontracta
349 1872 406 1939 est’
431 1878 479 1954 (D.
495 1880 546 1952 41,
561 1879 591 1957 4,
608 1873 671 1956 10).
714 1897 815 1937 rerum
838 1879 963 1956 denique
987 1878 1121 1938 ordinem

104 1987 123 2028 a
154 1968 273 2030 Iuliano
306 1968 337 2028 in
368 1968 453 2028 libris
487 1967 525 2027 ed
557 1967 697 2026 Urseium
729 1968 870 2028 Ferocem
903 1971 1058 2028 servatum
1089 1968 1121 2026 in

104 2058 210 2117 multis
243 2057 400 2118 convenire
432 2075 500 2116 cum
537 2056 640 2116 ordine
677 2056 822 2116 librorum
860 2077 877 2116 a
908 2057 1051 2118 Iauoleno
1084 2075 1121 2115 ex

107 2145 213 2206 Cassio
237 2146 470 2223 compositorum
492 2145 584 2205 Lenel
606 2148 693 2205 notat
715 2145 778 2203 P.I
801 2147 855 2206 col.
871 2148 935 2206 490
958 2166 989 2206 η.
1005 2150 1032 2205 1.

199 2250 284 2320 Quod
305 2251 464 2313 Iavolenus
491 2252 663 2327 provinciae
691 2270 812 2328 praeses
839 2253 871 2311 in
899 2254 992 2312 servis
1016 2271 1120 2311 manu-

104 2339 262 2399 mittendis
283 2339 410 2415 admisit,
429 2341 509 2400 idern
523 2339 660 2400 Iulianus
678 2343 800 2415 praetor
819 2345 849 2400 et
867 2343 971 2401 consul
985 2341 1016 2400 iu
1030 2341 1121 2401 Italia

104 2429 207 2488 facere
230 2447 288 2488 non
311 2429 475 2491 dubitavit:
499 2424 566 2508 ‘ego
590 2430 643 2505 qui
660 2430 861 2490 meminissem
879 2430 1119 2490 Iauolenum...

106 2521 137 2577 et
164 2518 196 2576 in
218 2515 322 2578 Africa
350 2522 380 2578 et
407 2519 437 2577 iu
462 2518 550 2595 Syria
578 2536 679 2578 servos
709 2536 777 2579 snos
802 2519 1024 2593 manumisisse,
1053 2537 1120 2578 cum

105 2606 264 2667 consilium
291 2607 464 2685 praeberet,
492 2607 661 2684 exemplum
688 2607 752 2666 eius
780 2611 900 2666 secutus
928 2610 958 2666 et
980 2607 1011 2664 in
1034 2625 1119 2682 prae·

104 2700 176 2755 tura
205 2697 236 2755 et
263 2697 421 2756 consulatu
447 2715 514 2756 mec
542 2696 687 2772 quosdam
715 2715 751 2754 ex
774 2696 869 2755 servis
892 2696 966 2754 meis
988 2695 1121 2754 vindicte

105 2777 245 2870 liberavi'
261 2780 311 2864 (D.
322 2787 374 2864 40,
386 2789 415 2862 2,
426 2778 470 2865 5),
485 2784 552 2844 aliis
566 2785 762 2860 praetoribus,
778 2804 851 2843 unm
860 2785 892 2843 id
902 2785 999 2844 facere
1009 2784 1120 2862 liceret,
1230 2856 1232 2860 ι

105 2873 316 2933 dubitantibus
334 2867 384 2955 (D.
400 2870 496 2952 ibid).
533 2873 680 2949 Ulpianus
695 2876 796 2933 autem
811 2892 878 2933 cum
893 2874 928 2935 D.
945 2877 973 2950 1,
991 2876 1039 2950 10,
1057 2877 1083 2947 1,
1100 2875 1118 2932 2

105 2961 191 3022 dicit:
222 2957 377 3022 ‘Consules
407 2963 487 3039 apud
516 2981 547 3022 se
576 2981 677 3024 servos
705 2981 775 3023 suos
798 2962 1009 3022 manumittere
1032 2981 1119 3038 posse

103 3052 190 3111 nulla
219 3051 369 3112 dubitatio
397 3047 465 3128 est',
493 3052 529 3112 de
551 3055 725 3128 praetorum
748 3052 851 3112 eadem
873 3054 1022 3127 potestate
1045 3051 1120 3111 nihil

105 3140 273 3200 constituit.
310 3141 342 3199 in
361 3141 429 3202 aliis
448 3159 567 3217 quoque
585 3141 663 3217 legis
682 3141 849 3202 actionibus
868 3141 1001 3201 Iauoleni
1020 3160 1120 3201 exem-

103 3230 188 3305 plum
213 3230 300 3306 sequi
321 3230 412 3289 licere
435 3230 577 3290 Neratius
596 3230 717 3291 Priscus
741 3231 863 3291 statuit:
888 3224 1120 3308 magistratum,

104 3318 185 3393 apud
213 3337 302 3394 quem
330 3320 408 3395 legis
436 3319 513 3379 actio
542 3321 601 3397 est,
630 3322 661 3379 et
686 3321 872 3396 emancipare
895 3319 973 3379 filios
998 3337 1065 3378 suos
1090 3322 1121 3378 et

102 3406 134 3465 in
162 3407 355 3483 adoptionem
383 3407 453 3467 dare
482 3408 562 3483 apud
585 3425 616 3467 se
638 3427 725 3484 posse
748 3408 867 3468 Neratii
890 3408 1038 3468 sententia
1062 3402 1119 3467 est'

102 3494 140 3554 D.
160 3499 187 3571 1,
209 3499 238 3574 7,
258 3498 287 3557 4,
334 3516 424 3574 quam
457 3496 635 3556 sententiam
667 3517 685 3556 a
711 3497 840 3574 posteris
868 3497 1026 3572 probatam
1055 3513 1120 3555 esse

101 3603 162 3645 non
186 3585 326 3646 traditur.
