<?xml version="1.0" encoding="UTF-8"?>
<!DOCTYPE html PUBLIC "-//W3C//DTD XHTML 1.0 Transitional//EN"
    "http://www.w3.org/TR/xhtml1/DTD/xhtml1-transitional.dtd">
<html xmlns="http://www.w3.org/1999/xhtml" xml:lang="en" lang="en">
 <head>
  <title>
</title>
<meta http-equiv="Content-Type" content="text/html;charset=utf-8" />
  <meta name='ocr-system' content='tesseract 3.04.00' />
  <meta name='ocr-capabilities' content='ocr_page ocr_carea ocr_par ocr_line ocrx_word'/>
</head>
<body>
  <div class='ocr_page' id='page_1' title='image "./iurisprudentiae03bremgoog_0314.png"; bbox 0 0 2590 3902; ppageno 0'>
   <div class='ocr_carea' id='block_1_1' title="bbox 168 196 1148 262">
    <p class='ocr_par' dir='ltr' id='par_1_1' title="bbox 168 196 1148 262">
     <span class='ocr_line' id='line_1_1' title="bbox 168 196 1148 262; baseline -0.001 -9"><span class='ocrx_word' id='word_1_1' title='bbox 168 199 234 262; x_wconf 81' lang='grc'><strong>284</strong></span> <span class='ocrx_word' id='word_1_2' title='bbox 269 199 302 253; x_wconf 78' lang='lat' dir='ltr'><strong>V.</strong></span> <span class='ocrx_word' id='word_1_3' title='bbox 321 197 471 252; x_wconf 81' lang='lat' dir='ltr'><strong>NERVAE</strong></span> <span class='ocrx_word' id='word_1_4' title='bbox 490 197 537 252; x_wconf 82' lang='lat' dir='ltr'><strong>ET</strong></span> <span class='ocrx_word' id='word_1_5' title='bbox 558 196 709 252; x_wconf 77' lang='lat' dir='ltr'><strong>TRAIANI</strong></span> <span class='ocrx_word' id='word_1_6' title='bbox 727 197 835 252; x_wconf 85' lang='grc' dir='ltr'><strong>ΤΕΜΡ.</strong></span> <span class='ocrx_word' id='word_1_7' title='bbox 853 197 950 252; x_wconf 84' lang='lat' dir='ltr'><strong>IURIS</strong></span> <span class='ocrx_word' id='word_1_8' title='bbox 969 197 1148 253; x_wconf 81' lang='lat' dir='ltr'>CONSULTI</span> 
     </span>
    </p>
   </div>
   <div class='ocr_carea' id='block_1_2' title="bbox 167 360 1190 891">
    <p class='ocr_par' dir='ltr' id='par_1_2' title="bbox 167 360 1190 891">
     <span class='ocr_line' id='line_1_2' title="bbox 167 360 1177 448; baseline 0 -22"><span class='ocrx_word' id='word_1_9' title='bbox 167 385 227 448; x_wconf 89' lang='lat' dir='ltr'><strong>pro</strong></span> <span class='ocrx_word' id='word_1_10' title='bbox 262 366 354 444; x_wconf 88' lang='lat' dir='ltr'><strong>parte</strong></span> <span class='ocrx_word' id='word_1_11' title='bbox 386 360 517 425; x_wconf 87' lang='lat' dir='ltr'><strong>dimidia</strong></span> <span class='ocrx_word' id='word_1_12' title='bbox 549 361 737 445; x_wconf 88' lang='lat' dir='ltr'><strong>separatim,</strong></span> <span class='ocrx_word' id='word_1_13' title='bbox 775 361 802 426; x_wconf 88' lang='lat' dir='ltr'><strong>si</strong></span> <span class='ocrx_word' id='word_1_14' title='bbox 839 383 902 427; x_wconf 92' lang='lat' dir='ltr'><strong>uno</strong></span> <span class='ocrx_word' id='word_1_15' title='bbox 936 361 1053 427; x_wconf 90' lang='lat' dir='ltr'><strong>iudioio</strong></span> <span class='ocrx_word' id='word_1_16' title='bbox 1085 361 1177 444; x_wconf 91' lang='lat' dir='ltr'><strong>liber,</strong></span> 
     </span>
     <span class='ocr_line' id='line_1_3' title="bbox 168 449 1178 534; baseline 0.001 -20"><span class='ocrx_word' id='word_1_17' title='bbox 168 453 271 515; x_wconf 89' lang='lat' dir='ltr'><strong>altero</strong></span> <span class='ocrx_word' id='word_1_18' title='bbox 299 470 409 532; x_wconf 82' lang='lat' dir='ltr'><strong>servus</strong></span> <span class='ocrx_word' id='word_1_19' title='bbox 443 449 600 514; x_wconf 75' lang='lat' dir='ltr'><strong>iudicatus</strong></span> <span class='ocrx_word' id='word_1_20' title='bbox 634 453 696 534; x_wconf 79' lang='lat' dir='ltr'><strong>est,</strong></span> <span class='ocrx_word' id='word_1_21' title='bbox 728 449 1023 515; x_wconf 79' lang='lat' dir='ltr'><strong>commodissimum</strong></span> <span class='ocrx_word' id='word_1_22' title='bbox 1057 455 1107 515; x_wconf 87' lang='lat' dir='ltr'><strong>est</strong></span> <span class='ocrx_word' id='word_1_23' title='bbox 1139 472 1178 516; x_wconf 89' lang='lat' dir='ltr'><strong>eo</strong></span> 
     </span>
     <span class='ocr_line' id='line_1_4' title="bbox 167 538 1190 628; baseline 0.001 -24"><span class='ocrx_word' id='word_1_24' title='bbox 167 561 268 623; x_wconf 89' lang='lat' dir='ltr'><strong>usque</strong></span> <span class='ocrx_word' id='word_1_25' title='bbox 305 539 378 624; x_wconf 80' lang='lat' dir='ltr'><strong>oogi</strong></span> <span class='ocrx_word' id='word_1_26' title='bbox 410 538 546 618; x_wconf 77' lang='lat' dir='ltr'><strong>iudices,</strong></span> <span class='ocrx_word' id='word_1_27' title='bbox 583 538 683 604; x_wconf 86' lang='lat' dir='ltr'><strong>donec</strong></span> <span class='ocrx_word' id='word_1_28' title='bbox 715 540 927 605; x_wconf 75' lang='lat' dir='ltr'>consentiant.</span> <span class='ocrx_word' id='word_1_29' title='bbox 984 541 1011 604; x_wconf 88' lang='lat' dir='ltr'><strong>si</strong></span> <span class='ocrx_word' id='word_1_30' title='bbox 1042 540 1075 604; x_wconf 91' lang='lat' dir='ltr'><strong>id</strong></span> <span class='ocrx_word' id='word_1_31' title='bbox 1112 561 1190 628; x_wconf 44' lang='lat' dir='ltr'><strong>non,</strong></span> 
     </span>
     <span class='ocr_line' id='line_1_5' title="bbox 168 624 1179 712; baseline 0 -18"><span class='ocrx_word' id='word_1_32' title='bbox 168 629 350 712; x_wconf 82' lang='lat' dir='ltr'><strong>continget,</strong></span> <span class='ocrx_word' id='word_1_33' title='bbox 379 624 535 692; x_wconf 84' lang='lat' dir='ltr'><strong>Sabinum</strong></span> <span class='ocrx_word' id='word_1_34' title='bbox 563 627 700 692; x_wconf 88' lang='lat' dir='ltr'><strong>refertur</strong></span> <span class='ocrx_word' id='word_1_35' title='bbox 727 628 929 693; x_wconf 72' lang='lat' dir='ltr'><strong>existimasse</strong></span> <span class='ocrx_word' id='word_1_36' title='bbox 952 629 1024 694; x_wconf 84' lang='lat' dir='ltr'><strong>duci</strong></span> <span class='ocrx_word' id='word_1_37' title='bbox 1050 649 1179 694; x_wconf 80' lang='lat' dir='ltr'><strong>serrum</strong></span> 
     </span>
     <span class='ocr_line' id='line_1_6' title="bbox 169 715 1179 800; baseline 0.001 -18"><span class='ocrx_word' id='word_1_38' title='bbox 169 716 282 782; x_wconf 88' lang='lat' dir='ltr'><strong>debere</strong></span> <span class='ocrx_word' id='word_1_39' title='bbox 316 717 356 781; x_wconf 88' lang='lat' dir='ltr'><strong>ab</strong></span> <span class='ocrx_word' id='word_1_40' title='bbox 389 738 426 780; x_wconf 87' lang='lat' dir='ltr'><strong>eo</strong></span> <span class='ocrx_word' id='word_1_41' title='bbox 461 717 516 800; x_wconf 90' lang='lat' dir='ltr'><strong>qni</strong></span> <span class='ocrx_word' id='word_1_42' title='bbox 544 716 686 794; x_wconf 81' lang='lat' dir='ltr'><strong>vicisset,</strong></span> <span class='ocrx_word' id='word_1_43' title='bbox 719 717 810 781; x_wconf 88' lang='lat' dir='ltr'><strong>ouius</strong></span> <span class='ocrx_word' id='word_1_44' title='bbox 839 718 1018 782; x_wconf 88' lang='lat' dir='ltr'><strong>sententiae</strong></span> <span class='ocrx_word' id='word_1_45' title='bbox 1046 715 1179 783; x_wconf 80' lang='lat' dir='ltr'><strong>Cassius</strong></span> 
     </span>
     <span class='ocr_line' id='line_1_7' title="bbox 168 809 868 891; baseline -0.001 -20"><span class='ocrx_word' id='word_1_46' title='bbox 168 827 294 891; x_wconf 89' lang='lat' dir='ltr'><strong>quoque</strong></span> <span class='ocrx_word' id='word_1_47' title='bbox 319 809 376 870; x_wconf 88' lang='lat' dir='ltr'><strong>est.</strong></span> <span class='ocrx_word' id='word_1_48' title='bbox 864 837 868 846; x_wconf 89' lang='lat'>·</span> 
     </span>
    </p>
   </div>
   <div class='ocr_carea' id='block_1_3' title="bbox 122 915 1182 1347">
    <p class='ocr_par' dir='ltr' id='par_1_3' title="bbox 122 915 1182 1347">
     <span class='ocr_line' id='line_1_8' title="bbox 257 915 1181 996; baseline 0.003 -21"><span class='ocrx_word' id='word_1_49' title='bbox 257 917 297 976; x_wconf 80' lang='lat' dir='ltr'><strong>nt</strong></span> <span class='ocrx_word' id='word_1_50' title='bbox 325 935 380 996; x_wconf 84' lang='lat' dir='ltr'><strong>ego</strong></span> <span class='ocrx_word' id='word_1_51' title='bbox 409 935 483 976; x_wconf 89' lang='lat' dir='ltr'><strong>snm.</strong></span> <span class='ocrx_word' id='word_1_52' title='bbox 531 919 562 976; x_wconf 86' lang='lat' dir='ltr'><strong>et</strong></span> <span class='ocrx_word' id='word_1_53' title='bbox 590 933 660 976; x_wconf 89' lang='lat' dir='ltr'><strong>sane</strong></span> <span class='ocrx_word' id='word_1_54' title='bbox 687 915 849 976; x_wconf 78' lang='lat' dir='ltr'><strong>ridiculum</strong></span> <span class='ocrx_word' id='word_1_55' title='bbox 876 921 922 978; x_wconf 89' lang='lat' dir='ltr'><strong>est</strong></span> <span class='ocrx_word' id='word_1_56' title='bbox 946 917 1088 978; x_wconf 86' lang='lat' dir='ltr'><strong>arbitrari</strong></span> <span class='ocrx_word' id='word_1_57' title='bbox 1111 938 1181 978; x_wconf 90' lang='lat' dir='ltr'><strong>eum</strong></span> 
     </span>
     <span class='ocr_line' id='line_1_9' title="bbox 168 1005 1180 1084; baseline 0.003 -19"><span class='ocrx_word' id='word_1_58' title='bbox 168 1025 222 1082; x_wconf 90' lang='lat' dir='ltr'><strong>pro</strong></span> <span class='ocrx_word' id='word_1_59' title='bbox 249 1009 335 1084; x_wconf 86' lang='lat' dir='ltr'><strong>parts</strong></span> <span class='ocrx_word' id='word_1_60' title='bbox 363 1005 486 1065; x_wconf 89' lang='lat' dir='ltr'><strong>dimidia</strong></span> <span class='ocrx_word' id='word_1_61' title='bbox 513 1005 596 1079; x_wconf 89' lang='lat' dir='ltr'><strong>duoi,</strong></span> <span class='ocrx_word' id='word_1_62' title='bbox 623 1024 677 1082; x_wconf 90' lang='lat' dir='ltr'><strong>pro</strong></span> <span class='ocrx_word' id='word_1_63' title='bbox 700 1009 786 1080; x_wconf 87' lang='lat' dir='ltr'><strong>parte</strong></span> <span class='ocrx_word' id='word_1_64' title='bbox 808 1006 981 1066; x_wconf 88' lang='lat' dir='ltr'><strong>libertatem</strong></span> <span class='ocrx_word' id='word_1_65' title='bbox 1004 1007 1068 1066; x_wconf 90' lang='lat' dir='ltr'><strong>eins</strong></span> <span class='ocrx_word' id='word_1_66' title='bbox 1090 1007 1180 1069; x_wconf 88' lang='lat' dir='ltr'><strong>tueri.</strong></span> 
     </span>
     <span class='ocr_line' id='line_1_10' title="bbox 170 1095 1181 1174; baseline 0 -19"><span class='ocrx_word' id='word_1_67' title='bbox 170 1095 355 1156; x_wconf 77' lang='lat' dir='ltr'><strong>commodius</strong></span> <span class='ocrx_word' id='word_1_68' title='bbox 387 1099 489 1154; x_wconf 90' lang='lat' dir='ltr'><strong>autem</strong></span> <span class='ocrx_word' id='word_1_69' title='bbox 521 1099 567 1154; x_wconf 89' lang='lat' dir='ltr'><strong>est</strong></span> <span class='ocrx_word' id='word_1_70' title='bbox 595 1095 699 1155; x_wconf 85' lang='lat' dir='ltr'><strong>favore</strong></span> <span class='ocrx_word' id='word_1_71' title='bbox 725 1095 875 1155; x_wconf 76' lang='lat' dir='ltr'><strong>libertatis</strong></span> <span class='ocrx_word' id='word_1_72' title='bbox 902 1095 1032 1156; x_wconf 88' lang='lat' dir='ltr'><strong>liberum</strong></span> <span class='ocrx_word' id='word_1_73' title='bbox 1058 1095 1181 1174; x_wconf 88' lang='lat' dir='ltr'><strong>quidem</strong></span> 
     </span>
     <span class='ocr_line' id='line_1_11' title="bbox 122 1182 1182 1261; baseline 0.001 -18"><span class='ocrx_word' id='word_1_74' title='bbox 122 1192 124 1206; x_wconf 90' lang='lat'>&#39;</span> <span class='ocrx_word' id='word_1_75' title='bbox 169 1203 237 1243; x_wconf 89' lang='lat' dir='ltr'><strong>eum</strong></span> <span class='ocrx_word' id='word_1_76' title='bbox 260 1201 335 1261; x_wconf 86' lang='lat' dir='ltr'><strong>esse,</strong></span> <span class='ocrx_word' id='word_1_77' title='bbox 357 1182 495 1260; x_wconf 76' lang='lat' dir='ltr'><strong>compelli</strong></span> <span class='ocrx_word' id='word_1_78' title='bbox 513 1187 613 1242; x_wconf 89' lang='lat' dir='ltr'><strong>antem</strong></span> <span class='ocrx_word' id='word_1_79' title='bbox 631 1184 721 1261; x_wconf 84' lang='lat' dir='ltr'><strong>pretii</strong></span> <span class='ocrx_word' id='word_1_80' title='bbox 741 1184 786 1243; x_wconf 90' lang='lat' dir='ltr'><strong>sui</strong></span> <span class='ocrx_word' id='word_1_81' title='bbox 804 1186 920 1259; x_wconf 86' lang='lat' dir='ltr'><strong>partem</strong></span> <span class='ocrx_word' id='word_1_82' title='bbox 938 1185 996 1246; x_wconf 87' lang='lat' dir='ltr'><strong>viri</strong></span> <span class='ocrx_word' id='word_1_83' title='bbox 1013 1184 1085 1244; x_wconf 90' lang='lat' dir='ltr'><strong>boni</strong></span> <span class='ocrx_word' id='word_1_84' title='bbox 1103 1185 1182 1245; x_wconf 89' lang='lat' dir='ltr'><strong>arbi·</strong></span> 
     </span>
     <span class='ocr_line' id='line_1_12' title="bbox 168 1272 643 1347; baseline 0 -15"><span class='ocrx_word' id='word_1_85' title='bbox 168 1275 253 1332; x_wconf 87' lang='lat' dir='ltr'><strong>tratu</strong></span> <span class='ocrx_word' id='word_1_86' title='bbox 276 1272 382 1333; x_wconf 76' lang='lat' dir='ltr'><strong>victori</strong></span> <span class='ocrx_word' id='word_1_87' title='bbox 405 1289 458 1332; x_wconf 90' lang='lat' dir='ltr'><strong>suo</strong></span> <span class='ocrx_word' id='word_1_88' title='bbox 481 1275 643 1347; x_wconf 88' lang='lat' dir='ltr'><strong>praestare.</strong></span> 
     </span>
    </p>
   </div>
   <div class='ocr_carea' id='block_1_4' title="bbox 452 1478 900 1562">
    <p class='ocr_par' dir='ltr' id='par_1_4' title="bbox 452 1478 900 1562">
     <span class='ocr_line' id='line_1_13' title="bbox 452 1478 900 1562; baseline 0.004 -18"><span class='ocrx_word' id='word_1_89' title='bbox 452 1478 503 1544; x_wconf 86' lang='lat' dir='ltr'><strong>De</strong></span> <span class='ocrx_word' id='word_1_90' title='bbox 525 1501 610 1562; x_wconf 79' lang='lat' dir='ltr'><strong>aqua</strong></span> <span class='ocrx_word' id='word_1_91' title='bbox 628 1479 738 1562; x_wconf 79' lang='lat' dir='ltr'><strong>pineta</strong></span> <span class='ocrx_word' id='word_1_92' title='bbox 759 1482 900 1546; x_wconf 78' lang='lat' dir='ltr'><strong>arcenda.</strong></span> 
     </span>
    </p>
   </div>
   <div class='ocr_carea' id='block_1_5' title="bbox 169 1600 1183 1934">
    <p class='ocr_par' dir='ltr' id='par_1_5' title="bbox 169 1600 1183 1934">
     <span class='ocr_line' id='line_1_14' title="bbox 258 1600 1181 1689; baseline -0.001 -19"><span class='ocrx_word' id='word_1_93' title='bbox 258 1603 323 1670; x_wconf 76' lang='lat'><strong>32?</strong></span> <span class='ocrx_word' id='word_1_94' title='bbox 347 1600 384 1667; x_wconf 89' lang='lat' dir='ltr'><strong>D.</strong></span> <span class='ocrx_word' id='word_1_95' title='bbox 396 1603 448 1688; x_wconf 83' lang='lat'><strong>39,</strong></span> <span class='ocrx_word' id='word_1_96' title='bbox 458 1605 488 1688; x_wconf 87' lang='lat'><strong>3,</strong></span> <span class='ocrx_word' id='word_1_97' title='bbox 499 1601 549 1667; x_wconf 81' lang='lat'><strong>25.</strong></span> <span class='ocrx_word' id='word_1_98' title='bbox 591 1601 736 1667; x_wconf 88' lang='lat' dir='ltr'><strong>Iulianus</strong></span> <span class='ocrx_word' id='word_1_99' title='bbox 755 1603 839 1668; x_wconf 90' lang='lat' dir='ltr'><strong>libro</strong></span> <span class='ocrx_word' id='word_1_100' title='bbox 859 1604 971 1689; x_wconf 82' lang='lat' dir='ltr'><strong>quinto</strong></span> <span class='ocrx_word' id='word_1_101' title='bbox 991 1625 1030 1668; x_wconf 90' lang='lat' dir='ltr'><strong>ex</strong></span> <span class='ocrx_word' id='word_1_102' title='bbox 1049 1603 1181 1670; x_wconf 86' lang='lat' dir='ltr'><strong>Minicio</strong></span> 
     </span>
     <span class='ocr_line' id='line_1_15' title="bbox 170 1689 1183 1778; baseline 0.002 -22"><span class='ocrx_word' id='word_1_103' title='bbox 170 1689 319 1778; x_wconf 76' lang='lat' dir='ltr'><strong>(R874).</strong></span> <span class='ocrx_word' id='word_1_104' title='bbox 338 1727 380 1738; x_wconf 92' lang='lat'><strong>--</strong></span> <span class='ocrx_word' id='word_1_105' title='bbox 403 1690 437 1756; x_wconf 88' lang='lat' dir='ltr'><strong>Is</strong></span> <span class='ocrx_word' id='word_1_106' title='bbox 461 1691 549 1756; x_wconf 89' lang='lat' dir='ltr'><strong>ouius</strong></span> <span class='ocrx_word' id='word_1_107' title='bbox 573 1690 673 1756; x_wconf 90' lang='lat' dir='ltr'><strong>fundo</strong></span> <span class='ocrx_word' id='word_1_108' title='bbox 694 1692 745 1756; x_wconf 87' lang='lat' dir='ltr'><strong>via</strong></span> <span class='ocrx_word' id='word_1_109' title='bbox 764 1691 907 1776; x_wconf 87' lang='lat' dir='ltr'><strong>debetur,</strong></span> <span class='ocrx_word' id='word_1_110' title='bbox 931 1714 1032 1776; x_wconf 87' lang='lat' dir='ltr'><strong>aquae</strong></span> <span class='ocrx_word' id='word_1_111' title='bbox 1050 1693 1183 1776; x_wconf 82' lang='lat' dir='ltr'><strong>pluviae</strong></span> 
     </span>
     <span class='ocr_line' id='line_1_16' title="bbox 169 1780 1182 1866; baseline 0.002 -21"><span class='ocrx_word' id='word_1_112' title='bbox 169 1781 212 1864; x_wconf 89' lang='lat' dir='ltr'><strong>&lt;a</strong></span> <span class='ocrx_word' id='word_1_113' title='bbox 226 1781 300 1864; x_wconf 84' lang='lat' dir='ltr'><strong>via&gt;</strong></span> <span class='ocrx_word' id='word_1_114' title='bbox 314 1781 469 1845; x_wconf 80' lang='lat' dir='ltr'><strong>arcendae</strong></span> <span class='ocrx_word' id='word_1_115' title='bbox 485 1800 579 1864; x_wconf 83' lang='lat' dir='ltr'><strong>agere</strong></span> <span class='ocrx_word' id='word_1_116' title='bbox 593 1783 702 1863; x_wconf 89' lang='lat' dir='ltr'><strong>potest</strong></span> <span class='ocrx_word' id='word_1_117' title='bbox 713 1780 804 1845; x_wconf 83' lang='lat' dir='ltr'><strong>fundi</strong></span> <span class='ocrx_word' id='word_1_118' title='bbox 813 1781 864 1846; x_wconf 89' lang='lat' dir='ltr'><strong>sui</strong></span> <span class='ocrx_word' id='word_1_119' title='bbox 873 1786 1013 1866; x_wconf 86' lang='lat' dir='ltr'><strong>nomine,</strong></span> <span class='ocrx_word' id='word_1_120' title='bbox 1028 1783 1182 1865; x_wconf 89' lang='lat' dir='ltr'><strong>quoniam</strong></span> 
     </span>
     <span class='ocr_line' id='line_1_17' title="bbox 170 1867 801 1934; baseline 0.002 -1"><span class='ocrx_word' id='word_1_121' title='bbox 170 1870 328 1934; x_wconf 85' lang='lat' dir='ltr'><strong>deteriore</strong></span> <span class='ocrx_word' id='word_1_122' title='bbox 351 1868 404 1933; x_wconf 85' lang='lat' dir='ltr'><strong>ria</strong></span> <span class='ocrx_word' id='word_1_123' title='bbox 426 1867 514 1934; x_wconf 87' lang='lat' dir='ltr'><strong>faeta</strong></span> <span class='ocrx_word' id='word_1_124' title='bbox 537 1868 636 1933; x_wconf 88' lang='lat' dir='ltr'><strong>fundo</strong></span> <span class='ocrx_word' id='word_1_125' title='bbox 660 1873 801 1934; x_wconf 81' lang='lat' dir='ltr'><strong>nocetur.</strong></span> 
     </span>
    </p>
   </div>
   <div class='ocr_carea' id='block_1_6' title="bbox 463 2131 888 2339">
    <p class='ocr_par' dir='ltr' id='par_1_6' title="bbox 463 2131 888 2339">
     <span class='ocr_line' id='line_1_18' title="bbox 501 2131 852 2222; baseline 0.006 -24"><span class='ocrx_word' id='word_1_126' title='bbox 501 2139 547 2199; x_wconf 83' lang='lat' dir='ltr'><strong>Ex</strong></span> <span class='ocrx_word' id='word_1_127' title='bbox 568 2131 777 2222; x_wconf 35' lang='lat' dir='ltr'><strong>Iulianisnlibro</strong></span> <span class='ocrx_word' id='word_1_128' title='bbox 800 2140 852 2200; x_wconf 88' lang='lat' dir='ltr'><strong>VI.</strong></span> 
     </span>
     <span class='ocr_line' id='line_1_19' title="bbox 463 2264 888 2339; baseline 0.002 -16"><span class='ocrx_word' id='word_1_129' title='bbox 463 2264 510 2324; x_wconf 84' lang='lat' dir='ltr'><strong>De</strong></span> <span class='ocrx_word' id='word_1_130' title='bbox 532 2267 656 2325; x_wconf 70' lang='lat' dir='ltr'><strong>maurita</strong></span> <span class='ocrx_word' id='word_1_131' title='bbox 678 2266 758 2324; x_wconf 68' lang='lat' dir='ltr'><strong>ensis</strong></span> <span class='ocrx_word' id='word_1_132' title='bbox 780 2265 888 2339; x_wconf 58' lang='lat' dir='ltr'><strong>tenuta</strong></span> 
     </span>
    </p>
   </div>
   <div class='ocr_carea' id='block_1_7' title="bbox 261 2381 1181 2468">
    <p class='ocr_par' dir='ltr' id='par_1_7' title="bbox 261 2381 1181 2468">
     <span class='ocr_line' id='line_1_20' title="bbox 261 2381 1181 2468; baseline 0.003 -20"><span class='ocrx_word' id='word_1_133' title='bbox 261 2381 326 2450; x_wconf 80' lang='lat'><strong>33?</strong></span> <span class='ocrx_word' id='word_1_134' title='bbox 347 2381 386 2448; x_wconf 87' lang='grc' dir='ltr'><strong>Ι).</strong></span> <span class='ocrx_word' id='word_1_135' title='bbox 397 2383 449 2468; x_wconf 84' lang='grc'><strong>50,</strong></span> <span class='ocrx_word' id='word_1_136' title='bbox 462 2384 594 2463; x_wconf 82' lang='lat'><strong>16,206.</strong></span> <span class='ocrx_word' id='word_1_137' title='bbox 631 2382 776 2448; x_wconf 87' lang='lat' dir='ltr'><strong>Iulianus</strong></span> <span class='ocrx_word' id='word_1_138' title='bbox 790 2383 874 2448; x_wconf 91' lang='lat' dir='ltr'><strong>libro</strong></span> <span class='ocrx_word' id='word_1_139' title='bbox 890 2388 979 2448; x_wconf 86' lang='lat' dir='ltr'><strong>sexto</strong></span> <span class='ocrx_word' id='word_1_140' title='bbox 995 2405 1034 2449; x_wconf 85' lang='lat' dir='ltr'><strong>ex</strong></span> <span class='ocrx_word' id='word_1_141' title='bbox 1047 2383 1181 2451; x_wconf 84' lang='lat' dir='ltr'><strong>Minicio</strong></span> 
     </span>
    </p>
   </div>
   <div class='ocr_carea' id='block_1_8' title="bbox 171 2469 1183 3260">
    <p class='ocr_par' dir='ltr' id='par_1_8' title="bbox 171 2469 1183 3260">
     <span class='ocr_line' id='line_1_21' title="bbox 172 2469 1183 2560; baseline 0.001 -22"><span class='ocrx_word' id='word_1_142' title='bbox 172 2469 221 2558; x_wconf 90' lang='lat' dir='ltr'><strong>(P.</strong></span> <span class='ocrx_word' id='word_1_143' title='bbox 243 2469 332 2560; x_wconf 82' lang='lat'>881).</span> <span class='ocrx_word' id='word_1_144' title='bbox 365 2509 402 2520; x_wconf 91' lang='lat'>—</span> <span class='ocrx_word' id='word_1_145' title='bbox 437 2469 593 2538; x_wconf 74' lang='lat' dir='ltr'><strong>‘Vinaria&#39;</strong></span> <span class='ocrx_word' id='word_1_146' title='bbox 626 2494 704 2536; x_wconf 86' lang='lat' dir='ltr'><strong>vasa</strong></span> <span class='ocrx_word' id='word_1_147' title='bbox 736 2473 864 2556; x_wconf 86' lang='lat' dir='ltr'><strong>proprie</strong></span> <span class='ocrx_word' id='word_1_148' title='bbox 896 2494 974 2536; x_wconf 85' lang='lat' dir='ltr'><strong>vasa</strong></span> <span class='ocrx_word' id='word_1_149' title='bbox 1005 2475 1183 2540; x_wconf 84' lang='lat' dir='ltr'><strong>toreularia</strong></span> 
     </span>
     <span class='ocr_line' id='line_1_22' title="bbox 172 2560 1182 2650; baseline 0.002 -24"><span class='ocrx_word' id='word_1_150' title='bbox 172 2583 240 2627; x_wconf 89' lang='lat' dir='ltr'><strong>esse</strong></span> <span class='ocrx_word' id='word_1_151' title='bbox 263 2563 383 2650; x_wconf 82' lang='lat' dir='ltr'><strong>placet3</strong></span> <span class='ocrx_word' id='word_1_152' title='bbox 408 2562 494 2628; x_wconf 90' lang='lat' dir='ltr'><strong>dolia</strong></span> <span class='ocrx_word' id='word_1_153' title='bbox 518 2566 626 2626; x_wconf 88' lang='lat' dir='ltr'><strong>autern</strong></span> <span class='ocrx_word' id='word_1_154' title='bbox 649 2565 682 2624; x_wconf 92' lang='lat' dir='ltr'><strong>et</strong></span> <span class='ocrx_word' id='word_1_155' title='bbox 706 2561 806 2625; x_wconf 87' lang='lat' dir='ltr'><strong>serias</strong></span> <span class='ocrx_word' id='word_1_156' title='bbox 829 2560 952 2624; x_wconf 87' lang='lat' dir='ltr'><strong>tamdiu</strong></span> <span class='ocrx_word' id='word_1_157' title='bbox 975 2563 1009 2626; x_wconf 92' lang='lat' dir='ltr'><strong>in</strong></span> <span class='ocrx_word' id='word_1_158' title='bbox 1029 2585 1067 2626; x_wconf 87' lang='lat' dir='ltr'><strong>ea</strong></span> <span class='ocrx_word' id='word_1_159' title='bbox 1084 2584 1182 2628; x_wconf 85' lang='lat' dir='ltr'><strong>eausa</strong></span> 
     </span>
     <span class='ocr_line' id='line_1_23' title="bbox 171 2649 1181 2736; baseline 0.001 -21"><span class='ocrx_word' id='word_1_160' title='bbox 171 2673 254 2735; x_wconf 88' lang='lat' dir='ltr'><strong>esse,</strong></span> <span class='ocrx_word' id='word_1_161' title='bbox 286 2651 438 2736; x_wconf 81' lang='lat' dir='ltr'><strong>quamdiu</strong></span> <span class='ocrx_word' id='word_1_162' title='bbox 470 2651 582 2716; x_wconf 82' lang='lat' dir='ltr'><strong>vinum</strong></span> <span class='ocrx_word' id='word_1_163' title='bbox 610 2649 778 2733; x_wconf 81' lang='lat' dir='ltr'><strong>haberent,</strong></span> <span class='ocrx_word' id='word_1_164' title='bbox 811 2670 884 2715; x_wconf 87' lang='lat' dir='ltr'><strong>oum</strong></span> <span class='ocrx_word' id='word_1_165' title='bbox 912 2650 979 2714; x_wconf 89' lang='lat' dir='ltr'><strong>sine</strong></span> <span class='ocrx_word' id='word_1_166' title='bbox 1007 2651 1081 2716; x_wconf 86' lang='lat' dir='ltr'><strong>vino</strong></span> <span class='ocrx_word' id='word_1_167' title='bbox 1111 2673 1181 2717; x_wconf 88' lang='lat' dir='ltr'><strong>essa</strong></span> 
     </span>
     <span class='ocr_line' id='line_1_24' title="bbox 171 2739 1182 2827; baseline 0 -22"><span class='ocrx_word' id='word_1_168' title='bbox 171 2740 361 2827; x_wconf 77' lang='lat' dir='ltr'><strong>desinerent,</strong></span> <span class='ocrx_word' id='word_1_169' title='bbox 383 2740 415 2804; x_wconf 92' lang='lat' dir='ltr'><strong>in</strong></span> <span class='ocrx_word' id='word_1_170' title='bbox 441 2760 478 2805; x_wconf 90' lang='lat' dir='ltr'><strong>eo</strong></span> <span class='ocrx_word' id='word_1_171' title='bbox 502 2759 637 2804; x_wconf 89' lang='lat' dir='ltr'><strong>numero</strong></span> <span class='ocrx_word' id='word_1_172' title='bbox 661 2759 726 2802; x_wconf 91' lang='lat' dir='ltr'><strong>non</strong></span> <span class='ocrx_word' id='word_1_173' title='bbox 750 2759 828 2818; x_wconf 86' lang='lat' dir='ltr'><strong>esse,</strong></span> <span class='ocrx_word' id='word_1_174' title='bbox 851 2739 1002 2823; x_wconf 88' lang='lat' dir='ltr'><strong>quoniam</strong></span> <span class='ocrx_word' id='word_1_175' title='bbox 1021 2739 1061 2804; x_wconf 91' lang='lat' dir='ltr'><strong>ad</strong></span> <span class='ocrx_word' id='word_1_176' title='bbox 1081 2740 1182 2806; x_wconf 90' lang='lat' dir='ltr'><strong>alium</strong></span> 
     </span>
     <span class='ocr_line' id='line_1_25' title="bbox 171 2825 1181 2911; baseline 0.001 -19"><span class='ocrx_word' id='word_1_177' title='bbox 171 2851 264 2894; x_wconf 89' lang='lat' dir='ltr'><strong>usum</strong></span> <span class='ocrx_word' id='word_1_178' title='bbox 292 2828 461 2894; x_wconf 81' lang='lat' dir='ltr'><strong>transferri</strong></span> <span class='ocrx_word' id='word_1_179' title='bbox 488 2831 633 2911; x_wconf 83' lang='lat' dir='ltr'><strong>possent,</strong></span> <span class='ocrx_word' id='word_1_180' title='bbox 661 2826 761 2891; x_wconf 80' lang='lat' dir='ltr'><strong>veluti</strong></span> <span class='ocrx_word' id='word_1_181' title='bbox 790 2827 817 2891; x_wconf 90' lang='lat' dir='ltr'><strong>si</strong></span> <span class='ocrx_word' id='word_1_182' title='bbox 845 2825 1041 2893; x_wconf 84' lang='lat' dir='ltr'><strong>frumentum</strong></span> <span class='ocrx_word' id='word_1_183' title='bbox 1066 2829 1102 2893; x_wconf 91' lang='lat' dir='ltr'><strong>in</strong></span> <span class='ocrx_word' id='word_1_184' title='bbox 1128 2828 1181 2894; x_wconf 89' lang='lat' dir='ltr'><strong>his</strong></span> 
     </span>
     <span class='ocr_line' id='line_1_26' title="bbox 172 2915 1182 3000; baseline 0 -18"><span class='ocrx_word' id='word_1_185' title='bbox 172 2916 316 2982; x_wconf 87' lang='lat' dir='ltr'><strong>addatur.</strong></span> <span class='ocrx_word' id='word_1_186' title='bbox 362 2915 495 2979; x_wconf 86' lang='lat' dir='ltr'><strong>eandem</strong></span> <span class='ocrx_word' id='word_1_187' title='bbox 519 2937 649 2980; x_wconf 88' lang='lat' dir='ltr'><strong>oausam</strong></span> <span class='ocrx_word' id='word_1_188' title='bbox 672 2915 903 2999; x_wconf 82' lang='lat' dir='ltr'><strong>amphorarum</strong></span> <span class='ocrx_word' id='word_1_189' title='bbox 927 2937 1011 3000; x_wconf 90' lang='lat' dir='ltr'><strong>esse,</strong></span> <span class='ocrx_word' id='word_1_190' title='bbox 1033 2920 1083 2994; x_wconf 92' lang='lat' dir='ltr'><strong>ut,</strong></span> <span class='ocrx_word' id='word_1_191' title='bbox 1107 2937 1182 2982; x_wconf 86' lang='lat' dir='ltr'><strong>oum</strong></span> 
     </span>
     <span class='ocr_line' id='line_1_27' title="bbox 172 3002 1182 3089; baseline 0.003 -22"><span class='ocrx_word' id='word_1_192' title='bbox 172 3006 282 3068; x_wconf 84' lang='lat' dir='ltr'><strong>vinnm</strong></span> <span class='ocrx_word' id='word_1_193' title='bbox 314 3002 471 3084; x_wconf 80' lang='lat' dir='ltr'><strong>habeant,</strong></span> <span class='ocrx_word' id='word_1_194' title='bbox 502 3005 572 3065; x_wconf 89' lang='lat' dir='ltr'><strong>tum</strong></span> <span class='ocrx_word' id='word_1_195' title='bbox 604 3002 638 3065; x_wconf 91' lang='lat' dir='ltr'><strong>in</strong></span> <span class='ocrx_word' id='word_1_196' title='bbox 670 3006 757 3067; x_wconf 84' lang='lat' dir='ltr'><strong>vasis</strong></span> <span class='ocrx_word' id='word_1_197' title='bbox 789 3002 936 3089; x_wconf 85' lang='lat' dir='ltr'><strong>vinariis,</strong></span> <span class='ocrx_word' id='word_1_198' title='bbox 968 3026 1040 3069; x_wconf 89' lang='lat' dir='ltr'><strong>oum</strong></span> <span class='ocrx_word' id='word_1_199' title='bbox 1068 3005 1182 3070; x_wconf 89' lang='lat' dir='ltr'><strong>inanes</strong></span> 
     </span>
     <span class='ocr_line' id='line_1_28' title="bbox 172 3091 1183 3175; baseline 0.003 -20"><span class='ocrx_word' id='word_1_200' title='bbox 172 3091 252 3175; x_wconf 89' lang='lat' dir='ltr'><strong>siut,</strong></span> <span class='ocrx_word' id='word_1_201' title='bbox 274 3095 344 3154; x_wconf 88' lang='lat' dir='ltr'><strong>tum</strong></span> <span class='ocrx_word' id='word_1_202' title='bbox 367 3095 457 3153; x_wconf 85' lang='lat' dir='ltr'><strong>extra</strong></span> <span class='ocrx_word' id='word_1_203' title='bbox 480 3110 647 3153; x_wconf 89' lang='lat' dir='ltr'><strong>numerum</strong></span> <span class='ocrx_word' id='word_1_204' title='bbox 671 3091 870 3155; x_wconf 83' lang='lat' dir='ltr'><strong>vinariorum</strong></span> <span class='ocrx_word' id='word_1_205' title='bbox 894 3091 968 3174; x_wconf 89' lang='lat' dir='ltr'><strong>sint,</strong></span> <span class='ocrx_word' id='word_1_206' title='bbox 994 3093 1070 3175; x_wconf 90' lang='lat' dir='ltr'><strong>quia</strong></span> <span class='ocrx_word' id='word_1_207' title='bbox 1094 3093 1183 3160; x_wconf 88' lang='lat' dir='ltr'><strong>aliud</strong></span> 
     </span>
     <span class='ocr_line' id='line_1_29' title="bbox 172 3177 512 3260; baseline -0.003 -19"><span class='ocrx_word' id='word_1_208' title='bbox 172 3179 206 3241; x_wconf 92' lang='lat' dir='ltr'><strong>in</strong></span> <span class='ocrx_word' id='word_1_209' title='bbox 229 3178 281 3243; x_wconf 90' lang='lat' dir='ltr'><strong>his</strong></span> <span class='ocrx_word' id='word_1_210' title='bbox 304 3178 378 3242; x_wconf 90' lang='lat' dir='ltr'><strong>addi</strong></span> <span class='ocrx_word' id='word_1_211' title='bbox 401 3177 512 3260; x_wconf 90' lang='lat' dir='ltr'><strong>possit.</strong></span> 
     </span>
    </p>
   </div>
   <div class='ocr_carea' id='block_1_9' title="bbox 173 3285 1182 3633">
    <p class='ocr_par' dir='ltr' id='par_1_9' title="bbox 173 3285 1182 3633">
     <span class='ocr_line' id='line_1_30' title="bbox 261 3285 1182 3362; baseline 0.005 -14"><span class='ocrx_word' id='word_1_212' title='bbox 261 3285 433 3348; x_wconf 85' lang='lat' dir='ltr'><strong>Orationem</strong></span> <span class='ocrx_word' id='word_1_213' title='bbox 473 3290 644 3362; x_wconf 86' lang='lat' dir='ltr'><strong>eorruptam</strong></span> <span class='ocrx_word' id='word_1_214' title='bbox 685 3287 742 3347; x_wconf 89' lang='lat' dir='ltr'><strong>viri</strong></span> <span class='ocrx_word' id='word_1_215' title='bbox 783 3289 863 3349; x_wconf 83' lang='lat' dir='ltr'><strong>docti</strong></span> <span class='ocrx_word' id='word_1_216' title='bbox 903 3291 986 3351; x_wconf 84' lang='lat' dir='ltr'><strong>raris</strong></span> <span class='ocrx_word' id='word_1_217' title='bbox 1023 3293 1182 3354; x_wconf 84' lang='lat' dir='ltr'><strong>emendare</strong></span> 
     </span>
     <span class='ocr_line' id='line_1_31' title="bbox 173 3370 1181 3454; baseline 0.005 -18"><span class='ocrx_word' id='word_1_218' title='bbox 173 3375 302 3436; x_wconf 87' lang='lat' dir='ltr'><strong>student.</strong></span> <span class='ocrx_word' id='word_1_219' title='bbox 342 3377 507 3437; x_wconf 88' lang='lat' dir='ltr'><strong>Mommsen</strong></span> <span class='ocrx_word' id='word_1_220' title='bbox 535 3376 624 3435; x_wconf 83' lang='lat' dir='ltr'><strong>scribi</strong></span> <span class='ocrx_word' id='word_1_221' title='bbox 651 3376 748 3436; x_wconf 85' lang='lat' dir='ltr'><strong>iubet:</strong></span> <span class='ocrx_word' id='word_1_222' title='bbox 775 3370 856 3438; x_wconf 71' lang='lat' dir='ltr'><strong>‘oum</strong></span> <span class='ocrx_word' id='word_1_223' title='bbox 883 3379 947 3438; x_wconf 88' lang='lat' dir='ltr'><strong>sine</strong></span> <span class='ocrx_word' id='word_1_224' title='bbox 974 3380 1043 3440; x_wconf 87' lang='lat' dir='ltr'><strong>rino</strong></span> <span class='ocrx_word' id='word_1_225' title='bbox 1071 3387 1181 3454; x_wconf 85' lang='lat' dir='ltr'><strong>essent,</strong></span> 
     </span>
     <span class='ocr_line' id='line_1_32' title="bbox 173 3458 1182 3541; baseline 0.006 -17"><span class='ocrx_word' id='word_1_226' title='bbox 173 3466 307 3526; x_wconf 87' lang='lat' dir='ltr'><strong>desinere</strong></span> <span class='ocrx_word' id='word_1_227' title='bbox 325 3467 356 3525; x_wconf 90' lang='lat' dir='ltr'><strong>in</strong></span> <span class='ocrx_word' id='word_1_228' title='bbox 376 3485 409 3525; x_wconf 90' lang='lat' dir='ltr'><strong>eo</strong></span> <span class='ocrx_word' id='word_1_229' title='bbox 428 3484 552 3525; x_wconf 89' lang='lat' dir='ltr'><strong>numero</strong></span> <span class='ocrx_word' id='word_1_230' title='bbox 571 3458 659 3541; x_wconf 78' lang='lat' dir='ltr'><strong>esse&#39;3</strong></span> <span class='ocrx_word' id='word_1_231' title='bbox 682 3465 775 3525; x_wconf 86' lang='lat' dir='ltr'><strong>Lenel</strong></span> <span class='ocrx_word' id='word_1_232' title='bbox 792 3465 884 3526; x_wconf 87' lang='lat' dir='ltr'><strong>verba</strong></span> <span class='ocrx_word' id='word_1_233' title='bbox 903 3461 978 3528; x_wconf 72' lang='lat' dir='ltr'><strong>‘esse</strong></span> <span class='ocrx_word' id='word_1_234' title='bbox 998 3465 1182 3530; x_wconf 87' lang='lat' dir='ltr'><strong>desinerent&#39;</strong></span> 
     </span>
     <span class='ocr_line' id='line_1_33' title="bbox 173 3548 961 3633; baseline 0.006 -20"><span class='ocrx_word' id='word_1_235' title='bbox 173 3555 303 3633; x_wconf 82' lang='lat' dir='ltr'><strong>glossam</strong></span> <span class='ocrx_word' id='word_1_236' title='bbox 325 3559 415 3632; x_wconf 84' lang='lat' dir='ltr'><strong>putat</strong></span> <span class='ocrx_word' id='word_1_237' title='bbox 438 3557 469 3614; x_wconf 87' lang='lat' dir='ltr'><strong>at</strong></span> <span class='ocrx_word' id='word_1_238' title='bbox 490 3558 595 3631; x_wconf 85' lang='lat' dir='ltr'><strong>postea</strong></span> <span class='ocrx_word' id='word_1_239' title='bbox 618 3548 741 3616; x_wconf 76' lang='lat' dir='ltr'><strong>‘essent&#39;</strong></span> <span class='ocrx_word' id='word_1_240' title='bbox 764 3554 961 3618; x_wconf 81' lang='lat' dir='ltr'><strong>seribendnm.</strong></span> 
     </span>
    </p>
   </div>
   <div class='ocr_carea' id='block_1_10' title="bbox 0 0 1308 3902">
    <p class='ocr_par' dir='ltr' id='par_1_10' title="bbox 0 0 1308 3902">
     <span class='ocr_line' id='line_1_34' title="bbox 0 0 1308 3902; baseline 0 0"><span class='ocrx_word' id='word_1_241' title='bbox 0 0 1308 3902; x_wconf 95' lang='lat' dir='ltr'><strong> </strong></span> 
     </span>
    </p>
   </div>
  </div>
 </body>
</html>
