2590 3902
388 198 412 247 4.
436 192 467 247 L.
485 191 669 248 NERATIUS
687 191 835 248 PltlSCUS
1048 195 1112 259 291

105 361 220 421 Plinius
230 360 351 438 quidem
360 361 416 420 hoe
430 361 548 421 nomine
562 361 776 421 etlavolenum
789 353 1114 444 signifieat(ep.6,15)

107 454 137 510 11
155 449 327 525 Neratium3
352 449 472 525 scripsit
490 454 591 510 autem
609 467 669 510 non
686 450 775 510 modo
793 445 907 511 ‘Prisco
924 444 991 511 suo’
1010 447 1114 531 (11.2,

99 543 154 610 13.
171 532 451 619 6,8.’1,81119),
475 539 643 598 sedetiam
665 539 697 598 in
721 539 856 615 epistolis
878 539 918 598 ad
940 540 1016 600 alios
1034 541 1113 600 datis

103 629 139 688 de
162 623 276 687 ‘Prisco
299 621 416 688 nostro'
438 628 483 687 ait
504 621 565 708 (ep.
582 631 609 706 7,
625 631 643 687 7
660 622 771 709 et15).
817 629 853 688 (11
876 629 1040 706 Pomponio
1062 649 1111 690 res

102 718 179 777 mira
205 715 335 777 videtur.
379 735 449 776 nam
476 734 545 776 anm
567 716 600 776 in
621 717 789 776 Enehiridii
811 716 889 779 libro
912 718 1059 796 singulari
1082 723 1113 780 et

103 801 249 866 ‘Prisoum
267 789 453 865 Iivolenum'
476 806 525 865 vel
544 799 730 866 ‘Iavolenum
747 798 895 864 Priseum'
917 809 949 866 et
967 801 1114 867 ‘Priseum

102 886 271 958 Neratium'
301 894 472 954 laudaverit
502 889 552 977 (D.
574 898 603 972 1,
621 898 650 969 2,
669 897 700 974 2,
719 889 790 974 53),
821 894 853 952 in
879 894 1004 972 reliquis
1030 896 1112 975 frag-

102 985 210 1044 mentis
231 1002 381 1059 nusquam
398 983 542 1060 Iauoleni,
563 984 681 1042 Neratii
698 1001 769 1044 vero
788 983 838 1042 vel
856 976 963 1043 ‘Prisci
981 981 1111 1044 Neratii’

103 1073 220 1150 saepius
243 1073 355 1132 mentio
377 1072 426 1150 fit,
452 1073 498 1132 ita
519 1076 556 1131 ut
578 1064 724 1132 ‘Priscus'
747 1091 878 1150 quoque,
900 1072 981 1150 quod
1002 1091 1111 1133 nomen

102 1182 160 1222 non
181 1179 251 1222 raro
274 1162 413 1239 occurrit,
435 1161 579 1221 Neratius
601 1161 740 1221 videatur
759 1179 833 1222 esse.
873 1165 1037 1240 eteorum,
1059 1162 1111 1238 qui

102 1251 135 1310 de
166 1249 303 1310 Iavoleni
335 1250 491 1310 sententiis
522 1250 674 1326 dixerunt,
707 1251 878 1326 fragmenta
909 1248 1110 1310 Tribonianus

100 1341 244 1416 pleraque
276 1339 378 1398 omisit
408 1331 503 1420 (inter
534 1339 705 1416 fragmenta
736 1337 896 1398 ccxm
926 1340 957 1397 in
988 1338 1019 1398 P.
1044 1357 1112 1398 oon·

100 1431 185 1506 gesta
207 1426 281 1486 haee
303 1430 422 1487 tantum
443 1431 564 1488 servata
582 1432 666 1487 sunt:
690 1423 1111 1507 1141201235-340),

101 1535 167 1577 eum
191 1536 304 1592 eorum,
327 1516 380 1593 qui
400 1517 437 1575 de
454 1517 574 1576 Neratii
592 1517 749 1577 sententiis
769 1517 917 1595 dixerunt,
939 1517 1112 1593 fragmenta

98 1607 243 1666 maiorem
273 1608 391 1680 partem
423 1606 555 1666 efficiant
593 1597 681 1687 (sunt
716 1605 794 1666 enim
830 1605 909 1664 inter
940 1605 1112 1683 fragmenta

99 1693 308 1755 chxxvm
338 1694 370 1753 in
397 1694 431 1755 P.
459 1697 601 1770 congesta
627 1695 714 1754 haee:
749 1698 776 1754 1.
796 1697 824 1754 2.
846 1695 895 1754 10.
917 1696 967 1754 19.
988 1696 1038 1753 2'1.
1058 1695 1110 1756 28.

99 1778 163 1845 301.
194 1785 246 1844 38.
275 1784 326 1842 41.
349 1785 402 1844 43.
426 1785 477 1845 49.
503 1785 642 1843 56-64.
667 1785 806 1842 72-74.
832 1785 882 1842 79.
906 1784 957 1842 80.
983 1785 1033 1844 86.
1058 1784 1109 1845 87.

99 1867 189 1934 89110.
225 1874 288 1932 91⁸.
322 1874 462 1932 92-97.
497 1874 683 1932 100-112.Ι
712 1872 895 1932 114-130.
926 1873 1109 1933 132-136.

100 1963 284 2022 138-151.
309 1963 491 2022 153-160.
518 1963 700 2023 163-166.
723 1962 906 2021 169-113.
927 1962 1109 2022 175-182.

14 2083 15 2098 ι
100 2051 282 2112 184-186.
304 2042 391 2131 188).
427 2051 529 2128 itaque
547 2051 579 2110 in
596 2050 700 2126 paucis
719 2050 780 2110 illis
794 2050 980 2127 fragmentis,
999 2050 1109 2127 quibus

98 2141 133 2199 de
151 2139 287 2200 Iauoleni
305 2138 462 2198 sententiis
483 2139 593 2218 agitur,
615 2139 812 2216 Pomponium
829 2157 993 2218 nunquam,
1010 2138 1043 2198 in
1061 2139 1109 2199 his

98 2228 224 2288 eundem
244 2227 362 2303 saepius
379 2226 505 2304 reperiri
518 2228 630 2288 mirum
642 2246 703 2287 non
717 2231 772 2288 est.
800 2231 833 2287 at
845 2245 915 2287 eum·
927 2227 1109 2304 Pomponius

98 2318 134 2376 de
151 2317 255 2378 Prisco
274 2315 400 2376 Neratio
423 2317 518 2377 dicere
542 2317 650 2377 solitus
673 2317 715 2376 eit
735 2308 786 2398 (D.
803 2319 831 2393 1,
847 2318 875 2393 2,
891 2319 919 2392 2,
935 2318 985 2376 53.
1010 2318 1062 2390 24,
1077 2319 1107 2395 3,

14 2451 15 2490 ,
98 2407 125 2482 8,
152 2399 200 2484 3),
237 2423 328 2482 quem
364 2405 523 2466 Marcellus
555 2397 605 2487 (D.
625 2408 677 2480 50,
698 2406 749 2484 16,
769 2396 825 2486 85)
862 2407 894 2464 11
924 2405 1108 2481 Papinianus

14 2507 15 2568 1
97 2487 147 2575 (D.
161 2497 191 2571 4,
207 2497 237 2572 3,
253 2497 302 2554 19.
327 2495 379 2572 31,
394 2496 445 2566 67,
460 2497 488 2557 8.
515 2487 681 2575 31115)
706 2497 736 2554 11
755 2495 860 2552 auster
877 2492 1007 2552 insertus
1026 2493 1108 2568 apud

14 2575 15 2592 *
95 2583 276 2660 Dositheum
291 2577 341 2662 (fr.
358 2575 415 2665 15)
428 2584 585 2643 Neratium
600 2583 735 2642 Prisanm
749 2581 913 2657 nominant,
930 2579 1107 2640 Iavolenum

97 2691 166 2732 vero
205 2672 302 2749 primo
333 2671 469 2732 Priscum
497 2673 686 2748 Iauolenum,
723 2673 830 2747 postea
860 2668 982 2728 laudato
1014 2668 1106 2728 etiarn

99 2761 201 2822 Prisco
231 2760 356 2822 Neratio
391 2760 493 2838 potius
524 2761 699 2820 Iavolenum
730 2758 865 2818 Prisoum
898 2758 1106 2834 nominaverit,

96 2847 227 2910 dubitari
255 2850 372 2927 nequit,
402 2851 474 2928 quin
500 2850 595 2910 Prisoi
621 2848 741 2909 nomine
763 2847 922 2907 Neratium
948 2846 1106 2925 designare

94 2939 232 2999 voluerit

183 3028 315 3087 Paulum
337 3030 368 3087 et
386 3027 558 3105 Ulpianum,
581 3027 632 3104 qui
650 3025 824 3105 cognomine
843 3026 951 3085 omisso
970 3029 1001 3085 et
1017 3024 1104 3087 Iavo-

94 3116 195 3175 lenum
224 3120 254 3176 et
276 3115 435 3176 Neratium
462 3116 600 3192 laudant,
629 3116 692 3176 eolo
714 3114 811 3192 Prisei
835 3113 953 3176 nomine
977 3114 1105 3175 eundem

93 3204 256 3264 Neratium
288 3204 461 3283 designasse
492 3205 558 3265 ideo
586 3204 748 3265 verisimile
778 3208 837 3281 est,
869 3204 948 3281 quod
975 3208 1103 3282 uterque

95 3292 254 3370 Pomponii
284 3293 370 3353 libris
397 3312 470 3355 usus
498 3297 544 3354 est
571 3287 613 3376 (v.
637 3311 681 3354 ex.
706 3313 751 3372 gr.
773 3292 857 3354 Paul.
886 3293 921 3352 D.
947 3295 1001 3370 16,
1026 3294 1060 3364 2,
1083 3293 1104 3350 4

95 3375 188 3460 ‘quod
212 3385 244 3443 11
260 3381 383 3442 Neratio
411 3383 550 3458 placebat
577 3384 608 3442 et
629 3382 812 3458 Pomponius
840 3381 904 3441 ait’.
944 3379 1012 3458 Ulp.
1035 3380 1104 3440 Vat.

94 3472 130 3531 fr.
146 3473 189 3532 83
210 3465 253 3530 ‘et
266 3470 310 3530 ita
333 3473 364 3532 et
380 3470 507 3532 Neratio
528 3473 559 3531 et
576 3469 711 3530 Aristoni
731 3470 852 3532 videtur
874 3472 906 3530 et
923 3468 1103 3544 Pomponius

91 3551 238 3641 probat').
454 3545 460 3557 ’

837 3653 890 3708 12*
