2596 3902
390 210 415 259 4.
436 204 464 259 C.
480 204 624 260 CASSIUS
642 204 828 261 LONGINUS
1076 206 1117 270 73

112 374 189 432 niam
213 392 282 432 eum
306 373 476 434 adversario
496 373 565 432 dare
583 374 720 452 iubendo,
744 374 854 451 quoin
872 393 994 434 numero
1014 375 1120 434 haberi

111 481 166 522 non
195 463 327 537 oportet,
355 461 382 520 si
407 461 532 522 testium
558 463 679 522 nomina
707 482 742 522 ex
770 463 919 523 sententia
941 463 1048 522 arbitri
1071 482 1119 524 ex·

109 550 204 610 hibita
226 569 285 609 non
309 543 400 610 sunt'.

195 638 339 709 Quamvis
366 639 397 697 in
423 639 559 700 Iauoleni
585 640 761 718 fragmentis
788 641 836 700 his
862 643 982 717 praeter
1010 639 1119 700 Gaium

111 729 155 789 rel
178 727 288 788 Gaium
310 726 446 788 Cassium
471 729 548 787 alius
570 729 643 788 iuris
667 731 821 788 consultus
843 731 945 789 nullus
968 729 1118 806 landetur,

111 817 197 876 immo
226 817 392 876 afferantur
414 820 532 876 tantum
556 811 714 894 ‘plerique'
737 818 773 878 D.
796 823 894 896 17,1,
916 821 1024 895 36pr.,
1047 838 1118 877 num

110 899 208 964 ‘idem'
232 903 354 964 Cassius
377 905 425 982 sit,
450 907 536 965 valde
559 906 685 965 dubium
708 913 762 966 est.

406 1083 453 1142 De
474 1085 627 1144 noualibus
650 1086 817 1144 actionibus.

195 1183 224 1250 6.
249 1182 287 1247 D.
298 1182 328 1267 9,
337 1182 430 1263 4,15.
472 1182 573 1248 Gaius
596 1185 681 1249 libro
705 1190 796 1249 sexto
820 1184 859 1249 ad
884 1184 1022 1250 edietum
1045 1208 1119 1270 pro-

111 1272 245 1338 rinoiale
263 1269 314 1359 (P.
327 1268 414 1357 130).
436 1308 473 1317 -
493 1269 545 1360 (si
564 1274 735 1338 statuliber
754 1274 857 1358 estis,
879 1274 969 1338 cuius
988 1275 1120 1340 nomine

111 1361 217 1426 noxali
249 1360 368 1426 iudicio
396 1364 504 1426 aetum
532 1366 595 1444 est,
627 1366 660 1426 et
688 1366 762 1427 ante
790 1363 984 1427 deditionem
1012 1363 1121 1429 extitit

110 1446 285 1534 condicio,)
326 1455 457 1532 praetor
484 1451 651 1515 decernere
679 1451 774 1516 debet
800 1451 1047 1517 translationem
1071 1452 1119 1516 iu·

110 1537 182 1602 dieii
218 1537 253 1601 in
291 1539 516 1603 statulibernm
552 1539 638 1625 fieri3
674 1541 703 1604 si
739 1561 814 1606 vero
851 1541 897 1604 rei
931 1539 1119 1606 iudicandae

108 1629 252 1711 tempore
271 1626 374 1692 adhue
392 1627 426 1692 in
446 1649 601 1712 suspenso
620 1629 663 1693 sit
677 1631 801 1694 statuta
816 1629 958 1711 libertas,
978 1628 1118 1694 Sabinus

109 1720 139 1780 et
153 1713 285 1782 Cassius
304 1714 435 1781 liberari
449 1717 598 1781 heredem
612 1721 731 1802 putant
744 1716 968 1803 muuoepuudo¹
984 1740 1119 1803 servum,

109 1805 181 1888 quia
204 1807 275 1868 toto
300 1826 358 1870 suo
382 1805 449 1869 iure
473 1805 607 1870 eederet.

425 1987 604 2048 Commoduti
625 1991 670 2048 oel
692 1994 800 2050 eontra.

195 2091 225 2156 7.
249 2088 288 2154 D.
300 2090 349 2168 13,
361 2089 430 2172 6‚1‚
442 2092 470 2154 1.
515 2089 675 2174 Ulpianus
698 2091 782 2156 libro
806 2091 979 2156 vicensimo
1004 2096 1118 2157 octavo

111 2177 149 2241 ad
169 2178 310 2243 edietum
330 2175 480 2264 (P.798).
497 2213 534 2226 -
556 2178 725 2244 Labeo
745 2181 853 2246 ait
873 2180 1119 2246 commodari..

109 2287 175 2330 rem
196 2267 359 2345 mobilem,
382 2287 448 2331 non
466 2268 564 2334 etiam
583 2269 654 2354 soli,
671 2268 823 2334 utendam
843 2269 914 2333 dari
932 2270 1030 2334 etiam
1049 2269 1118 2334 soli.

109 2356 163 2419 sed
188 2361 225 2420 ut
243 2358 387 2439 apparet,
409 2357 538 2440 proprie
558 2358 762 2422 commodata
780 2379 831 2422 res
851 2358 967 2422 dieitur
985 2362 1018 2423 et
1038 2378 1119 2442 quae

108 2444 167 2509 soli
190 2446 254 2529 est,
277 2444 373 2529 idque
397 2449 430 2508 et
452 2441 583 2510 Cassius
607 2446 778 2511 existimat.

435 2627 482 2686 De
504 2630 650 2687 institorio
673 2630 791 2687 actione.

194 2729 224 2795 8.
245 2727 284 2795 D.
296 2729 347 2808 14,
356 2728 386 2813 3,
396 2728 426 2810 5,
438 2730 489 2794 12.
525 2727 684 2811 Ulpianus
703 2727 788 2793 libro
808 2727 982 2793 vicensimo
1002 2733 1117 2794 octavo

28 2829 29 2900 ξ
105 2817 146 2882 ad
174 2817 315 2882 edictum
338 2814 387 2905 (P.
403 2817 492 2901 825).
516 2853 558 2864 -
581 2864 611 2880 ..
640 2816 668 2880 si
694 2815 868 2901 praeposui
896 2816 937 2880 ad
960 2817 1114 2882 mareium

28 2905 29 2982 J
105 2906 361 2991 distractionem,
384 2906 520 2971 tenebor
541 2905 672 2970 nomine
695 2907 764 2970 eius
789 2926 827 2970 ex
849 2909 956 2990 empto
976 2907 1117 2990 actione,

28 3007 29 3080 ξ
103 2994 183 3059 item
213 2994 241 3059 si
266 2994 350 3061 forte
374 2995 414 3059 ad
438 2994 606 3059 emendum
630 3016 702 3060 eum
726 3015 956 3079 praeposuero,
983 2996 1120 3061 tenebor

104 3083 276 3149 dumtaxat
304 3105 343 3149 ex
370 3084 514 3170 vendit03
541 3083 597 3148 sed
624 3104 727 3167 neque
756 3083 784 3148 si
813 3084 853 3148 ad
877 3084 1060 3168 emendum,
1087 3089 1120 3150 et

28 3227 29 3232 ,
102 3170 160 3238 ille
185 3171 373 3254 vendiderit,
395 3194 497 3257 neque
521 3173 549 3237 si
573 3172 613 3237 ad
636 3172 847 3258 vendendum,
871 3177 904 3238 et
922 3174 976 3238 ille
996 3173 1120 3260 emerit,

29 3275 30 3324 ὲ
103 3259 235 3326 debebit
259 3262 376 3344 teneri,
399 3261 494 3345 idque
518 3259 649 3327 Cassius
672 3262 800 3345 probat.

194 3349 237 3415 9?
265 3349 303 3415 D.
316 3350 366 3429 14,
377 3351 445 3434 3,5,
460 3351 510 3415 14.
546 3349 708 3432 Ulpianus
731 3350 875 3415 ibid-
904 3348 938 3415 Si
967 3350 996 3414 ei
1024 3371 1119 3435 quem

29 3451 30 3456 ’
102 3437 144 3503 ad
168 3438 368 3503 vendendum
393 3439 603 3504 emendumve
627 3439 734 3503 oleum
759 3439 944 3523 praeposui,
972 3443 1119 3501 mutuum

179 3583 192 3631 l
215 3576 291 3633 Trt'b.
310 3576 454 3633 tradendo.
