2590 3902
397 245 422 296 4.
446 243 477 296 L.
496 241 680 298 NERATIUS
698 241 846 298 PRISGUS
1059 244 1124 308 287

114 411 257 488 principe,
280 411 408 470 fortasse
437 429 463 471 a.
484 413 524 471 83
552 410 601 470 vel
630 430 655 470 a.
681 413 737 489 87,
763 411 936 472 Domitiano
967 412 1124 474 iuterfecto

115 501 232 579 legatus
250 519 307 576 pro
327 502 464 576 praetore
483 499 514 558 iu
532 499 686 575 provincia
704 501 868 574 Pannonia,
886 521 971 574 anno,
990 506 1027 562 ut
1045 502 1124 562 ride·

114 594 176 664 tur,
205 590 247 649 98
275 589 325 649 vel
353 591 409 664 99,
437 607 456 646 1
482 606 541 664 quo
567 588 681 648 Plinius
709 590 822 650 amicus
849 589 975 650 Voconii
997 591 1125 651 Romani

114 678 213 755 gratia
241 677 417 737 beneficium
451 676 572 755 aliquod
606 677 694 754 petiit
727 669 789 755 (ep.
810 681 843 755 2,
864 672 935 759 13),
968 679 1016 738 cui
1045 680 1124 740 idem

115 766 309 826 Saturninam
332 765 550 826 commendavit
572 756 633 847 (ep.
650 769 678 843 7,
694 758 744 848 8),
768 768 882 828 accitus
911 768 944 826 iu
967 768 1125 828 consilium

116 855 237 915 Traiani
265 847 316 935 (D.
341 856 392 930 37,
418 856 467 932 12,
492 850 542 934 5),
580 855 632 932 qui
668 874 737 914 eum
768 873 968 916 successorem
1000 858 1125 936 elegisse

115 944 247 1004 traditur
268 936 346 1024 (vita
365 943 456 1002 Hadr.
475 935 520 1024 4),
542 962 596 1002 nec
619 944 718 1003 minus
742 943 773 1002 in
797 944 944 1004 Hadriani
968 947 1125 1006 consilium

116 1026 199 1112 (ibid.
217 1024 288 1114 18),
310 1034 454 1109 patronus
478 1032 643 1092 scribarum
666 1033 913 1109 quaestoriorum

204 1121 286 1181 Iuris
308 1121 464 1181 consultus
483 1121 625 1181 Neratius
649 1140 718 1181 cum
734 1122 839 1181 multis
857 1122 1029 1182 litterarum
1046 1141 1124 1183 com·

115 1211 224 1270 mercio
262 1211 437 1270 coniunctus
477 1209 615 1286 inprimis
650 1210 811 1270 Proculum
844 1213 964 1271 secutus
999 1230 1043 1272 ex.
1080 1231 1124 1287 gr.

116 1299 258 1358 Marcello
281 1299 369 1358 fratri
392 1317 445 1358 suo
468 1298 622 1374 respondit
641 1293 691 1378 (D.
707 1300 758 1376 33,
774 1302 802 1378 7,
819 1302 869 1374 12,
884 1295 941 1379 43)
965 1303 996 1359 11
1017 1299 1125 1359 Rufino

116 1381 166 1471 (D.
179 1388 250 1448 ibid
266 1385 286 1463 ἕ
302 1380 359 1470 35)
382 1391 413 1446 et
434 1387 571 1447 Aristoni
594 1381 645 1468 (D.
661 1390 711 1466 19,
728 1390 755 1463 2,
771 1391 822 1462 19,
838 1384 881 1467 2).

204 1475 381 1553 Composuit
402 1479 559 1553 praeterea
581 1477 674 1536 libros
698 1477 734 1536 de
756 1477 823 1536 1111
844 1476 935 1553 cirili,
959 1477 1072 1536 scilicet
1090 1495 1125 1536 ex

116 1567 245 1642 Plautio,
267 1565 481 1642 Epistolarum,
503 1565 734 1642 Responsorum,
753 1565 1007 1644 Membrauarum,
1026 1567 1124 1642 Regu-

115 1657 225 1726 larum,
248 1655 375 1730 deniquo
398 1653 435 1714 de
456 1654 570 1730 nuptiis
592 1654 711 1714 librum.

204 1743 328 1803 Scholae
346 1742 541 1802 Proculianae
564 1743 701 1819 princeps
720 1743 864 1803 successit
881 1743 1019 1804 Iuventio
1039 1741 1125 1803 Celso

29 1837 30 1858 ³
116 1853 182 1892 cum
213 1832 277 1891 filio
309 1831 372 1890 eius
403 1826 598 1911 (Pomponius
621 1823 730 1912 §53),
763 1832 815 1910 qui
846 1833 892 1892 bis
925 1833 1029 1892 consul
1056 1832 1123 1910 luit,

115 1921 225 1982 iterum
244 1939 271 1980 1.
287 1923 348 1980 129
370 1923 400 1979 11
416 1921 537 1996 quidem
551 1939 618 1980 curn
631 1921 756 1980 Neratio
770 1920 911 1982 Marcello
926 1913 973 2003 (O.
989 1924 1018 1998 7,
1033 1924 1063 1998 9,
1077 1913 1123 2002 3).

29 2057 30 2066 .
201 2009 367 2087 Postquam
398 2009 551 2068 Hadriano
587 2009 721 2086 principe
753 2009 994 2070 Membranarum
1030 2010 1123 2070 libros

29 2121 30 2170 j
116 2098 283 2176 composuit
306 2089 356 2174 (D.
371 2100 423 2176 44,
438 2100 466 2174 2,
484 2089 605 2179 Ilpa),
634 2099 739 2158 eodem
765 2097 899 2175 principe
927 2099 1050 2161 ridetur
1075 2099 1124 2159 de-

116 2189 251 2261 cessisse,
278 2185 454 2263 priusquam
481 2186 663 2263 Pomponius
691 2187 784 2246 libros
812 2187 850 2246 ad
874 2187 1018 2247 Sabinum
1045 2206 1123 2248 com·

115 2276 230 2353 posuit,
252 2275 283 2334 in
306 2276 383 2335 libro
402 2275 481 2335 enim
499 2274 544 2334 VI
561 2277 634 2336 haee
651 2276 807 2352 leguntur:
831 2271 963 2336 ‘Priscus
982 2277 1124 2336 Neratius

29 2363 31 2456 ζ
116 2357 317 2425 existimabat'
341 2357 392 2444 (D.
408 2365 459 2440 34,
475 2365 504 2442 3,
520 2367 548 2440 8,
563 2367 582 2424 2
608 2365 639 2422 P.
655 2357 744 2446 509).

203 2453 317 2512 Filium
339 2453 445 2512 habuit
463 2453 582 2512 Priscus
600 2452 737 2514 Priscum
755 2451 815 2512 VH
837 2453 935 2512 virum
959 2453 1124 2530 epulonem,

115 2543 251 2620 legatum
278 2542 410 2620 Augusti
440 2561 495 2618 pro
522 2544 660 2618 praetore
685 2541 717 2601 in
744 2542 899 2601 Pannonia
924 2540 1064 2600 inferiore
1094 2544 1125 2600 et

115 2630 271 2691 Pannonia
297 2631 462 2707 superiore,
494 2633 634 2706 nepotem
661 2629 812 2689 Fufidium
838 2629 986 2707 Priscum,
1017 2647 1123 2705 prone-

115 2724 217 2794 potem
240 2719 384 2780 Attioum.
430 2719 572 2779 laudatur
592 2718 717 2778 Neratia
740 2718 901 2777 Marullina
922 2717 985 2776 11111
1008 2717 1125 2776 Neratii

116 2808 211 2868 Prisci
239 2808 383 2887 consulis,
404 2808 503 2868 utrius
526 2811 640 2885 autem,
665 2807 786 2866 maioris
814 2806 909 2865 Prisci
932 2825 970 2864 an
992 2805 1125 2884 minoris,

117 2897 282 2957 dubitatur.
335 2897 498 2956 laudantur
534 2897 566 2956 L.
589 2895 707 2956 Neratii
734 2895 829 2955 Prisci
861 2913 977 2970 seruus,
1008 2893 1124 2954 Neratii

116 2985 211 3046 Prisci
234 3003 333 3063 serva,
356 2985 430 3045 iuris
453 2985 583 3045 consulti
605 2988 636 3044 et
661 2985 764 3044 fratris
792 2984 986 3044 Neratiorum
1008 2984 1125 3062 vilicus,

115 3073 309 3134 Neratiorum
328 3073 475 3134 cellarius.
517 3073 580 3133 CIL
599 3073 651 3150 IX,
676 3075 770 3135 2454.
796 3075 890 3135 2455.
915 3075 1010 3134 2458.
1030 3075 1124 3134 2484.

118 3164 213 3223 2531.
238 3163 405 3223 9911111111
417 3164 644 3224 1152-1158.
667 3163 815 3240 Borghesi
830 3181 896 3240 opp.
906 3162 935 3220 V
947 3183 974 3239 p.
987 3164 1051 3224 350
1061 3181 1125 3241 sqq.

115 3250 293 3312 Mommseni
306 3251 366 3311 ind.
380 3250 471 3311 Plinii
485 3251 529 3312 ed.
544 3251 612 3312 Keil
626 3272 654 3329 p.
669 3253 743 3313 420.
770 3253 896 3313 Hermes
909 3251 956 3312 ΙΠ
969 3273 997 3329 p.
1014 3254 1123 3329 38sqq.

116 3340 295 3420 Prosopogr.

207 3428 396 3507 Quamquam
415 3449 450 3489 ex
468 3429 505 3489 iis
517 3448 597 3508 ¹quae
612 3429 749 3506 diximus,
762 3449 835 3488 num
847 3429 989 3488 Neratius
1003 3429 1036 3486 in
1048 3429 1126 3486 hano

118 3518 324 3579 collectionem
342 3518 529 3594 recipiendus
548 3518 596 3596 sit,
615 3517 747 3576 dubitari
764 3535 852 3594 posse
871 3519 1005 3593 apparet,
1023 3518 1126 3575 tamen

117 3625 184 3666 cum
205 3607 327 3667 Traiani
350 3609 449 3667 aetate
473 3626 539 3666 cum
563 3623 706 3682 responsa
728 3604 845 3664 dedisse
868 3605 984 3664 constet
1007 3594 1056 3680 (D.
1073 3605 1124 3672 37,
