2602 3906
174 207 242 272 472
278 205 312 260 V.
330 203 480 260 NERVAE
498 204 545 258 ΕΤ
563 185 718 258 ὛΒΜΑΝΙ
738 203 844 260 ΤΕΜΡ.
862 204 957 259 IURIS
977 203 1155 260 CONSULTI

175 372 246 434 iure
276 369 426 433 sextantis
455 368 628 452 exstitisset,
663 387 790 449 quaero,
820 388 863 431 an
900 366 1041 432 eernere¹
1072 388 1190 434 neeesse

175 458 333 538 habueris,
355 477 393 521 ne
415 462 539 522 sautans
562 461 633 521 tuus
655 458 792 522 intereat.

266 546 451 628 Respondit:
487 545 567 610 nibit
600 547 735 627 interest,
771 549 877 610 utrum
909 565 945 610 en
976 545 1189 612 substitutione

171 636 267 719 prins
290 631 460 700 crevutu²
483 655 526 698 an
548 655 585 698 en
604 635 710 715 prima
734 635 931 713 institutione,
954 654 1023 699 aum
1046 634 1085 700 ab
1102 639 1187 700 utra·

175 745 234 807 qne
256 744 350 788 cansa
372 745 439 787 nna
462 719 575 786 cretio8
597 723 741 806 sufficiat.
774 729 897 788 seatans
915 725 1033 807 itaque,
1055 724 1110 804 qui
1131 723 1188 788 snb

175 813 351 878 eorrdieione
372 813 464 876 datus
486 810 563 875 mibi
585 817 641 888 est,
664 813 708 876 ad
728 832 775 874 me
797 812 896 876 sotum
912 813 1053 894 pertinet.

265 912 289 961 2.
313 900 393 964 Item
429 902 458 964 si
493 906 527 965 tn
563 902 722 977 sextantis,
761 920 798 964 ea
833 921 892 982 puo
922 901 1081 965 institutus
1110 919 1186 965 esses

173 989 272 1072 bores,
305 990 445 1054 omiseris
476 987 668 1073 cretionem4,
699 990 851 1071 numquid
880 990 1016 1072 dubitas,
1048 990 1124 1072 quin
1151 1009 1189 1054 ea

173 1079 386 1145 substitutione
409 1075 580 1142 oernendo⁵
606 1077 750 1142 Titianae
765 1079 871 1159 partis
890 1077 1053 1142 habiturus
1064 1081 1187 1159 partem

178 1167 277 1233 esses?

262 1255 445 1337 Respondit:
471 1275 533 1319 non
556 1255 672 1338 dubito,
700 1256 784 1336 quin,
807 1256 836 1319 si
858 1253 1060 1339 <perempta>
1079 1256 1187 1337 prima

173 1346 364 1412 institutione
395 1341 566 1408 oernendo⁵
597 1343 680 1408 bues
717 1364 779 1408 esse
804 1347 937 1426 possim,
978 1347 1017 1408 in·
1041 1349 1188 1426 potestate

175 1455 244 1498 mea
265 1435 315 1517 sit,
337 1453 432 1516 qnam
448 1437 571 1515 partem
594 1433 771 1497 hereditatis
795 1438 851 1497 aut
869 1434 1008 1497 omittere
1025 1433 1116 1497 aelim
1133 1437 1190 1496 ant

172 1524 344 1588 uindicare.

263 1612 315 1674 22.
343 1610 381 1675 D.
397 1610 449 1690 28,
464 1610 494 1692 3,
510 1611 558 1674 lb.
605 1609 779 1674 Iavolenus
809 1611 893 1674 libro
917 1603 1038 1692 quarta
1057 1609 1187 1692 Epistu-

173 1700 286 1764 larum.
312 1736 350 1745 —
381 1697 443 1778 Quoi
464 1719 591 1762 uxorem
614 1704 812 1781 praepnatem
834 1699 969 1780 babebat,
992 1700 1027 1764 in
1052 1698 1187 1764 bostium

166 1793 348 1871 potestatem
364 1788 519 1868 peruenit·
542 1807 664 1871 quaero,
686 1789 752 1870 filio
775 1793 847 1852 nato
869 1809 927 1869 qno
950 1793 1081 1870 ternpore
1100 1791 1187 1852 testa-

173 1881 309 1940 mentum
336 1877 370 1939 in
397 1877 516 1941 sinitote
541 1877 661 1956 fastum
688 1877 876 1958 rumpatur?
905 1882 933 1940 et
959 1879 987 1940 si
1009 1877 1094 1959 (ttius
1116 1880 1189 1940 ante

173 1965 326 2030 moriatur
361 1985 455 2045 qnam
482 1971 587 2048 pater,
625 1986 668 2028 an
701 1967 809 2046 saripti
839 1965 959 2030 beredes
992 1965 1188 2030 hereditatem

174 2053 315 2118 habituri
336 2053 421 2117 sint?

262 2141 432 2223 Respondi:
463 2163 527 2206 non
546 2147 624 2223 puto
651 2142 778 2206 dubium
805 2162 878 2220 esse,
906 2143 982 2224 quin
1006 2161 1063 2222 per
1092 2141 1188 2223 tepem

174 2228 358 2312 Corneliam,
381 2232 515 2313 quaeda
537 2231 760 2312 anidrmandis
783 2251 887 2294 eornm
910 2231 1111 2316 testamentis,
1133 2229 1188 2312 aui

172 2321 209 2385 in
230 2319 364 2384 bostium
381 2323 528 2401 potestate
549 2320 750 2398 decessissent,
774 2320 840 2384 tata
862 2325 913 2402 est,
935 2325 1009 2384 nato
1031 2319 1097 2402 filio
1116 2338 1186 2383 aon·

172 2411 260 2474 tinuo
291 2411 356 2474 eins
389 2413 612 2486 testamentum,
651 2409 704 2490 qui
734 2409 770 2472 in
798 2407 931 2472 bostium
957 2411 1105 2489 potestate
1137 2407 1186 2487 sit,

172 2503 345 2580 rumpatur.
376 2499 513 2580 seqnitur
530 2517 608 2580 erpo,
625 2502 661 2561 ut
678 2517 715 2561 ea
732 2517 765 2561 eo
785 2501 958 2562 testamento
975 2496 1127 2561 beneditus
1144 2496 1190 2560 ad

173 2589 328 2653 neminem
345 2587 513 2669 pervemat.

583 2700 634 2766 De
656 2702 772 2784 leontis.

264 2819 316 2882 23.
344 2817 382 2880 Ι).
397 2815 448 2899 35,
463 2817 493 2902 2,
506 2819 558 2883 61.
591 2816 680 2881 Idem
696 2814 754 2903 (sc.
769 2811 954 2902 Iavolenus)
968 2814 1052 2879 libro
1068 2817 1186 2899 quarto

174 2905 407 2989 Epistularum.
435 2942 478 2952 -
504 2907 636 2971 Alienus
660 2905 779 2986 fundus
803 2905 857 2970 tibi
879 2905 994 2987 tepatns
1017 2907 1067 2969 est.
1105 2903 1189 2968 buno

174 2994 260 3059 bores
290 3014 359 3058 enm
393 3014 489 3058 emere
518 2997 582 3059 nisi
613 2996 735 3076 infinito
757 2994 859 3076 pretio
887 3013 949 3058 non
971 2997 1083 3075 posset,
1115 2993 1189 3056 emit

175 3083 270 3147 mutto
296 3083 409 3164 pluris,
437 3103 530 3163 quam
557 3084 665 3164 quanti
692 3088 770 3163 nat,
793 3103 854 3165 qna
877 3083 1025 3163 emptione
1047 3081 1188 3161 effectum

175 3176 227 3255 est,
248 3174 285 3234 nt
298 3171 442 3252 tepatarii
455 3171 497 3234 ad
510 3171 601 3253 tepem
616 3170 795 3241 Falcidiam
808 3176 1026 3236 reooearentnr.
1062 3190 1186 3254 quaero,

174 3279 258 3339 oum,
284 3260 313 3322 si
342 3256 461 3337 fundus
493 3261 585 3342 tanti,
616 3260 726 3340 quanti
752 3280 786 3323 re
813 3281 886 3325 uera
913 3259 1035 3343 <erat>,
1068 3264 1186 3341 emptus

175 3351 263 3425 esset,
291 3347 390 3428 tepata
416 3365 479 3410 non
503 3346 630 3427 frenant
657 3367 816 3414 enaessura
841 3350 892 3414 ius
919 3349 991 3431 lepis
1015 3347 1187 3430 Falcidiae,

246 3499 463 3556 1Tnb.adire.
507 3502 614 3560 enno.
629 3501 756 3560 adierim.
803 3505 911 3560 abrih.
931 3503 1028 3560 aditio.
1072 3503 1186 3560 enno.

172 3571 338 3627 aditionem.
394 3578 409 3626 b
430 3572 504 3627 Trib.
524 3573 659 3630 adeundo.
