2580 3900
268 220 294 269 8.
316 212 497 269 VIVIANUS.
516 245 551 254 -
570 220 594 269 9.
615 213 764 270 olemus
784 214 938 270 SABINUS
1063 217 1129 281 249

29 375 30 388 ’
112 378 243 462 quidem
267 377 444 463 fugitivum
467 397 552 461 esse,
575 377 688 463 quiin
710 378 772 444 hoc
794 399 987 464 progressus
1010 383 1074 464 est,
1096 385 1134 446 ut

113 489 148 532 se
180 467 426 552 praecipitaret,
454 473 594 530 ceterum
625 469 725 532 etiam
755 490 829 532 eum
860 469 931 552 quis
960 468 1134 554 fugitiuum

112 555 248 640 diceret,
276 555 333 640 qui
360 553 448 620 domi
474 555 509 618 in
533 556 636 619 altum
658 555 766 621 locum
790 557 830 621 ad
853 558 1133 642 praecipitandum

113 667 146 710 se
171 644 381 728 ascendisset,
400 645 568 728 magisque
585 644 671 710 hunc
690 649 828 710 mortem
850 646 913 710 sibi
936 649 1133 713 consciscere

113 733 266 799 voluisse.
308 733 390 799 illud
410 735 502 815 caim,
524 735 606 816 quod
620 735 801 817 plerumque
821 735 860 800 ab
879 736 1133 822 imprudentibus,

113 823 234 908 inquit,
261 823 324 888 dici
350 823 436 905 solet,
463 843 533 888 cum
555 842 617 888 csse
637 822 817 906 sopitivum,
843 825 898 906 qai
919 829 1004 890 nocte
1025 827 1134 909 aliqua

113 913 181 978 sinc
207 911 362 977 octontuta
383 913 503 977 domini
524 913 715 995 mansisset,
742 934 808 977 uon
832 934 902 977 esse
925 935 1051 999 verum,
1079 916 1134 980 sed

115 1001 154 1066 ab
180 1001 299 1066 affectu
323 1000 424 1065 animi
447 1002 603 1086 cuiusque
627 1000 872 1066 aestimandum.

206 1109 235 1172 7.
254 1105 448 1188 D.ibid.§5.
466 1144 503 1154 -
522 1106 612 1171 Idem
629 1105 789 1172 Vivianus
809 1108 865 1191 ait,
888 1109 915 1172 si
935 1129 955 1171 a
973 1109 1133 1194 magistro

115 1217 196 1280 puer
232 1197 367 1261 recessit
404 1201 436 1260 et
471 1218 583 1261 rursus
621 1195 661 1260 ad
694 1201 831 1261 matrem
862 1196 1024 1280 pervenit,
1061 1219 1134 1262 curn

117 1288 333 1369 quaereretur,
355 1307 433 1349 num
451 1284 609 1370 fugitivus
629 1287 728 1349 esset:
753 1286 781 1350 si
801 1285 927 1351 celandi
946 1307 1043 1350 ceusu
1061 1306 1135 1369 quo,

116 1395 156 1437 ne
180 1373 221 1438 ad
246 1373 413 1439 dominum
436 1376 661 1457 reverteretur,
683 1372 830 1458 fugisset,
853 1374 1029 1460 fugitivum
1050 1395 1134 1456 esse3

118 1465 168 1527 sin
203 1483 282 1528 vero
318 1467 354 1527 ut
389 1484 447 1546 per
483 1467 621 1527 matrem
657 1461 837 1528 faciliorem
874 1461 1135 1547 deprecationem

117 1551 252 1616 haberet
275 1551 385 1617 delicti
407 1553 557 1634 alicuius,
580 1572 646 1615 non
670 1571 740 1616 esse
763 1551 947 1635 fugitivum.

179 1903 221 1988 9.
259 1908 332 1983 CN.
359 1909 616 1983 ARULDNUS
644 1909 843 1983 CAELIUS
873 1909 1074 1984 SABINUS

206 2073 387 2134 consulta.
404 2075 444 2132 69
469 2091 536 2132 curn
559 2073 592 2134 Τ.
616 2073 721 2133 Flavio
745 2071 856 2134 Sabino
880 2067 960 2155 (CIL
980 2074 1024 2133 VI
1038 2075 1134 2135 2051.

120 2161 183 2222 Tac.
203 2161 275 2222 hist.
295 2164 324 2235 1,
341 2163 380 2221 77
405 2161 442 2221 cf.
461 2161 640 2239 Prosopogr.
658 2161 674 2220 Ι
695 2181 725 2238 p.
741 2156 833 2242 156),
860 2157 1034 2240 ‘plurimum
1060 2166 1136 2223 tem-

118 2250 241 2326 poribus
266 2249 446 2327 Vespasiani
466 2245 579 2327 potuit'
601 2243 758 2332 (Pompon.
774 2249 794 2327 5
810 2243 876 2334 53),
900 2245 985 2311 ‘iuris
1008 2247 1135 2328 peritus'

22 2407 23 2418 ,
120 2331 208 2420 (Gall.
225 2342 253 2414 6,
269 2341 300 2416 4,
317 2331 360 2421 1),
378 2339 430 2415 qui
449 2337 553 2401 Cassio
576 2340 720 2401 successit
742 2334 858 2419 (Pomp.
873 2340 893 2400 l.
908 2335 954 2422 a).
991 2340 1135 2400 laudatur

119 2428 249 2506 aceio,
272 2428 427 2501 Venuleio,
449 2427 623 2506 Papiniano,
646 2428 785 2505 Ulpiano,
807 2434 964 2505 praeterea
987 2448 1005 2489 a
1029 2428 1135 2506 Gellio,

22 2513 23 2568 l
119 2522 149 2578 et
175 2517 539 2595 itaquidem,ut,cu1n
563 2518 714 2577 Masurius
737 2517 866 2577 Sabinus
890 2518 983 2594 vulgo
1007 2512 1134 2577 ‘Sabini'

119 2608 238 2667 nomine
263 2606 449 2684 designetur,
472 2607 537 2683 ipse
560 2601 705 2666 ‘Caelius'
726 2607 906 2666 nominetur.

207 2694 344 2756 Caelium
370 2697 401 2755 et
427 2696 513 2756 libris
542 2694 706 2756 scribendis
730 2713 852 2771 operam
875 2693 993 2754 dedisse
1016 2696 1136 2753 constat

119 2790 149 2845 et
170 2787 208 2844 ut
230 2784 351 2844 scholae
371 2783 537 2862 principem
559 2785 591 2844 in
616 2783 823 2860 respondendo
841 2801 961 2861 quoque
979 2785 1135 2844 versatum

24 2881 27 2888 '
120 2893 183 2934 esse
206 2872 364 2950 probabile
387 2877 442 2952 est,
465 2891 646 2951 quamquam
668 2873 753 2932 nulla
776 2890 920 2949 responsa
942 2871 1053 2932 diserte
1071 2875 1134 2931 tra·
1188 2931 1189 2936 ,

119 2964 240 3023 duntur.
286 2961 319 3020 in
340 2962 518 3040 fragmentis
543 2963 670 3022 servatis
694 2959 815 3022 Ofilium
839 2961 945 3021 laudat
966 2953 1016 3043 (D.
1036 2956 1089 3040 21,
1106 2963 1135 3039 2,

121 3054 173 3128 38,
191 3043 250 3132 10)
283 3054 315 3110 et
342 3051 517 3111 Trebatium
549 3042 601 3132 (D.
626 3054 677 3124 21,
704 3053 732 3128 1,
757 3053 808 3123 14,
831 3044 867 3133 3)
900 3054 932 3110 et
963 3050 1135 3111 Labeonem

119 3132 212 3221 (Gall.
237 3142 268 3218 4,
291 3142 320 3200 2.
343 3142 371 3202 3.
395 3139 557 3218 111121,
579 3141 606 3215 1,
628 3142 749 3219 17,12.
771 3132 835 3222 15).
881 3143 1039 3217 praeterea
1066 3159 1136 3201 eum

120 3228 221 3290 Cassio
255 3229 292 3289 de
324 3229 403 3289 falsa
433 3229 604 3304 condicione
636 3229 864 3290 testamentaria
894 3229 976 3290 idern
1007 3230 1135 3290 sensisse

119 3319 251 3380 traditur
274 3311 323 3398 (D.
340 3320 391 3394 35,
407 3321 435 3392 1,
451 3321 502 3392 12,
517 3310 562 3400 7).

208 3407 244 3467 In
282 3407 439 3468 sententiis
476 3407 539 3466 eius
576 3405 752 3484 colligendis
789 3407 833 3466 sic
870 3405 1021 3466 existimo:
1058 3422 1135 3480 quae

123 3495 302 3556 Sabinianus
321 3495 439 3556 scholae
455 3494 699 3572 praeceptoribus
719 3494 887 3554 communia
905 3494 999 3552 fuisse
1013 3493 1134 3550 tradun-

22 3615 23 3668 }
122 3587 185 3664 tur,
208 3585 312 3645 eadem
336 3583 436 3644 (laelio
460 3602 576 3660 quoque
599 3582 759 3642 tribuenda
781 3597 854 3638 esse.
