2568 3912
265 139 297 193 ΙΙ.
316 137 555 193 INCERTORUM
574 135 806 191 SENTENTIAE
826 136 871 190 ET
889 135 994 191 LIBRI.
1070 136 1133 200 551

126 324 194 404 suo·
215 301 443 454 dispensatori,
470 304 506 364 ut
534 299 639 382 daret,
667 299 841 383 stipulator
870 303 978 363 autem
1003 321 1075 382 suo,
1099 303 1136 363 ut

127 412 271 475 acerpere
289 440 295 454 .

218 497 289 562 105.
318 495 577 580 D.45,1‚46‚2.
618 493 737 558 Paulus
764 495 849 559 libro
878 495 1064 559 duodecimo
1094 495 1134 558 ad

123 585 291 650 Sabinum.
314 621 358 632 --
382 583 416 649 Si
448 586 495 649 ita
527 583 701 668 stipulatus
734 583 822 647 fuero
856 582 940 646 ‘cum
973 583 1135 666 volueris',

126 675 255 759 quidam
293 672 440 737 inutilem
478 695 547 737 esse
580 671 822 755 stipulationem
854 672 957 756 aiunt,
996 673 1050 737 alii
1087 673 1135 736 ita

125 762 283 846 inutilem,
307 761 334 826 si
357 769 529 845 antequam
553 763 737 842 constituae,
761 759 916 826 morieris.

217 878 289 943 106.
317 877 355 940 u.
370 876 422 960 ee,
438 878 466 957 1,
481 878 532 941 24.
568 876 657 940 nem
681 858 1133 961 (sc.1ulianu's)libr0quin-

127 968 337 1052 quagensimo
358 965 469 1048 quinto
484 965 703 1049 Digestorum.
718 963 847 1028 -Iure
867 966 953 1029 civili
967 971 1134 1047 receptum

126 1062 176 1120 est
190 1057 338 1141 quotiens
353 1076 410 1141 per
429 1076 511 1139 eum,
530 1053 620 1118 cuius
638 1055 773 1118 interest
791 1054 1011 1119 condicionem
1024 1052 1134 1138 <non>

125 1145 263 1229 impleri,
285 1144 332 1226 fit,
356 1165 418 1227 quo
441 1143 546 1207 minus
565 1144 747 1227 impleatur,
767 1146 802 1206 ut
820 1143 951 1226 perinde
969 1143 1128 1208 habeatur

123 1255 163 1299 ao
198 1235 225 1298 si
252 1234 387 1316 impleta
414 1230 558 1296 condicio
587 1232 716 1314 l‘uisset3
748 1232 832 1316 quod
859 1233 1004 1316 plerique
1032 1236 1065 1296 et
1094 1231 1135 1294 ad

123 1324 233 1407 legata
247 1326 280 1386 et
294 1321 334 1385 ad
347 1320 499 1385 heredum
518 1321 737 1388 institutiones
756 1320 981 1403 perduxerunt.
1013 1321 1128 1404 quibus

125 1411 280 1496 exemplis
320 1410 544 1494 stipulationes
582 1430 707 1494 quoque
742 1410 902 1474 committi
935 1410 1064 1493 quidam
1094 1459 1132 1473 ..

124 1503 332 1582 putaverunt,
360 1521 432 1563 cum
459 1520 517 1583 per
544 1498 774 1582 promissorem
801 1498 921 1562 factum
945 1505 1042 1582 esset,
1067 1519 1130 1581 quo

125 1589 230 1652 minus
254 1587 429 1671 stipulator
452 1587 634 1652 condicioni
657 1592 795 1670 pareret.

217 1704 288 1768 107.
311 1702 350 1768 D.
368 1702 421 1786 45,
444 1705 470 1782 1,
489 1704 519 1784 2,
537 1703 566 1767 2.
613 1701 733 1766 Paulus
760 1701 845 1766 libro
874 1701 1061 1766 duodecimo
1092 1702 1132 1766 ad

124 1790 289 1856 Sabinum.
301 1829 339 1838 -
357 1793 449 1857 ...si
470 1790 659 1856 divisionem
677 1812 728 1855 res
747 1790 907 1875 promissa
924 1813 991 1855 non
1009 1791 1132 1873 recipit,

125 1880 227 1945 veluti
264 1883 331 1964 via,
367 1879 499 1946 heredes
537 1879 742 1964 promissoris
777 1880 898 1963 singuli
928 1881 962 1943 in
995 1878 1134 1944 solidum

123 1975 288 2053 tenentur3
320 1970 374 2034 scd
407 1991 470 2052 quo
503 1991 579 2034 casu
612 1991 694 2032 unus
728 1991 767 2033 ex
794 1968 963 2033 heredibus
997 1968 1135 2033 solidum

124 2058 334 2142 praestiterit,
361 2058 585 2142 repetitionem
612 2057 746 2121 habebit
769 2079 788 2120 a
811 2057 965 2122 coherede
988 2057 1131 2121 familiae

127 2147 331 2212 erciscundae
355 2147 482 2213 iudicio.
530 2169 568 2211 ex
592 2169 656 2230 quo
680 2147 808 2230 quidem
832 2146 975 2211 accidere
998 2145 1135 2229 Pompo-

124 2236 199 2300 nius
228 2235 288 2316 ait,
316 2239 353 2298 ut
380 2240 413 2299 et
440 2236 643 2319 stipulatoris
670 2236 742 2301 viae
769 2236 820 2298 vel
843 2235 970 2299 itineris
999 2235 1134 2300 heredes

126 2324 247 2406 singuli
270 2325 304 2386 in
329 2322 468 2388 solidum
487 2324 630 2388 habeant
648 2325 815 2389 actionem.
852 2324 906 2387 sed
926 2324 1056 2406 quidam
1075 2324 1137 2388 hoc

126 2434 204 2478 casu
229 2412 374 2494 extingui
397 2413 637 2494 stipulationem
662 2414 787 2495 putant,
814 2413 888 2494 quia
910 2433 967 2495 per
991 2412 1136 2496 singulos

124 2500 253 2586 adquiri
276 2501 415 2565 servitus
439 2522 505 2564 non
527 2504 644 2584 potest.

218 2608 290 2673 108.
319 2605 357 2670 D.
370 2606 423 2689 46,
437 2606 468 2692 3,
483 2608 535 2672 73.
570 2604 658 2669 Idem
683 2603 739 2692 (sc.
763 2605 949 2689 Marcellus)
973 2606 1055 2670 libro
1079 2607 1135 2669 tri-

125 2696 271 2782 gensimo
304 2697 409 2780 primo
442 2694 663 2780 DIgestorum.
686 2730 738 2759 -.
757 2693 806 2759 Ob
835 2693 898 2760 HS
923 2693 1016 2759 XXX
1044 2717 1136 2758 num·

123 2782 269 2850 morum¹
292 2785 444 2870 pecuniae
468 2784 608 2848 creditae
630 2783 851 2849 fideiussorem
874 2784 908 2848 in
927 2783 1044 2868 viginti
1063 2784 1136 2848 dedi

124 2881 158 2938 et
177 2875 302 2960 pignus.
331 2897 369 2938 ex
384 2873 568 2938 venditione
586 2878 692 2937 autem
707 2872 853 2957 pignoris
869 2871 1008 2936 creditor
1023 2872 1132 2938 decem

125 2968 316 3029 consecutus
345 2969 406 3026 est:
435 2967 543 3026 utrum
571 2983 610 3025 ex
641 2963 847 3026 universitate
875 2961 908 3026 id
933 2962 1069 3046 decedit,
1099 2971 1135 3027 ut

122 3052 256 3136 quidam
274 3057 398 3136 putant,
420 3052 448 3117 si
469 3052 578 3116 decem
597 3051 759 3116 solvendis
779 3051 888 3116 decem
907 3050 988 3116 nihil
1008 3051 1136 3116 debitor

122 3142 273 3225 dixisset,
298 3165 339 3206 an
363 3193 412 3206 ...

217 3248 301 3313 109?
320 3247 359 3312 D.
372 3249 422 3325 17,
434 3251 462 3331 1,
470 3248 523 3312 40.
548 3247 666 3312 Paulus
681 3247 764 3312 libro
780 3268 863 3312 nuno
876 3246 915 3311 ad
931 3247 1079 3311 edictum.
1100 3282 1136 3292 -

123 3335 159 3402 Si
183 3358 241 3421 pro
264 3341 296 3400 te
320 3340 489 3421 praesente
514 3343 546 3401 et
569 3340 697 3401 vetante
722 3336 939 3419 fideiussorim,
961 3357 1021 3400 nec
1042 3357 1132 3399 man-

216 3517 230 3563 1
253 3510 328 3566 Trio.
354 3509 396 3565 Ob
414 3508 531 3579 triginta
550 3526 688 3564 nummos.
