2602 3906
166 227 232 292 532
534 221 809 278 summussos.

168 390 264 454 debet
286 387 416 472 publico
439 386 557 452 iudicio
580 387 709 470 privata
730 387 856 452 ustione
879 385 1093 470 praeiudicari
1113 386 1188 472 qui-

167 479 241 543 dem
263 479 389 561 putant

257 591 302 656 De
324 595 434 656 iudioio
457 595 579 671 publico
602 614 637 654 ex
659 596 726 674 lege
744 595 823 655 Iulia
841 595 877 654 de
896 595 926 655 vi
944 595 1064 670 privato
1084 614 1187 658 sermo

168 691 222 748 est.
268 687 304 746 of.
324 686 360 745 D.
375 686 427 764 48,
443 689 471 744 7.

469 837 473 842 ’
504 837 555 904 De
575 839 644 904 ime
667 839 844 923 loyutormm.

259 966 286 1030 7.
307 963 346 1029 D.
356 964 503 1046 50,7,18.
517 962 713 1047 Pomponius
729 963 814 1028 libro
828 963 1020 1048 trigensimo
1036 963 1183 1048 septimo

170 1055 209 1120 ad
230 1053 382 1130 Quintum
397 1051 548 1118 Mucium.
568 1089 606 1102 -
629 1099 658 1118 ..
678 1074 751 1117 eum
770 1053 825 1137 qui
844 1050 987 1137 legatum
1006 1051 1187 1136 pulsasset,

171 1144 309 1220 Quintus
337 1142 464 1206 Mucius
494 1140 564 1205 dedi
591 1141 754 1224 hostibus,
783 1163 918 1224 quorum
947 1144 1040 1204 erant
1069 1141 1185 1226 legati,

171 1233 285 1298 solitus
305 1236 355 1295 est
373 1229 575 1314 respondere.
604 1252 697 1314 quem
716 1230 826 1295 hostes
846 1229 874 1293 si
891 1251 958 1294 non
973 1229 1185 1312 recepissent,

170 1321 353 1406 quaesitum
376 1323 435 1401 est,
458 1340 498 1382 an
523 1318 601 1383 civis
619 1319 786 1384 Romanus
805 1321 963 1382 muneret:
987 1317 1186 1401 quibusdum

170 1407 430 1475 existimantibus
454 1429 597 1489 manere,
620 1408 691 1472 aliis
715 1411 836 1472 eontra.
852 1455 883 1472 ..

259 1531 296 1592 of.
319 1523 335 1588 I
358 1550 386 1605 p.
408 1530 458 1590 34.

462 1737 492 1801 b.
525 1735 581 1800 Ad
604 1737 662 1801 ius
685 1736 889 1820 privatum.

507 1888 534 1925 α.
562 1866 612 1925 Do
635 1865 713 1924 iure
736 1865 848 1925 civili

541 1983 591 2049 De
615 1985 807 2049 testamentis.

406 2103 651 2178 Quemadmodum
674 2109 840 2165 testamenta
861 2107 944 2178 fiunt.

260 2215 289 2280 8.
314 2212 384 2278 Gai.
401 2214 519 2294 2104.
546 2251 583 2260 -
681 2214 731 2279 his
755 2215 863 2280 verbis
885 2214 1027 2279 familiae
1052 2219 1185 2298 emptor

172 2304 287 2368 utitur:
306 2302 442 2366 ‘familia
460 2303 656 2386 pecuniaque
674 2307 731 2367 tua
746 2304 827 2368 endo
842 2304 1059 2368 mandatelam
1075 2310 1183 2369 susto-

172 2394 339 2477 delamque
358 2413 472 2470 meam,
492 2415 554 2476 quo
573 2402 608 2456 tu
627 2393 695 2456 iure
710 2399 937 2457 testamentum
951 2390 1057 2456 faeere
1072 2394 1185 2475 possis

172 2483 343 2548 seeundum
376 2482 479 2567 legem
507 2482 682 2564 publicem,
716 2481 775 2546 hoo
809 2480 902 2563 aere',
925 2485 958 2544 et
985 2482 1022 2543 ut
1049 2481 1184 2565 quidam

173 2572 317 2637 adiciunt
340 2569 512 2654 ‘senesque
535 2570 629 2652 libra,
652 2573 723 2634 esto
746 2569 826 2634 mihi
849 2568 979 2653 empta'.

322 2755 368 2813 De
385 2754 528 2827 postumis
550 2753 732 2812 instituendis
753 2754 797 2811 oei
821 2754 1034 2814 esteredmdis.

261 2873 290 2937 9.
323 2871 361 2938 D.
382 2873 440 2954 28,
460 2871 571 2957 2,29,
591 2874 620 2937 1.
661 2869 817 2937 Scaevola
844 2873 929 2936 libro
959 2876 1051 2937 sexto
1081 2871 1185 2947 Quae-

172 2961 323 3025 stionum.
348 2997 390 3008 -
417 2963 536 3044 (Gallus
564 2965 606 3025 sio
628 2984 715 3042 posse
738 2965 857 3026 institui
879 2967 1035 3041 postumus
1057 2968 1183 3042 nepotes

172 3053 302 3114 induxit:
330 3048 369 3113 ‘si
395 3053 474 3114 filius
502 3071 586 3113 meus
613 3056 681 3114 vivo
709 3074 757 3114 me
783 3054 941 3131 morietur,
968 3057 1041 3113 tuno
1066 3054 1093 3114 si
1115 3054 1183 3130 quis

172 3142 246 3200 mihi
270 3161 305 3202 ex
329 3160 363 3200 eo
385 3161 478 3218 nepos
503 3143 565 3202 sivo
588 3162 664 3218 quse
688 3143 786 3221 neptis
803 3146 872 3219 post
892 3147 1016 3203 mortem
1034 3163 1132 3203 meum
1150 3143 1184 3202 in

173 3231 274 3289 desem
301 3231 454 3290 mensibus
481 3231 634 3306 proximis,
663 3232 771 3307 quibus
796 3232 875 3292 filius
899 3235 1183 3310 memoraretur,

172 3321 263 3377 natus
290 3320 363 3377 nats
390 3319 455 3394 erit,
484 3318 606 3376 heredes
634 3312 757 3401 sunto'.)
800 3314 938 3390 Quidum
958 3363 988 3380 ..
1013 3315 1183 3380 admitten-

173 3401 249 3464 dum
273 3400 415 3480 credunt,
439 3400 567 3465 etiamsi
590 3422 655 3466 non
676 3403 835 3485 exprimat
854 3403 891 3468 de
910 3407 1015 3469 morte
1033 3404 1103 3486 filii,
1126 3402 1181 3468 sed

174 3486 364 3571 simpliciter
391 3488 557 3573 instituat.
572 3492 609 3553 ut
632 3511 669 3555 oo
693 3512 770 3555 casu
792 3493 910 3578 voleat,
932 3492 988 3577 qui
1012 3514 1050 3556 ex
1073 3491 1180 3556 verbis

174 3574 299 3657 oonoipi
323 3576 436 3657 possit.
