2568 3912
226 216 290 279 558
594 212 869 268 ADDITAMENTA.

317 378 389 442 145.
435 376 472 441 D.
501 377 531 455 2,
560 377 611 459 14,
640 376 690 459 11,
719 377 748 442 6.
796 374 917 440 Paulus
950 375 1034 440 libro
1067 377 1171 442 tertio
1201 377 1236 441 ad

195 545 198 550 Ι
228 467 375 532 edictum.
402 503 440 512 -
466 464 547 532 Cum
570 487 739 548 possessor
762 465 885 529 alienae
907 465 1101 530 hereditatis
1124 472 1237 550 pactus

227 560 287 629 est,
316 555 436 638 heredi,
465 555 493 618 11
521 554 661 637 evicerit,
688 574 791 638 neque
818 575 934 618 nocere
957 575 1060 638 neque
1084 554 1238 638 prodesse

227 644 373 729 plerique
396 645 522 728 putant.

556 767 606 832 De
623 769 659 832 in
680 769 731 832 ius
753 769 894 832 0001111110.

318 885 389 949 146.
435 881 473 949 D.
497 884 532 961 2,
553 881 584 963 4,
611 884 641 960 4,
666 883 695 947 2.
740 879 899 966 Ulpianus
931 882 1013 946 libro
1048 883 1167 965 quinto
1200 883 1238 946 ad

226 973 375 1037 edictum.
398 1007 438 1019 -
466 969 615 1058 (Praetor
647 973 705 1036 ait:
738 976 904 1054 parentem
1021 971 1055 1034 in
1087 971 1141 1035 ius
1171 971 1238 1035 sine

226 1063 383 1147 permissu
407 1083 478 1124 meo
502 1082 541 1123 ne
565 1061 636 1144 quis
660 1057 776 1147 vocet.)
809 1063 973 1144 parentem
996 1059 1049 1123 hie
1068 1060 1238 1145 utriusque

227 1172 322 1216 sexus
351 1151 472 1232 accipe,
500 1150 555 1213 sed
584 1171 626 1213 an
647 1149 681 1213 in
705 1149 866 1214 infinitum
890 1149 1063 1232 quaeritur.
1107 1148 1237 1234 quidam

226 1243 389 1324 parentem
411 1260 512 1322 usque
532 1238 572 1302 ad
588 1240 741 1303 tritavum
757 1238 913 1322 appellari
933 1237 1034 1320 aiunt,
1053 1237 1237 1320 superiores

228 1328 366 1393 maiores
390 1327 459 1392 dici.

315 1422 350 1482 01,
373 1442 403 1498 p.
427 1423 478 1482 72.

317 1514 389 1579 141.
434 1513 473 1578 D.
497 1514 527 1596 2,
550 1515 579 1595 4,
605 1512 655 1578 18.
701 1511 800 1578 Gaius
827 1512 912 1577 libro
941 1511 1045 1597 primo
1070 1511 1112 1576 ad
1132 1512 1235 1596 legem

226 1603 393 1669 duodecim
420 1603 614 1666 tabularum.
645 1639 683 1647 —
712 1600 863 1687 Plerique
890 1603 1088 1685 putaverunt
1111 1601 1235 1665 nullum

226 1692 380 1757 dedomo
404 1713 462 1755 sua
485 1689 587 1756 iuius
614 1691 723 1755 vocari
746 1691 850 1770 licere,
874 1690 950 1773 quia
973 1689 1086 1754 domus
1111 1691 1234 1756 tutissi-

225 1803 314 1845 mum
333 1781 447 1865 cuique
465 1779 625 1864 refugium
648 1784 744 1864 atque
767 1779 1004 1862 receptaculum
1023 1778 1076 1861 sit,
1100 1799 1234 1864 eumque

228 1869 283 1953 qui
305 1868 379 1934 inde
403 1869 510 1933 iuius
533 1873 677 1948 vocaret,
701 1868 766 1932 vim
790 1868 902 1932 inferri
925 1867 1035 1932 videri.

598 2018 648 2084 De
669 2020 862 2084 vadimoniis.

316 2135 388 2206 148.
433 2133 472 2198 D.
496 2135 527 2218 2,
552 2135 602 2218 10,
626 2137 654 2216 1,
678 2134 707 2198 2.
752 2132 911 2216 Ulpianus
925 2133 1010 2197 libro
1031 2134 1173 2217 septimo
1197 2133 1233 2198 ad

226 2223 374 2288 edictum.
408 2259 449 2270 -—
482 2222 603 2288 Dolum
627 2273 656 2288 ..
684 2223 806 2287 malum
838 2223 885 2287 sic
917 2222 1112 2305 accepimus,
1145 2227 1183 2286 ut
1208 2221 1233 2285 si

227 2311 299 2398 quis
341 2313 482 2377 venienti
523 2313 558 2376 iu
590 2309 657 2377 ius1
690 2311 811 2396 aliquid
843 2312 1103 2395 pronuntiaverit
1135 2312 1234 2391 triste,

224 2404 359 2487 propter
389 2402 475 2487 quod
503 2401 530 2465 is
563 2422 693 2465 necesse
720 2399 835 2464 habuit
863 2401 899 2464 ia
927 2398 994 2465 ius¹
1021 2421 1088 2464 non
1120 2401 1233 2478 venire,

225 2495 375 2556 teneatur
403 2513 441 2554 ex
467 2490 529 2555 hoc
558 2489 675 2572 edicte,
705 2488 851 2573 quamvis
876 2487 1006 2573 quidam
1034 2493 1152 2571 putent
1175 2487 1233 2552 sibi

226 2603 299 2645 eum
322 2578 483 2664 imputare
507 2579 562 2664 qui
585 2579 731 2643 credulus
754 2577 824 2642 fuit.

292 2729 342 2795 De
364 2731 566 2814 repetitoribus
588 2734 617 2793 et
633 2729 885 2812 pastinatoribus
907 2733 935 2792 et
956 2728 1176 2807 defensoribus.

316 2847 389 2911 149.
422 2844 461 2910 D.
480 2847 509 2928 3,
530 2847 560 2926 3,
579 2845 631 2911 61.
675 2843 764 2908 Idem
788 2841 846 2930 (sc.
863 2840 999 2931 Paulus)
1021 2841 1106 2907 libro
1129 2844 1233 2927 primo

227 2935 267 2998 ad
298 2933 472 3000 Plautium.
497 2971 534 2980 —
561 2932 707 2998 Plautius
736 2934 794 2997 ait:
824 2927 1023 3015 capicitatem²
1045 2931 1233 2996 damnatum

224 3044 290 3087 non
322 3022 438 3087 debere
468 3023 646 3106 conveniri,
679 3022 741 3087 nisi
770 3025 826 3085 aut
857 3021 892 3084 in
920 3042 988 3084 rem
1019 3042 1112 3084 suam
1141 3022 1232 3085 11111111

225 3113 312 3174 esset
340 3115 396 3175 aut
424 3112 594 3195 optulisset
618 3134 664 3195 se,
693 3134 764 3175 eum
791 3109 887 3174 sciret
914 3115 1042 3174 cautum
1067 3130 1133 3174 non
1160 3129 1233 3190 esse,

225 3197 374 3263 omnibus
396 3199 526 3284 placuit.

315 3287 387 3352 150.
411 3286 480 3351 Gai.
494 3289 525 3370 4,
536 3287 587 3352 84.
597 3323 640 3334 -
654 3287 849 3354 Procurator
863 3338 888 3352 ..
903 3287 1001 3353 nullis
1017 3287 1113 3352 certis
1128 3287 1232 3352 verbis

224 3377 257 3439 in
282 3374 374 3438 litem
398 3374 615 3456 substituitur,
638 3377 692 3441 sed
713 3399 751 3441 ex
775 3377 843 3442 solo
867 3377 1019 3441 mandato
1043 3381 1077 3440 et
1100 3377 1232 3441 absente

297 3518 311 3565 1
333 3512 408 3568 Trib.
427 3513 464 3566 ad
481 3511 622 3568 iudicium.

297 3588 313 3637 2
334 3583 409 3640 Trib.
428 3585 644 3652 procuratorem.
