2590 3902
158 216 222 281 326
259 217 292 273 V.
311 215 460 271 NERVAE
479 214 526 270 ΕΤ
545 215 697 271 TRAIANI
715 215 823 272 TEMP.
841 216 936 272 IURIS
956 216 1136 274 CONSULTI

157 380 263 446 censis
265 383 412 464 tutore,
375 379 519 445 utmihi
547 381 673 445 ceteris
688 380 835 465 partibus
863 380 1037 465 redemptis
1065 381 1165 446 etiam

156 473 248 534 tuam
276 473 400 554 partem
428 472 537 552 praest
538 490 592 534 are
620 469 746 536 debeas.
792 469 897 534 sed
871 491 899 534 sr
922 469 1050 554 quidem
1075 474 1165 535 certo

157 558 262 641 pretio
282 558 431 623 emendas
446 579 500 622 eas
515 558 744 642 mandaverim,
761 558 1008 643 quanticumque
1024 558 1165 623 aliorum

156 651 266 731 partes
289 646 474 730 redemeris,
501 647 547 711 sic
571 650 604 711 et
626 650 683 712 tua
704 669 779 731 pars
803 647 1015 732 coartabitur,
1038 651 1166 713 utnon

157 735 300 801 abundet
322 735 466 801 mandati
489 735 715 820 quantitatem,
738 737 772 799 in
795 757 890 820 quam
915 736 976 801 tibi
995 736 1165 802 emendum

156 827 261 898 totum
294 825 460 906 mandavi3
492 825 543 889 sin
576 829 684 890 autem
715 823 805 889 nullo
838 827 926 890 certo
957 825 1060 909 pretio
1088 847 1165 890 con·

156 913 271 980 stituto
298 935 401 979 emere
425 912 486 979 tibi
509 913 728 978 mandaverim
750 916 850 997 tuque
873 935 912 978 ex
935 913 1069 979 diversis
1093 936 1162 998 pre-

158 1001 213 1068 tiis
236 1006 345 1088 partes
369 1006 549 1069 ceterorum
572 1002 757 1084 redemeris,
785 1006 818 1065 et
840 1006 930 1067 tuam
953 1005 1079 1086 partem
1103 1003 1167 1068 viri

158 1091 236 1157 boni
261 1092 421 1159 arbitratu
444 1091 615 1156 aestimato
637 1089 742 1177 pretio
766 1090 835 1155 dari
859 1095 994 1177 oportet

327 1269 377 1336 Dc
399 1269 561 1334 mustene
583 1269 663 1334 inter
684 1269 785 1334 viram
807 1273 836 1334 et
856 1288 990 1334 acorem.

245 1385 297 1450 42.
321 1384 362 1451 D.
375 1386 428 1467 24,
443 1387 472 1469 1,
486 1385 538 1450 44.
570 1383 737 1452 ‘Neratius
759 1384 844 1449 libro
868 1384 980 1468 quinto
1003 1381 1166 1448 Membra·

154 1495 278 1540 narum.
305 1471 402 1539 -Si
430 1478 600 1538 extraneus
627 1495 696 1538 rem
723 1473 785 1539 viri
811 1473 966 1557 ignorans
995 1473 1062 1537 eius
1092 1493 1165 1537 esse

156 1563 323 1647 ignoranti
345 1562 447 1646 uxori,
471 1584 508 1628 ac
531 1584 571 1627 ne
594 1563 663 1626 viro
687 1561 815 1646 quidem
839 1561 958 1626 sciente
981 1583 1052 1626 earn
1072 1582 1165 1626 suam

157 1673 237 1735 esse,
260 1651 437 1734 donaverit,
459 1651 573 1716 mulier
595 1654 681 1716 recte
705 1672 775 1716 earn
798 1650 974 1734 usucapiet.
1015 1649 1164 1734 idemque

154 1741 233 1804 iuris
257 1741 331 1822 erit,
358 1740 385 1804 si
408 1739 446 1823 is,
469 1740 523 1824 qui
546 1740 580 1804 in
603 1742 764 1824 potestate
787 1739 848 1805 viri
871 1743 949 1823 erat,
972 1737 1104 1804 credens
1127 1760 1164 1803 se

155 1832 281 1912 patrem
308 1828 450 1893 familias
478 1850 548 1893 esse
576 1829 667 1894 uxori
693 1828 796 1913 patris
824 1827 1001 1893 donaverit
1047 1826 1102 1892 sed
1133 1829 1163 1892 si

154 1917 204 1982 vir
231 1918 377 1982 rescierit
404 1939 495 1982 suam
521 1938 590 1981 rem
618 1938 701 2001 esse,
728 1918 917 2003 priusquam
945 1915 1164 2001 usucapiatur,

153 2005 378 2090 vindicareque
406 2026 475 2069 eam
502 2010 561 2089 pot
547 2006 623 2069 terit
649 2027 707 2070 nec
734 2006 882 2071 rolett
849 2009 882 2070 et
907 2006 1023 2071 hocet
1046 2005 1163 2070 mulier

154 2095 322 2177 noverit,
311 2097 565 2177 interrumpetur
589 2094 758 2197 possessio,
783 2094 858 2196 quia
881 2093 1043 2160 transiit
1033 2116 1069 2158 ιιι
1087 2116 1161 2159 can·

156 2204 226 2247 sam
250 2183 290 2248 ab
315 2204 352 2248 eo
375 2182 442 2247 fact
428 2187 480 2247 tae
505 2182 698 2247 donationis.
738 2184 840 2266 ipsius
863 2182 1007 2250 mulieris
1026 2183 1163 2248 scientia

155 2271 289 2356 propius
317 2273 446 2350 estut
431 2271 598 2335 tnullum
626 2271 834 2355 adquisitioni
861 2272 995 2338 dominii
1018 2272 1085 2337 eius
1109 2271 1165 2336 ad·

154 2361 240 2426 ferat
266 2359 545 2445 impedimentum
573 2381 637 2425 non
665 2361 751 2425 enim
774 2362 960 2427 omnimodo
983 2382 1098 2426 uxores
1123 2382 1162 2425 ex

154 2449 249 2516 bonis
268 2449 420 2532 virorum,
443 2449 499 2514 sed
519 2471 558 2514 ex
576 2471 674 2515 causa
692 2449 877 2516 donationis
898 2451 938 2516 ab
957 2449 1037 2533 ipsis
1056 2448 1162 2515 factae

155 2538 323 2624 adquirere
345 2538 529 2623 prohibitae
552 2542 637 2604 sunt.

560 2716 610 2782 De
631 2718 758 2782 iniuria.

242 2823 295 2888 43.
319 2821 358 2887 D.
372 2823 413 2887 47
417 2873 425 2905 ,
441 2824 491 2907 10,
506 2824 558 2888 41.
594 2823 747 2889 Neratius
765 2822 848 2888 libro
868 2822 982 2907 quinto
1001 2821 1162 2888 Membra·

154 2932 279 2975 narum.
305 2946 342 2956 -
370 2909 473 2994 Pater,
497 2912 585 2977 cuius
609 2911 676 2977 filio
699 2911 787 2975 facta
808 2915 857 2975 est
875 2910 1000 2997 iniuria,
1023 2914 1161 2975 nonest

155 2998 387 3082 impediendus,
415 3021 477 3083 quo
504 3001 611 3065 minus
640 3000 763 3065 duobus
791 2999 916 3064 iudiciis
944 3004 978 3064 et
999 3021 1091 3065 suam
1114 2999 1161 3064 in-

156 3086 272 3151 iuriam
294 3093 504 3171 persequatur
528 3091 561 3152 et
583 3087 651 3152 filii.
1166 3099 1168 3106 ’

243 3196 279 3256 cf.
299 3194 363 3255 aar.
380 3198 408 3274 a,
424 3198 496 3256 ιιι.

375 3366 425 3433 De
447 3368 634 3450 adpaircndo
656 3390 761 3435 reram
782 3370 943 3436 dominio?

236 3473 296 3549 44.
318 3480 357 3547 Ι).
372 3485 423 3566 41,
440 3486 468 3567 1,
485 3484 534 3548 14.
579 3482 732 3551 Neratius
755 3485 839 3551 libro
864 3486 976 3571 quinto
999 3485 1159 3551 Membra·

155 3592 277 3637 narum.
303 3607 341 3619 -
368 3571 460 3650 Quod
483 3573 517 3637 in
540 3571 634 3638 litore
658 3574 975 3661 quis-aedificaverit,
998 3575 1065 3642 eius
1084 3577 1159 3659 erit;
