2568 3912
204 246 249 300 lV.
271 245 367 311 Quen
386 245 552 301 RECEPTA
571 246 673 316 SUNT,
692 245 931 302 Pnacunauur
950 246 1027 302 ETC.
1056 247 1121 312 583

203 410 255 474 47.
292 408 330 474 D.
350 409 425 474 ibid.
444 409 497 492 28,
519 411 545 473 1.
564 447 609 457 -
631 407 667 474 Si
688 431 797 474 servus
821 411 998 475 communis
1022 433 1061 475 ex
1083 433 1119 475 re
1156 478 1160 486 ,

114 498 208 562 unius
240 497 413 581 stipulatus
446 498 520 581 erit,
551 497 656 581 magis
679 499 801 581 placuit
822 499 952 584 utrique
985 499 1121 584 adquiri,

113 586 170 650 sed
197 609 282 669 eum,
307 587 395 650 cuius
423 585 628 651 antefacta
655 591 705 652 est
732 587 913 672 stipulatio,
936 610 1009 653 cum
1033 588 1121 653 socio

114 675 276 740 communi
313 674 487 740 dividundo
526 680 581 739 aut
617 675 781 740 societatis
808 675 923 741 iudicio
956 677 994 741 de
1026 681 1121 760 parte

112 763 321 847 reciperando
343 767 428 828 recte
452 767 610 850 acturum3
633 763 780 848 idemque
804 785 874 829 esse
897 765 1064 829 dicendum
1088 769 1122 829 et

112 852 141 917 si
165 873 203 916 ex
229 853 335 935 operis
359 853 425 917 suis
449 852 543 916 alteri
567 873 605 916 ex
628 852 766 917 dominis
790 875 900 918 servus
925 854 1075 938 adquirit.

201 951 254 1015 48.
282 947 350 1014 Gai.
375 950 404 1032 3,
429 950 501 1015 114.
524 985 568 996 -
596 1001 629 1015 ..
653 971 764 1014 servus
788 949 1015 1033 adstipulando
1039 951 1121 1015 nihil

112 1038 190 1122 agit,
219 1038 364 1123 quamvis
393 1059 432 1102 ex
460 1039 575 1104 ceteris
604 1038 752 1103 omnibus
777 1039 881 1104 causis
911 1039 1122 1122 stipulatione

113 1127 244 1192 domino
277 1126 434 1210 adquirat.
482 1127 567 1191 idem
600 1127 638 1191 de
666 1148 703 1191 eo
732 1127 787 1211 qui
813 1128 846 1192 in
874 1128 1034 1211 mancipio
1064 1131 1122 1211 est,

112 1215 217 1299 magis
242 1216 376 1299 placuit3
398 1238 474 1279 nam
498 1219 531 1280 et
552 1217 580 1280 is
604 1217 688 1280 servi
710 1217 781 1281 loco
805 1219 862 1280 est.

127 1346 142 1380 a
201 1313 253 1378 49.
299 1313 369 1379 Gai.
398 1314 436 1396 3,-
459 1313 530 1378 158.
555 1348 596 1358 —
705 1315 898 1398 generaliter
929 1313 1051 1398 placuit
1079 1312 1120 1378 ab
1185 1355 1189 1366 ι

112 1400 241 1480 heredis
264 1423 403 1486 persona
427 1402 657 1486 obligationem
680 1402 820 1486 incipere
844 1425 909 1468 non
931 1424 1036 1486 posse.

443 1597 495 1663 De
515 1599 561 1662 rei
583 1597 793 1662 vindicatione.

201 1720 253 1785 50.
289 1719 328 1786 Ι).
352 1722 381 1800 6,
407 1724 434 1806 1,
457 1720 509 1786 56.
541 1719 631 1785 Idem
662 1718 719 1808 (sc.
741 1718 901 1808 Iulianus)
924 1721 1007 1787 libro
1031 1722 1122 1806 quin·

111 1809 323 1893 quagensimo
347 1815 461 1876 octavo
484 1809 701 1894 Digestorum.
727 1845 769 1856 -
788 1809 973 1876 Vindicatio
995 1833 1061 1876 non
1084 1815 1121 1876 ut

112 1898 230 1982 gregis,
253 1899 301 1963 ita
322 1899 355 1962 et
376 1898 494 1984 peculii
517 1902 646 1982 recepta
669 1901 727 1963 est.

200 1995 252 2060 51.
299 1995 369 2061 Gai.
392 1997 423 2078 2,
447 1995 498 2062 11.
528 2032 565 2043 -
602 1996 690 2072 Quae
713 1997 861 2080 publicae
890 2001 974 2083 sunt,
1000 1997 1121 2062 nullius

108 2085 261 2149 videntur
284 2084 318 2149 in
341 2084 435 2150 bonis
459 2106 541 2150 esse:
566 2085 668 2170 ipsius
694 2084 777 2149 enim
804 2086 1025 2152 universitatis
1051 2107 1122 2152 esse

110 2173 294 2237 creduntur.
1034 2196 1038 2206 x

346 2295 396 2361 Dc
418 2298 605 2378 adquirendo
627 2318 731 2363 reram
753 2299 898 2364 domimo.

79 2455 85 2464 ·
202 2427 253 2492 52.
286 2425 356 2496 Gai.
380 2428 409 2510 2,
433 2429 484 2493 91.
516 2467 560 2476 -
587 2427 641 2493 ΒΘ
671 2429 722 2494 his
746 2478 780 2496 ..
804 2430 903 2494 servis
935 2430 969 2494 in
1001 2431 1119 2515 quibus

111 2518 242 2581 tantum
270 2515 503 2582 usumfructum
531 2516 702 2602 habemus,
729 2517 777 2582 ita
803 2517 938 2602 placuit,
966 2521 1003 2581 ut
1030 2518 1136 2602 quid·.

110 2605 190 2690 quid
219 2627 257 2670 cx
288 2626 322 2668 re
354 2607 466 2669 nostra
497 2606 548 2669 vel
577 2627 615 2670 ex
643 2606 750 2690 operis
778 2606 845 2670 suis
874 2605 1059 2690 adquirant,
1086 2607 1119 2672 id

105 2694 206 2759 ,nobis
243 2693 445 2778 adquiratu13
477 2693 563 2778 quod
598 2715 673 2759 vero
710 2697 801 2758 extra
834 2716 887 2758 cas
920 2715 1050 2778 causas,
1086 2696 1120 2760 id

110 2783 153 2847 ad
178 2782 344 2847 dominum
368 2782 577 2866 proprietatis
597 2783 769 2866 pertineat.

200 2879 251 2946 53.
277 2878 347 2944 Gai.
371 2880 402 2965 2,
425 2879 477 2943 92.
503 2916 541 2926 -
562 2878 652 2944 Idem
670 2881 778 2964 placet
796 2880 833 2944 de
854 2901 891 2945 eo
911 2881 967 2964 qui
986 2903 1005 2944 a
1023 2882 1117 2948 nobis

111 2969 198 3033 bona
220 2969 283 3033 fide
305 2968 497 3053 possidetur,
521 2967 587 3033 sive
605 2968 687 3032 liber
706 2969 749 3032 sit
769 2969 837 3034 sive
856 2969 978 3034 alienus
999 2992 1118 3036 servus.

110 3058 197 3142 quod
226 3058 312 3122 enim
344 3058 466 3141 placuit
494 3057 532 3121 dc
560 3057 814 3140 usufructuario,
846 3057 932 3123 idem
963 3059 1119 3142 probatur

111 3145 211 3210 etiam
237 3146 274 3211 de
299 3147 402 3211 bonae
425 3145 499 3210 fidei
521 3168 716 3230 possessore.

201 3243 253 3308 54.
280 3243 351 3315 Gai.
374 3245 404 3328 3,
429 3244 499 3308 166.
521 3279 560 3289 -
587 3292 617 3309 ..
640 3244 695 3328 qui
718 3244 838 3309 nudum
866 3245 916 3310 ius
945 3244 1118 3321 Quiritium

110 3333 146 3396 in
175 3353 267 3397 servo
294 3331 402 3415 habet,
430 3333 506 3398 licet
529 3332 676 3398 dominus
701 3333 754 3420 sit,
776 3333 882 3398 minus
906 3337 1014 3398 tamen
1039 3335 1117 3398 iuris

110 3421 146 3484 in
174 3441 212 3485 ea
243 3441 277 3484 re
305 3420 424 3485 habere
452 3420 652 3506 intellegitur
681 3443 777 3507 quam
804 3421 1060 3486 usufructuarius
1086 3424 1118 3485 et

111 3510 215 3574 bonae
243 3507 317 3573 fidei
346 3531 522 3593 possessor.
567 3532 642 3574 nam
664 3511 771 3594 placet
794 3532 833 3574 ex
855 3509 944 3572 nulla
968 3530 1063 3572 causa
1088 3509 1117 3570 ei

111 3597 237 3681 adquiri
260 3619 364 3683 posse.
