2614 3912
418 229 445 276 4.
466 223 498 277 1..
516 220 698 278 NERATIUS
715 221 863 278 PRISGUS
1080 221 1146 286 349

134 392 265 454 curator
286 408 341 452 eos
359 407 426 450 non
444 385 514 449 eius
532 384 663 450 nominc
680 385 814 470 accepit,
835 386 926 450 cuius
944 406 1000 450 cos
1018 383 1147 451 debitor

133 476 204 541 fieri
239 476 323 556 vult,
360 478 393 538 et
428 473 533 540 invito
564 473 696 539 domino
727 495 783 539 cos
815 473 1045 540 contrectando
1077 475 1146 540 sine

134 566 232 630 dubio
250 564 373 629 furtum
391 562 481 627 facit
518 561 604 648 quod
623 563 651 627 si
668 563 715 626 ita
733 563 788 627 det
805 561 943 646 debitor,
967 568 1004 628 nt
1021 563 1147 628 nummi

133 655 351 740 procuratoris
374 651 470 736 fiant,
493 652 585 717 nullo
608 651 704 717 modo
728 672 802 716 eum
825 651 948 717 furtum
970 651 1077 718 facere
1100 653 1148 718 ait

133 745 302 809 voluntate
324 740 448 806 domini
471 763 526 806 eos
549 738 743 825 accipiendo.

495 917 546 984 De
567 917 628 1002 lepc
649 919 790 1002 Aquilia.

222 1046 277 1111 48.
304 1043 344 1108 D.
357 1043 388 1123 9,
401 1043 432 1124 2,
446 1044 489 1108 23
499 1066 546 1128 pr.
590 1041 752 1128 Ulpianus
778 1043 862 1108 libro
885 1051 1001 1108 octavo
1024 1042 1147 1109 decimo

135 1135 176 1199 ad
198 1134 340 1199 edictum
362 1128 413 1218 (P.
427 1132 518 1219 616).
543 1167 581 1179 -
606 1131 812 1198 ..Neratius
835 1131 961 1210 scribit,
984 1132 1012 1196 si
1035 1153 1147 1198 servus

134 1223 228 1289 heres
260 1221 431 1287 institutus
464 1221 589 1286 occisus
622 1220 679 1305 sit,
710 1222 808 1286 etiam
834 1219 1024 1286 hereditatis
1052 1221 1147 1286 aesti-

133 1313 313 1379 mationem
335 1309 453 1375 venire.

224 1406 262 1466 ci.
276 1404 342 1465 Gai
357 1406 387 1482 3,
402 1405 476 1463 212.
512 1398 587 1463 ‘Nec
610 1404 710 1464 solum
732 1422 841 1481 corpus
863 1403 896 1463 in
918 1402 1035 1464 actione
1057 1402 1148 1464 huius

135 1495 213 1573 legis
241 1494 433 1570 aestimatum
461 1492 514 1552 sed
541 1510 612 1552 sane
640 1493 776 1554 siserw
800 1493 896 1554 occiso
918 1492 988 1569 plus
1011 1491 1148 1552 dominus

136 1585 237 1658 capiat
263 1582 365 1642 damni
391 1600 482 1659 quam
508 1580 641 1658 pretium
669 1583 748 1641 servi
774 1582 828 1658 sit,
855 1580 887 1640 id
914 1600 1032 1659 quoque
1057 1581 1148 1640 aesti-

137 1675 252 1746 matur,
278 1671 374 1731 veluti
401 1671 427 1729 si
454 1688 560 1731 servus
588 1688 673 1730 meus
696 1669 734 1730 ab
757 1670 858 1748 aliquo
881 1671 968 1730 heres
991 1669 1149 1730 institutus

139 1763 299 1836 antequam
320 1760 405 1819 iussu
428 1778 494 1820 meo
517 1759 715 1818 hereditatem
738 1761 883 1837 cerneret,
905 1759 1020 1820 occisus
1043 1758 1149 1836 inerit3

137 1867 198 1908 non
219 1850 301 1908 enim
322 1851 443 1908 tantum
465 1847 559 1924 ipsius
582 1848 714 1925 pretium
736 1849 922 1926 aestimatur,
944 1849 995 1908 sed
1015 1851 1046 1909 et
1063 1849 1148 1908 bere·

137 1939 241 1998 ditatis
263 1937 391 1998 amissae
414 1930 589 2015 quantitas’.

225 2039 278 2105 49.
312 2037 350 2105 D.
369 2038 399 2118 9,
414 2039 443 2116 2,
458 2037 489 2120 9,
503 2039 533 2103 2.
583 2037 744 2123 Ulpianus
771 2037 856 2103 libro
883 2044 997 2107 octavo
1026 2038 1149 2105 decimo

137 2127 178 2193 ad
205 2128 348 2194 edictum
371 2126 420 2210 (P.
435 2123 539 2211 6142).
566 2163 605 2175 —
631 2125 666 2192 Si
693 2126 764 2211 quis
791 2128 956 2194 hominem
982 2128 1069 2194 fame
1095 2149 1149 2193 ne-

138 2217 274 2294 caverit,
297 2215 332 2280 in
353 2215 476 2282 factum
498 2215 624 2282 actione
647 2217 751 2281 teneri
774 2215 929 2282 Neratius
952 2217 1007 2282 eit

227 2311 264 2371 cf.
279 2308 344 2370 Gai.
360 2312 389 2388 3,
404 2311 477 2371 219.
519 2305 673 2371 ‘Ceterum
695 2310 811 2387 placuit
832 2310 877 2370 itu
900 2310 1018 2370 demum
1037 2329 1073 2371 ex
1090 2311 1151 2371 ista

137 2400 204 2477 lege
228 2399 377 2459 actionem
398 2417 471 2476 esse,
495 2400 521 2458 si
544 2398 611 2476 quis
634 2417 757 2474 corpore
780 2417 834 2459 suo
858 2399 1000 2458 damnum
1019 2398 1150 2476 dederit;

138 2489 266 2566 ideoque
298 2488 358 2548 alio
390 2489 478 2548 modo
510 2487 618 2548 damno
651 2488 721 2548 dato
755 2487 843 2548 utiles
871 2487 1003 2549 actiones
1031 2488 1150 2564 dantur,

139 2578 233 2637 veluti
260 2577 286 2637 si
314 2577 380 2654 quis
407 2577 542 2636 alienum
568 2576 719 2636 bominem
834 2576 991 2636 incluserit
1017 2579 1048 2635 et
1070 2571 1149 2636 lame

138 2667 291 2727 necaverit
313 2659 377 2726 ...'

228 2767 294 2832 50⁵.
327 2765 442 2832 Oollat
464 2767 514 2849 12,
535 2767 564 2850 7,
584 2767 613 2831 7.
663 2765 823 2850 Ulpianus
851 2767 936 2833 libro
964 2765 1077 2832 XVIII
1110 2767 1151 2832 ad

141 2856 280 2922 edictum
383 2891 427 2902 —
456 2853 491 2921 si
516 2856 600 2922 forte
628 2876 754 2940 servus,
781 2855 837 2940 qui
863 2854 948 2920 idem
975 2855 1150 2922 conductor

142 2948 205 3028 est,
236 2944 344 3011 coloni
376 2945 416 3010 ad
448 2943 614 3010 fornacem
646 2943 860 3011 obdormisset
887 2947 919 3009 et
947 2944 1025 3010 villa
1051 2944 1151 3012 fuerit

141 3040 264 3118 exusta,
285 3031 440 3099 Neratius
460 3033 573 3100 scribit
591 3056 629 3098 ex
647 3033 754 3099 locato
773 3037 967 3098 conventum
985 3038 1150 3119 praestare

141 3122 272 3206 debere,
295 3123 323 3187 si
345 3123 522 3209 neglegens
544 3122 580 3187 in
602 3122 766 3209 elegendis
790 3121 981 3188 ministeriis
1004 3123 1073 3188 luit.

230 3225 299 3296 50¹³.
325 3229 364 3296 D.
379 3229 409 3313 9,
423 3231 453 3313 2,
468 3230 521 3312 27,
534 3229 564 3296 9.
605 3229 765 3315 Ulpianus
786 3229 870 3296 libro
895 3233 1008 3296 octavo
1027 3229 1150 3297 decimo

142 3310 190 3384 ad
210 3318 350 3384 edictum
372 3314 422 3405 (P.
437 3315 524 3404 623).
551 3354 589 3365 -
617 3316 652 3384 Si
678 3317 878 3384 fornacerius
908 3339 1018 3384 servus
1045 3318 1152 3386 coloni

143 3407 184 3471 ed
199 3407 362 3473 fornacem
376 3407 593 3473 obdormisset
607 3407 731 3472 civille
745 3405 843 3472 fuerit
857 3411 979 3492 exusta,
998 3407 1149 3474 Neratius

143 3495 257 3562 scribit
276 3518 315 3560 ex
332 3496 440 3562 locato
459 3500 653 3562 conventum
671 3499 835 3582 praestare
854 3495 978 3580 debere,
997 3496 1025 3561 si
1043 3497 1150 3581 negle-

143 3605 223 3669 gens
246 3584 281 3649 in
305 3584 463 3670 eligendis
486 3585 673 3650 ministeriis
696 3584 766 3650 fuit.
