2570 3904
164 232 206 294 36
235 233 281 288 III.
296 232 372 288 GAII
386 234 534 288 CLAUDII
549 235 684 291 NERON.
696 236 1176 295 1111111111111111011.

372 441 418 498 Dc
440 441 552 499 locrcdis
573 443 750 500 institutione
772 444 969 502 condicionali.

254 566 282 629 3.
306 562 345 626 D.
357 560 447 638 311,
460 559 489 643 6,
501 559 529 622 1.
571 559 769 642 Pomponius
793 559 876 625 libro
900 561 996 626 tertio
1021 561 1060 626 ad
1084 560 1179 626 Sabi-

164 675 241 717 num
261 649 309 738 (P.
322 646 413 736 423).
435 684 472 695 -
494 643 557 732 (Si
581 669 690 713 servos
714 653 818 713 certos
837 649 908 732 quis
927 651 1179 734 manumisisset,

164 742 258 806 heres
279 740 474 805 1111111111
494 741 571 801 erat.
609 736 800 821 quibusdam
820 759 858 802 ex
878 739 928 802 bis
948 745 1023 803 11111
1043 741 1178 805 mortuis

257 852 329 894 cum
356 828 402 890 ita
432 830 518 890 esset
546 826 715 910 seriptum:
749 825 790 890 ‘si
816 826 886 890 filia
913 831 946 891 et
973 835 1077 892 mater
1104 851 1180 892 mea

164 918 285 984 vivent'
313 919 415 982 altera
442 915 508 978 iam
537 919 667 978 mortua
693 913 749 1000 ..')
774 913 911 979 Sabinus
936 965 964 980 ..
988 923 1020 981 11
1043 915 1178 983 Cassius

164 1007 258 1092 quasi
275 1004 493 1090 impossibiles
508 1025 562 1068 eas
577 1002 779 1068 condiciones
794 1005 828 1068 in
842 1009 1037 1070 testamento
1052 1007 1178 1090 positas

163 1119 223 1182 pro
246 1118 312 1161 non
336 1094 465 1177 seriptis
490 1113 569 1156 esse.

451 1276 497 1334 Dc
519 1276 716 1334 substitutione
733 1276 887 1348 pupillari.

250 1399 282 1462 4.
301 1396 339 1460 D.
348 1397 403 1481 42,
412 1393 443 1477 5,
452 1393 506 1460 28.
535 1391 709 1457 Iavolenus
723 1393 808 1459 libro
822 1394 928 1478 primo
942 1394 1177 1478 Epistularum.

163 1523 205 1534 -
229 1485 327 1551 Pater
355 1484 496 1550 familias
523 1482 683 1565 impuberi
710 1482 793 1566 filio,
821 1483 849 1548 si
877 1489 951 1548 anta
974 1485 1177 1568 pubertatem

164 1576 368 1652 decessisset,
396 1573 564 1637 substituit
590 1571 742 1659 heredem
852 1594 902 1640 me
930 1572 1011 1637 illud
1037 1573 1177 1639 maxime

164 1667 284 1744 movet,
320 1661 405 1747 quod
441 1660 705 1746 praeceptoribus
738 1661 803 1725 tuis
834 1662 941 1746 placet
973 1684 1071 1727 unum
1104 1685 1176 1728 esse

163 1755 403 1816 testamentum.

251 1861 351 1921 Verba
374 1865 443 1920 sunt
467 1860 530 1919 eius
553 1861 604 1935 qui
627 1860 807 1919 Javolenum
831 1864 933 1921 consul
956 1863 988 1921 ’1.
1063 1847 1067 1862 ’

419 2056 465 2113 Dc
482 2059 617 2128 postumo
640 2056 739 2114 herode
761 2058 917 2116 scribendo.

253 2174 282 2239 5.
310 2172 349 2238 D.
364 2174 420 2254 28,
434 2175 469 2257 2,
483 2175 561 2258 Cpr.
607 2172 766 2256 Ulpianus
794 2176 877 2240 libro
901 2175 998 2240 tertio
1023 2177 1061 2240 ad
1087 2175 1178 2244 Sabi·

164 2285 242 2328 num
263 2258 313 2350 (P.
323 2259 435 2348 2445).
455 2299 495 2309 -
512 2311 537 2328 ..
556 2265 606 2326 est
625 2263 815 2347 quaesitum,
834 2285 875 2328 111
893 2265 931 2348 is,
950 2264 1002 2348 qui
1022 2287 1178 2351 generare

163 2352 257 2417 facile
290 2373 357 2416 non
389 2353 506 2437 possit,
538 2356 725 2435 postumum
752 2351 902 2417 heredem
930 2353 1033 2418 facere
1062 2358 1177 2441 possit,

164 2447 197 2506 et
226 2441 338 2506 scribit
362 2438 493 2504 Cassius
601 2461 708 2524 posse,
738 2462 814 2504 nam
842 2446 874 2505 et
901 2463 1033 2506 uxorem
1061 2445 1177 2510 ducere

164 2537 197 2596 et
216 2531 370 2614 adoptare
389 2533 506 2614 potest.
544 2529 718 2611 spadonem
738 2549 865 2613 quoque
879 2552 974 2614 posse
988 2535 1175 2615 postumum

161 2619 312 2684 heredem
329 2621 467 2685 seribere
482 2622 515 2683 et
529 2617 637 2683 Labeo
653 2621 685 2682 et
700 2616 831 2684 Cassius
846 2620 998 2701 scribunt,
1022 2621 1177 2704 quoniam

164 2730 223 2774 nec
247 2713 336 2774 aetas
359 2730 419 2774 nec
443 2709 598 2774 sterilitas
622 2706 652 2772 ei
674 2707 721 2771 rei
743 2707 974 2792 impedimento
999 2716 1056 2774 est.

584 2943 692 3002 Liber
714 2943 753 3001 H.

441 3076 491 3142 Dc
512 3076 676 3142 hereditate
698 3079 898 3160 adquirendo.

568 3207 615 3265 Dc
638 3210 765 3268 coctione.

253 3325 281 3390 6.
305 3322 343 3388 D.
354 3325 445 3409 216,
456 3326 486 3410 3,
498 3325 526 3389 1.
571 3325 768 3410 Pomponius
791 3327 875 3393 libro
898 3330 995 3394 tertio
1019 3331 1059 3394 ad
1083 3329 1175 3398 Sabi·

163 3435 241 3478 num
262 3408 311 3500 (P.
329 3412 420 3500 416).
446 3451 484 3460 -
510 3463 540 3479 ..
560 3412 691 3479 Cassius
710 3417 927 3499 ignorantiam
947 3417 1102 3484 Sabinum
1126 3421 1175 3486 ita

164 3502 381 3586 accipiendam
401 3503 600 3570 existimasse
619 3503 717 3569 refert
734 3527 799 3570 non
820 3506 977 3591 deperditi
991 3513 1024 3572 et
1037 3511 1174 3576 nimium

164 3593 266 3656 securi
288 3591 438 3658 hominis.
