2570 3904
101 206 120 256 1.
130 201 316 260 CARTILIUS.
328 237 361 246 -
378 212 401 259 2.
417 207 500 262 Vna.
510 206 701 263 LUCULLUS.
713 240 746 249 —-
757 215 782 264 3.
793 208 890 264 COCC.
900 209 1035 267 NERVA.
1068 214 1089 277 5

101 363 219 432 Varium
232 367 403 433 Lucullum
423 369 595 454 aliquando
614 370 786 457 dubitasse,
811 373 867 437 sed
889 375 995 439 verius
1020 396 1089 440 esse

100 475 152 519 non
170 456 300 541 adquiri,
319 457 448 522 etiamsi
466 462 605 524 testator
623 458 664 523 ad
681 481 731 524 me
745 460 903 526 voluisset
920 463 1088 547 periinere.

234 771 274 853 3.
311 779 359 850 Μ.
388 778 609 852 eudemus
637 781 804 854 NERVA
831 781 878 856 M.
905 783 943 855 F.

171 939 209 996 M.
233 937 348 999 Coeeeii
370 940 487 1002 Nervae
514 937 596 1019 (ΠΙ
623 963 652 1018 p.
671 934 751 1024 300)
773 943 867 1022 filius,
894 946 980 1020 pater
1002 963 1087 1020 prae-

33 1025 34 1080 ]
97 1027 160 1086 loris
193 1027 341 1104 designati
375 1030 444 1088 anni
473 1032 513 1089 65
543 1030 732 1106 eiusdemque
764 1034 870 1107 postea
901 1033 1090 1109 imperatoris

33 1161 34 1196 q
98 1106 327 1194 (Orelli-Hennae
351 1119 451 1194 54333
478 1118 600 1178 Pernioe
622 1120 743 1197 Enoyel.
766 1140 794 1195 p.
816 1114 902 1198 153),
925 1121 999 1180 iuris
1022 1141 1090 1180 oon-

33 1199 34 1276 ᾗ
99 1203 183 1264 sullus
202 1205 255 1282 qui
273 1210 303 1264 el
321 1207 526 1282 respondendo
545 1211 576 1266 ei
589 1209 675 1268 libris
689 1208 851 1268 scribendis
866 1227 987 1285 operam
1000 1209 1090 1286 dedit,

33 1281 34 1290 ’
98 1291 137 1349 eui
158 1312 175 1352 a
196 1294 324 1370 posteris
348 1288 460 1355 ‘Nerva
482 1291 574 1356 filius'
597 1316 761 1375 cognomen
783 1296 911 1357 inditum
935 1300 990 1357 esi.

171 1382 207 1442 In
238 1384 393 1444 sententiis
425 1403 499 1461 quae
531 1386 707 1461 traduntur,
738 1388 859 1446 seculus
892 1388 938 1445 est
970 1383 1092 1444 Ofilium

98 1459 138 1545 (l).
151 1473 200 1546 41,
216 1473 243 1549 2,
260 1474 322 1542 1‚3
347 1465 465 1531 ‘Ofilius
489 1477 569 1532 ..el
591 1475 692 1534 Nerva
714 1475 795 1534 filius
891 1467 1013 1553 aiunff),
1035 1474 1092 1532 Le-

97 1553 206 1618 beonem
221 1551 449 1640 (D.41‚2,3,14
463 1555 576 1623 ‘Labeo
591 1566 622 1622 et
631 1563 732 1624 Nerva
744 1563 825 1622 filius
838 1556 1091 1642 responderunl'),

33 1635 35 1710 i
98 1642 183 1718 ipsum
199 1652 320 1708 secutus
335 1653 381 1708 est
393 1649 528 1726 Pegasus
548 1642 598 1732 (D.
614 1654 642 1725 3,
659 1654 687 1730 2,
703 1655 731 1728 2,
747 1653 765 1711 5
785 1645 933 1728 ‘Pegasus
947 1654 978 1711 el
991 1651 1092 1711 Nerva

33 1785 34 1788 ,
98 1730 165 1794 filius
188 1730 440 1820 responderuni').
486 1738 627 1798 laudatur
659 1759 677 1798 a
705 1739 779 1801 Gaio
811 1740 895 1800 libris
924 1741 959 1799 de
986 1759 1091 1799 manu·

33 1881 34 1884 ,
98 1822 282 1904 missionibus,
306 1845 324 1885 a
347 1826 493 1887 Venuleio
517 1827 602 1888 libris
621 1828 863 1905 Slipulalionum‚
887 1847 905 1887 a
926 1829 1091 1904 Papiniano

33 1907 34 1914 ’
97 1909 169 1971 libris
186 1913 410 1991 Quaestionum,
433 1935 451 1975 a
469 1916 563 1977 Paule
584 1919 614 1976 ei
632 1915 769 1995 Ulpiano,
793 1917 882 1994 idque
902 1918 939 1977 ab
961 1921 1092 1995 utroque

97 1997 169 2062 libris
187 2003 225 2062 ad
243 2003 381 2081 edietum,
401 2005 438 2064 ab
457 2004 587 2082 Ulpiano
601 2010 758 2082 praelerea
775 2006 861 2066 libris
880 2007 918 2066 ad
937 2006 1089 2066 Sabinum.

467 2218 491 2276 I.
522 2219 714 2294 Responsa.

171 2338 236 2398 Iam
264 2359 356 2400 annos
386 2342 487 2402 decem
515 2345 546 2402 eb
573 2347 687 2419 septem
715 2345 769 2402 aut
790 2343 882 2419 paulo
906 2344 976 2419 plus
1003 2345 1093 2403 natus

98 2414 191 2486 ‘fertur
218 2429 321 2489 Nerva
356 2429 435 2490 filius
472 2434 503 2490 el
538 2432 657 2509 publice
690 2432 726 2491 de
762 2432 827 2491 iure
854 2424 1093 2508 responsiiasse'.

97 2509 377 2594 D.3,1,1,3U1p.

502 2619 545 2672 De
562 2620 676 2687 nuptiis.

176 2727 202 2787 1.
226 2723 264 2789 D.
280 2725 310 2807 3,
323 2726 353 2802 2,
367 2726 398 2808 2,
411 2725 441 2791 5.
487 2725 646 2812 Ulpianus
669 2727 754 2791 libro
779 2730 868 2791 sexto
893 2725 932 2790 ad
956 2723 1094 2789 edictum

97 2801 137 2892 (Ρ.
151 2811 212 2876 279
227 2809 252 2898 ).
277 2850 314 2860 -
339 2813 406 2879 Eos
430 2863 459 2878 ..
482 2817 537 2899 qui
566 2821 718 2900 quaestus
742 2837 837 2881 eausa
859 2814 894 2879 in
917 2813 1095 2880 eemamina

97 2894 293 2981 descendunt,
321 2911 354 2966 et
382 2925 493 2969 omnes
520 2910 653 2990 propter
679 2905 860 2990 praemium
887 2903 922 2969 in
945 2925 1094 2969 scaenam

98 2987 279 3065 prodeuntes
306 2997 448 3057 famosos
477 3013 547 3058 esse
570 2993 713 3079 Pegasus
741 2997 774 3059 ei
796 2991 904 3059 Nerva
932 2993 1017 3058 filius
1044 3015 1092 3058 re·

98 3076 289 3156 sponderent.

473 3183 518 3239 De
534 3187 706 3254 possessione.
741 3173 743 3176 ¹

173 3292 202 3356 2.
235 3291 273 3356 D.
292 3293 345 3377 41,
359 3294 390 3375 2,
404 3294 434 3377 3,
450 3293 501 3359 17.
545 3294 666 3359 Paulus
694 3295 777 3360 libro
805 3293 1094 3380 quinquagensimo

99 3383 199 3456 quarto
222 3379 264 3444 ad
286 3381 426 3446 edietum
450 3380 497 3468 (P.
513 3380 615 3470 568⁰).
642 3419 680 3430 -
703 3382 811 3450 Labeo
830 3388 863 3448 et
881 3381 990 3448 Nerva
1006 3381 1093 3445 filius

99 3469 319 3549 responderunt
342 3469 484 3536 desinere
507 3493 558 3536 me
581 3472 746 3557 possidere
769 3493 843 3536 eum
861 3471 978 3553 locum,
1000 3488 1094 3550 quem

99 3548 202 3622 flumen
226 3561 283 3622 aut
305 3581 394 3624 mare
418 3561 630 3645 occupaverit.
