2596 3902
462 247 486 298 5.
511 241 649 297 SEXTUS
668 241 796 297 PEDIUS
1090 245 1132 309 83

121 408 226 468 urbani
243 409 409 486 composita
428 427 491 468 esse
510 410 677 484 traduntur,
698 410 724 468 si
741 410 861 486 quidem
881 411 919 470 ad
936 411 1125 488 huiusprae-

119 499 190 559 toris
218 497 348 558 edictum
376 497 571 574 compositum
604 501 661 574 est,
689 499 733 558 ita
760 501 795 558 ut
822 518 889 558 cum
916 500 969 560 illo
997 501 1129 562 conferri

120 587 221 664 possit,
249 586 330 662 qnod
353 586 450 647 Labeo
473 587 511 646 ad
533 586 684 665 peregrini
706 590 852 662 praetoris
876 589 1007 649 edictum
1031 589 1124 668 scrip-
1248 583 1255 595 ''

120 678 189 736 sisse
213 676 359 752 traditur,
387 676 471 735 cuius
493 675 570 734 liber
592 677 674 734 XXX
697 677 838 736 laudatur
860 669 906 759 (lI
929 700 957 754 p.
980 670 1045 761 93).
1185 755 1186 759 ¹

205 764 306 823 Libris
329 764 366 822 ad
390 763 518 823 edictum
546 765 692 841 praetoris
716 768 805 824 antea
832 767 869 825 ab
894 767 962 826 aliis
984 769 1128 828 confectis

120 852 242 912 Pedium
275 871 363 912 usum
394 871 457 912 esse
490 853 596 912 docent
623 872 659 913 ea
685 872 761 928 quae
789 855 824 913 de
853 851 950 933 Ofilio,
982 856 1130 936 Labeone,

121 941 228 1001 Sabino
252 960 320 1000 eum
343 940 451 1000 dixisse
473 941 616 1018 traditur,
644 961 719 1018 quos
742 942 969 1004 iurisconsultos
992 950 1022 1004 et
1044 946 1127 1021 ipsos

122 1031 158 1089 ed
185 1029 319 1089 edictum
340 1031 487 1107 praetoris
510 1029 603 1090 libros
626 1030 826 1106 composuisse
854 1035 972 1091 constat
994 1024 1032 1114 (Ι,
1055 1036 1128 1094 340.

120 1117 157 1198 Π,
178 1122 194 1178 1
215 1140 245 1195 p.
265 1120 305 1178 83
330 1121 361 1177 et
384 1109 473 1198 566).
517 1118 590 1178 hacc
618 1120 696 1178 enim
723 1120 878 1198 leguntur:
903 1121 1129 1200 Ι).14,1,1,9

119 1207 185 1284 Ulp.
206 1206 244 1266 ad
263 1207 309 1267 ed.
331 1201 461 1282 ‘quaerit
478 1205 584 1267 Ofilius
602 1253 608 1266 .
623 1255 629 1269 .
645 1255 652 1268 .
671 1227 762 1287 quam
780 1208 1001 1269 distinctionem
1020 1210 1129 1270 Pedius

120 1289 248 1372 probat’.
298 1296 333 1354 D.
354 1297 405 1373 13,
425 1297 454 1373 5,
473 1298 502 1368 3,
523 1298 541 1356 2
565 1295 633 1372 Ulp.
662 1298 701 1356 ad
728 1298 772 1357 ed.
807 1293 850 1356 ‘ct
872 1298 973 1358 Labeo
1001 1299 1129 1374 ait...,

120 1404 209 1460 quam
228 1385 410 1444 senteutiam
429 1388 460 1444 et
476 1385 587 1444 Pedius
605 1379 733 1461 probat'.
770 1386 806 1446 D.
822 1389 874 1460 50,
890 1389 940 1465 16,
957 1388 1039 1463 13,1
1060 1387 1128 1464 Ulp.

121 1474 157 1531 ed
180 1474 239 1533 ed:
264 1467 312 1532 ‘ut
330 1472 458 1532 Sabinus
482 1474 525 1533 ait
548 1478 579 1534 et
601 1475 710 1533 Pedius
733 1469 862 1550 probat'.

209 1560 354 1640 Krueger,
373 1562 424 1638 qui
437 1562 563 1620 Pedium
577 1562 687 1622 Iuliani
704 1564 767 1622 fere
786 1565 941 1641 aequalem
959 1565 1052 1624 fuisse
1071 1564 1130 1624 exi·

123 1651 233 1726 stimat,
255 1651 349 1710 libros
371 1650 425 1708 hoe
443 1654 512 1726 post
530 1647 640 1710 Iuliani
659 1651 793 1730 Digesta,
817 1653 868 1712 sed
887 1656 956 1713 ante
974 1652 1131 1731 Pomponii

123 1740 212 1799 libros
232 1739 269 1798 ad
287 1738 415 1798 edictum
435 1740 614 1816 compositos
633 1759 698 1799 esee
717 1741 854 1818 quamvis
872 1741 1045 1802 dubitanter
1062 1742 1129 1803 ideo

124 1829 229 1888 conicit
247 1819 290 1908 (p.
307 1819 395 1910 173),
418 1827 497 1905 quod
515 1827 587 1888 haec
600 1829 755 1906 leguntur:
779 1829 814 1889 D.
830 1832 858 1903 4,
875 1832 903 1907 8,
918 1833 968 1907 32,
985 1835 1024 1891 16
1045 1832 1128 1892 Paul.
1238 1838 1240 1843 '

123 1917 161 1976 sd
181 1917 225 1978 ed.
245 1911 327 1975 ‘nam
346 1920 376 1976 et
393 1915 528 1976 Iulianus
547 1959 598 1977 ...
617 1917 696 1977 idem
710 1917 819 1977 Pedius
835 1913 963 1994 probat'.
1000 1924 1033 1980 at
1051 1920 1129 1997 prio·

123 2025 188 2064 mm
214 2005 289 2064 iuris
320 2005 523 2065 consultorum
552 2006 715 2066 sententias
747 2025 806 2066 non
836 2006 947 2084 ubique
978 2008 1127 2083 historico,

123 2098 155 2153 ut
182 2094 228 2154 ita
255 2094 365 2168 dicam,
396 2092 540 2152 librorum
570 2095 672 2154 ordine
701 2095 872 2155 coniunctas
901 2097 1029 2172 proferri
1057 2099 1129 2158 eatis

122 2185 247 2243 constat.

207 2272 252 2331 De
279 2289 380 2330 rerum
409 2270 510 2331 ordine
542 2270 615 2330 haec
642 2272 798 2332 habemus:
829 2272 906 2333 libro
929 2273 989 2332 VII
1016 2274 1129 2334 dictum

122 2359 179 2420 fuit
205 2361 241 2418 de
269 2359 398 2438 negotiis
426 2360 532 2437 gestis,
563 2359 639 2419 VIII
671 2362 708 2420 de
740 2381 774 2422 eo
806 2362 886 2437 quod
913 2367 1011 2422 metus
1039 2381 1129 2423 ceusu

120 2452 238 2525 gestum
266 2448 338 2525 erit,
365 2448 407 2507 IX
434 2449 471 2508 ds
500 2449 677 2509 alienatione
700 2449 804 2509 iudicii
825 2451 962 2510 mutandi
985 2468 1075 2511 causa
1097 2455 1129 2511 st

120 2535 155 2596 de
178 2538 226 2596 his
248 2538 300 2613 qui
323 2536 482 2596 arbitrium
503 2538 680 2616 receperint,
702 2539 758 2614 XV
776 2540 813 2598 de
831 2539 994 2599 tributoria
1012 2540 1127 2600 actione

120 2629 149 2684 et
172 2626 207 2686 de
230 2626 359 2702 peculio,
388 2625 513 2703 denique
536 2626 628 2703 XXV,
657 2627 682 2686 si
705 2627 826 2686 tabulae
848 2628 1021 2687 testamenti
1044 2630 1127 2686 exta-

119 2714 205 2791 bunt,
237 2733 314 2790 quae
346 2714 465 2790 quidem
497 2732 544 2774 res
575 2715 607 2773 in
639 2715 735 2775 edicto
767 2735 786 2775 a
815 2715 932 2775 Iuliano
965 2716 1127 2790 composito

120 2803 220 2864 eodem
237 2791 345 2863 'ordine
370 2805 547 2864 tractentur.
585 2804 620 2864 cf.
644 2804 736 2864 Lenel
759 2803 854 2864 Ddict.
877 2824 905 2881 p.
922 2805 972 2865 83.
989 2806 1038 2865 90.
1056 2807 1127 2865 101.

121 2894 191 2952 103.
212 2893 285 2952 215.
306 2893 378 2951 272.

205 2980 290 3041 Pedii
313 2979 403 3039 libris‘
422 2981 468 3040 usi
492 2984 562 3040 sunt
581 2980 633 3056 qui
650 2985 756 3058 postea
774 2983 812 3041 ad
831 2982 961 3043 edietum
979 2984 1127 3058 praetoris

121 3069 315 3145 scripserunt,
338 3068 475 3144 inprimis
498 3069 678 3146 Pomponius
701 3062 747 3151 (P.
762 3073 813 3132 44.
830 3073 880 3132 61.
897 3062 988 3152 158),
1011 3071 1126 3133 Paulus

119 3149 163 3238 (P.
183 3149 273 3218 2131.
293 3159 366 3218 232.
384 3159 462 3219 251ο
485 3154 526 3233 ἐξ
543 3161 593 3218 16.
610 3160 659 3218 18.
683 3160 755 3220 282.
772 3153 859 3221 5023.
876 3162 949 3222 541.
964 3162 1036 3222 552.
1053 3163 1125 3221 577.

121 3247 192 3307 678.
218 3247 291 3308 686.
313 3248 386 3307 792.
407 3238 498 3327 798),
530 3246 678 3323 Ulpianus
708 3240 754 3329 (P.
775 3251 847 3310 240.
868 3251 939 3310 244.
961 3251 1033 3310 245.
1052 3251 1125 3310 263.

119 3328 207 3395 2693.
231 3337 303 3396 350.
329 3336 414 3395 9773
439 3336 523 3395 453⁰.
549 3337 622 3396 455.
647 3338 733 3397 788⁰.
757 3339 829 3398 816.
851 3339 923 3398 836.
944 3340 1016 3398 845.
1036 3329 1125 3397 8519.

119 3415 232 3484 85280.
264 3426 357 3485 1079.
387 3424 481 3485 1133.
511 3427 604 3486 1266.
629 3426 724 3485 1536.
750 3428 842 3486 1556.
869 3418 977 3486 15573.
1003 3416 1124 3504 1592).

118 3511 300 3590 Pomponius
323 3516 354 3572 et
377 3511 532 3589 Ulpianus,
556 3513 734 3590 ubicumque
753 3512 879 3572 Pedium
901 3513 1035 3585 laudant,
1058 3530 1122 3569 cum

119 3619 152 3660 eo
175 3601 375 3678 consentiunt,
398 3601 509 3661 Paulus
526 3600 678 3661 interdum
698 3600 838 3659 dissentit
860 3593 910 3680 (D.
926 3602 955 3673 4,
971 3601 1000 3669 8,
1015 3600 1065 3666 32,
1081 3596 1123 3651 20

119 3681 240 3750 ‘Sextus
259 3690 368 3750 Pedius
386 3691 483 3765 putat,
507 3689 587 3766 quod
609 3688 724 3747 nullam
747 3687 895 3744 rationem
917 3675 1042 3759 hebet’).

876 3787 891 3832 6
898 3781 912 3812 ’11
