2590 3902
161 220 225 286 308
262 219 295 276 V.
315 216 464 273 NERVAE
483 218 530 272 ΕΤ
548 216 699 271 TRAIANI
717 214 825 271 TEMP.
844 213 939 268 lURlS
958 213 1139 271 CONSULTI

162 383 290 464 debere,
320 382 375 446 sed
403 378 581 446 interdum²
603 379 764 465 proficisci
788 379 827 442 ad
852 400 938 460 eum,
966 380 1016 444 eui
1039 379 1174 444 reddere

164 472 280 536 debeat
304 471 430 554 [utique
453 471 480 534 si
504 469 532 533 is
555 468 772 552 reipublicae
796 489 892 532 eausa
916 466 1043 551 aberit].

249 582 370 641 Inclusa
392 581 484 641 verba
506 580 629 641 Pernioe
653 581 731 641 eioit.

250 671 464 749 Fragmentum
488 669 694 745 Epistularum
717 670 802 730 libris
825 671 894 729 licet
917 668 1091 728 attribuere.

402 866 449 925 De
471 867 558 939 fundi
581 867 720 925 locatione
743 867 932 926 conductione.

250 989 282 1050 4.
309 985 348 1049 D.
365 985 414 1064 19,
428 985 458 1068 2,
475 985 525 1066 19,
539 985 568 1048 2.
613 984 772 1067 Ulpianus
799 984 884 1048 libro
911 983 1101 1067 trigessimo
1126 1005 1174 1048 se·

164 1074 266 1142 eundo
296 1074 336 1139 ad
364 1072 503 1138 edietum
527 1071 576 1158 (P.
589 1072 679 1158 951).
705 1109 742 1120 -
768 1071 852 1137 Illud
879 1071 972 1136 nobis
999 1071 1173 1136 videndum

164 1169 223 1246 est,
247 1165 274 1228 si
298 1163 369 1248 quis
393 1161 528 1227 fundum
550 1161 713 1246 locaverit,
737 1183 817 1246 quae
841 1162 944 1226 soleat
966 1161 1174 1224 instrumenti

164 1254 293 1318 nomine
317 1251 502 1316 oonduotori
524 1254 699 1334 praestare,
723 1271 865 1334 quaeque
889 1249 917 1313 si
937 1270 1001 1313 non
1019 1252 1172 1332 praestet,

165 1364 204 1406 ex
221 1342 327 1406 locato
347 1343 484 1404 tenetur.
520 1344 554 1403 et
571 1343 621 1403 est
638 1339 777 1423 epistula
790 1337 916 1402 Neratii
931 1337 971 1401 ad
985 1337 1173 1402 Aristonem

164 1430 250 1494 dolia
281 1429 392 1512 utique
425 1427 540 1492 oolono
574 1450 644 1493 esse
676 1427 871 1512 praestanda
903 1430 935 1491 et
967 1427 1111 1510 praelum
1140 1431 1175 1490 et

163 1523 327 1603 trapetum
359 1517 519 1581 instructa
548 1515 693 1598 funibus,
726 1516 754 1580 si
783 1516 901 1597 minus,
934 1515 1098 1579 dominum
1125 1515 1174 1578 in-

165 1613 287 1672 struere
314 1627 351 1670 ea
374 1605 502 1687 debere3
530 1606 586 1670 sed
609 1609 641 1670 et
664 1604 809 1690 praelum
832 1603 982 1669 vitiatum
1006 1602 1173 1668 dominum

164 1696 293 1760 reficere
318 1694 441 1758 debere.
483 1694 568 1777 quod
591 1695 619 1758 si
642 1693 737 1777 eulpa
756 1693 862 1758 ooloni
881 1691 957 1776 quid
975 1713 1087 1756 eorum
1105 1713 1174 1756 eor·

164 1781 771 1936 1111111ῗὲ1111011113111111
782 1781 1034 1935 cltlllltt
1057 1780 1174 1934 llll:

165 1894 281 2024 dabelie
295 1957 448 2023 Neratius
468 1958 611 2043 scripsit3
631 1958 716 2042 quod
736 1920 764 2022 s'i
779 1958 901 2042 regulis
916 1959 987 2024 olea
1001 1892 1176 2042 preiratur,

165 2054 198 2113 et
228 2047 374 2130 praelum
406 2051 438 2110 et
470 2046 614 2110 suculam
645 2050 678 2110 et
704 2047 833 2130 regulas
861 2050 894 2110 et
921 2050 1113 2131 tympanum
1141 2051 1175 2112 et

165 2137 288 2202 oooleas
326 2134 442 2219 quibus
478 2134 641 2200 relevatur
677 2136 822 2218 praelum
860 2136 1026 2200 dominum
1058 2156 1174 2219 parare

165 2228 323 2308 oportere.
359 2225 437 2287 item
457 2245 582 2304 aenum,
602 2223 636 2287 in
656 2244 719 2307 quo
739 2223 810 2288 olea
828 2223 920 2289 calda
938 2246 1023 2307 aqua
1037 2225 1174 2303 lavetur,

165 2320 202 2378 ut
234 2316 341 2378 cetera
373 2333 451 2376 vasa
482 2312 602 2376 olearia
630 2312 794 2377 dominum
822 2318 988 2396 praestare
1016 2316 1174 2396 oportere,

165 2401 262 2468 siouti
280 2401 369 2466 dolia
386 2399 520 2483 vinaria,
539 2423 620 2484 quae
640 2401 679 2466 ad
697 2407 899 2485 praesentem
915 2423 1009 2465 usum
1024 2401 1174 2467 colonum

163 2492 271 2576 pioare
294 2489 465 2574 oportebit.

253 2601 290 2660 A.
313 2601 448 2661 Pernioe:
472 2600 591 2678 Ulpian.
610 2622 639 2677 p.
660 2603 701 2660 24
724 2620 752 2660 n.
772 2602 791 2660 3
815 2620 868 2676 pro
892 2595 1034 2676 ‘epistula
1056 2601 1175 2662 Neratii

165 2691 204 2751 ad
235 2682 420 2750 Aristonem'
451 2690 551 2766 potius
584 2684 725 2765 ‘epistula
757 2689 908 2750 Aristonis
940 2691 978 2749 ad
1005 2686 1174 2750 Neratium’

165 2779 353 2839 scribendum
386 2797 450 2838 esse
482 2782 578 2854 putat.
625 2779 677 2839 sed
709 2779 788 2855 quod
814 2777 919 2838 Aristo
952 2779 989 2837 ad
1016 2778 1176 2838 Neratium

167 2869 329 2943 epistulam
352 2868 434 2927 dedit
458 2860 507 2947 (D.
529 2869 579 2945 20,
604 2872 632 2944 1,
656 2869 675 2928 3
699 2867 779 2926 infra
800 2888 827 2943 p.
849 2859 936 2947 372),
959 2885 994 2927 eo
1017 2886 1077 2928 non
1100 2870 1176 2928 satis

164 2956 309 3031 probatur
332 2956 417 3013 illum
436 2954 472 3013 ab
492 2956 548 3015 hoe
567 2957 736 3015 oonsultum
759 2956 860 3016 fuisse.

412 3183 478 3243 VII.
510 3185 730 3260 Regularum
752 3184 840 3243 libri
863 3185 925 3245 XV.

254 3323 441 3399 Quamquam
457 3325 488 3382 in
502 3323 597 3384 indice
611 3325 784 3386 Florentino
798 3326 872 3387 haeo
885 3327 1040 3404 leguntur:
1065 3321 1175 3408 ‘Nepa-

164 3409 228 3470 τίον
261 3411 433 3486 regularion
459 3412 559 3491 βιβλία
586 3408 761 3491 deuouisse,
793 3417 824 3474 in
851 3415 1011 3476 Iustiniani
1037 3415 1175 3493 Digestis

238 3583 252 3632 1
272 3578 319 3634 Nl.
337 3578 456 3636 interim.
