2602 3906
416 245 441 294 6.
463 238 671 295 IAVOLENUS
690 238 838 294 PRISCUS
1064 239 1131 304 475

119 421 171 485 epo
203 405 309 467 eontra
335 402 447 478 sentim
479 400 554 467 nee²
580 403 743 484 qniopnom
770 403 905 482 amplias
925 403 1016 484 patri
1035 423 1129 484 prae

119 491 263 555 standum
285 511 322 555 en
344 491 492 555 eiusmodi
514 491 669 572 seriptum
690 489 858 555 testamenti
869 497 957 574 pato,
980 512 1074 573 queam
1092 496 1128 556 nt

118 578 200 644 nilrl
221 599 258 643 en
279 599 325 662 eo,
347 580 428 661 qnod
443 585 662 660 praestaturus
683 580 785 644 heredi
805 580 914 663 fuerit,
930 586 1072 661 praestet.

400 764 451 830 De
471 766 630 831 aeriorum
652 766 843 849 oblipatione.

207 881 258 946 30.
286 878 325 945 D.
338 879 391 961 45,
407 881 435 963 1,
452 881 525 947 106.
557 880 646 945 Idem
661 878 717 966 (se.
731 879 919 965 Iavolenus)
934 881 1016 947 libro
1032 885 1124 947 sexto

116 969 350 1053 Epistularum.
378 1005 419 1015 -
450 969 512 1050 Qui
538 970 740 1052 expluribus
764 971 887 1054 fandis,
914 971 1024 1052 paribus
1045 972 1127 1035 idem

115 1079 226 1124 nomen
252 1059 428 1140 impositum
454 1059 572 1144 format,
597 1080 696 1123 annm
720 1058 854 1139 fandum
876 1059 942 1123 sine
963 1059 1030 1123 ullo
1051 1064 1127 1124 nota

115 1148 384 1213 demonstrationis
400 1147 571 1233 stipuletur,
589 1149 738 1212 inoertnm
755 1149 930 1231 stipulatur,
949 1148 984 1212 id
1000 1152 1044 1212 est
1056 1168 1125 1212 enm

113 1235 249 1318 fandum
266 1236 443 1321 stipulatur,
460 1257 547 1318 quem
560 1237 731 1317 promissor
748 1237 823 1300 dore
836 1235 971 1300 notuerit.
1005 1237 1125 1301 tamdia

115 1330 220 1389 antem
241 1325 381 1390 noluntas
399 1325 598 1406 promissoris
620 1326 819 1407 impendenti
840 1329 896 1409 est,
918 1326 1068 1407 pommdiu
1089 1326 1126 1390 id

114 1414 199 1496 qnod
214 1414 405 1494 promissam
426 1417 472 1478 est
491 1414 635 1478 solvatur.

340 1598 391 1664 De
411 1600 599 1680 adquirendo
621 1619 724 1664 rernm
746 1600 892 1665 dominio.

206 1713 258 1779 31.
284 1712 323 1778 D.
338 1714 390 1791 39,
405 1713 435 1796 5,
449 1714 500 1778 25.
536 1713 625 1777 Idem
649 1710 706 1800 (so.
720 1711 905 1797 Iavolenus)
923 1714 1007 1778 libro
1027 1717 1119 1779 sexto

114 1800 345 1884 Epistularum.
372 1838 409 1850 -
434 1801 472 1867 Si
494 1802 549 1866 tibi
570 1804 703 1867 dederint
724 1824 798 1886 rem,
819 1808 856 1867 nt
878 1803 960 1867 Titio
983 1823 1048 1868 meo
1070 1823 1125 1868 no-

114 1891 200 1955 mine
220 1892 361 1969 donares,
383 1897 411 1956 et
434 1895 467 1956 tn
489 1895 540 1956 tao
562 1893 686 1956 nornine
707 1912 775 1956 eam
797 1893 825 1956 ei
847 1893 972 1970 dederis,
995 1913 1038 1956 on
1059 1893 1124 1972 fao-

115 1984 183 2044 tnm
205 1980 271 2044 eins
286 1980 400 2062 putes?

204 2067 387 2150 Respondit:
405 2070 434 2133 si
451 2089 516 2133 rem
535 2069 590 2134 tibi
607 2070 749 2154 dederim,
767 2074 803 2133 at
818 2067 899 2134 Titio
917 2091 982 2134 meo
999 2071 1125 2135 nomine

115 2158 259 2242 donares,
286 2177 412 2240 eamque
434 2162 468 2222 tn
490 2163 541 2222 tao
562 2160 686 2223 nomine
707 2159 736 2223 ei
758 2160 887 2240 dedam,
909 2163 1060 2240 quantum
1082 2160 1128 2224 od

113 2247 196 2310 iuris
225 2247 424 2327 suptilitatem
456 2248 632 2328 aeoipiientis
660 2246 747 2327 faeta
772 2269 835 2312 non
861 2252 959 2312 estet
985 2252 1018 2311 tn
1043 2248 1125 2327 farti

113 2334 276 2417 oblr'porim
299 2335 352 2399 sed
372 2335 530 2417 benipnins
547 2340 598 2417 est,
620 2337 650 2400 si
667 2357 759 2418 apem
777 2341 884 2400 eontra
901 2356 971 2400 enm
988 2337 1043 2418 qni
1059 2356 1124 2400 rem

115 2424 245 2507 aceepit,
267 2425 436 2506 enoeptione
457 2424 521 2488 doli
542 2424 620 2489 mali
641 2445 689 2489 me
710 2426 902 2490 summoveri.

490 2608 540 2674 De
561 2611 752 2691 usucapione.

205 2725 256 2790 32.
285 2725 323 2789 Ι).
337 2726 390 2806 41,
405 2724 435 2810 3,
449 2725 501 2789 21.
536 2722 626 2788 Idem
650 2721 707 2810 (se.
725 2721 909 2808 Iavolenus)
927 2723 1012 2788 libro
1031 2727 1123 2789 sexto

114 2812 348 2896 Epistularum.
380 2848 417 2859 -
447 2813 506 2894 Ei,
536 2834 558 2877 o
589 2833 647 2894 qno
671 2812 806 2893 fundam
827 2833 888 2894 pro
914 2813 1018 2877 herede
1044 2811 1124 2878 usu²

111 2906 260 2984 eoptnrus
282 2923 375 2983 eram,
400 2903 496 2968 looooi
515 2922 592 2966 enm.
623 2923 667 2966 an
684 2903 779 2967 ullius
797 2903 942 2966 momenti
959 2922 1027 2967 eom
1046 2903 1124 2968 toea

116 2992 230 3056 tionem
248 2992 407 3072 existimes,
425 3011 553 3073 quaeum
576 2992 657 3072 qnod
676 2992 705 3056 si
722 2991 840 3056 nullius
858 2993 1003 3056 momenti
1019 2993 1122 3057 onisii-

111 3099 196 3163 moS,
228 3101 270 3143 an
301 3081 415 3144 durare
443 3080 541 3144 nihilo
569 3081 672 3146 minns
698 3082 912 3162 usucapionem
939 3081 1005 3145 eins
1028 3080 1124 3161 sandi

106 3172 207 3252 pates.
256 3170 329 3233 item
360 3189 485 3253 quaero,
517 3170 546 3234 si
574 3169 670 3234 eidem
698 3171 858 3235 vendidero
885 3191 954 3234 enm
979 3170 1123 3254 fundam,

110 3258 191 3340 qnid
215 3258 251 3322 de
277 3257 327 3322 tus
353 3259 468 3343 eansis,
493 3259 530 3322 de
551 3258 661 3339 quibas
682 3278 779 3341 snpra
801 3260 932 3341 quaesit,
961 3260 1122 3324 existimes.

202 3345 385 3428 Respondit:
407 3349 437 3411 si
459 3348 495 3426 is,
517 3348 572 3429 qni
590 3368 648 3427 pro
670 3347 774 3412 herede
792 3350 926 3428 tiendum
937 3346 1121 3429 possidebat,

110 3436 236 3500 domino
262 3456 332 3498 eam
359 3435 480 3519 looaait,
507 3435 626 3500 nnllins
652 3438 797 3500 momenti
823 3436 931 3500 locatio
958 3441 1014 3518 ost,
1045 3436 1123 3516 qnia

186 3615 200 3665 1
221 3608 268 3664 Fl.
285 3607 366 3665 nihil.
438 3615 454 3664 2
476 3609 551 3663 Trio.
571 3607 677 3663 diutius
694 3606 868 3678 possidendo.
