2602 3906
176 195 242 260 506
543 194 820 250 ADDITAMENTA.

266 363 350 422 Paul.
395 362 431 420 D.
462 363 517 440 35,
548 365 579 438 2,
606 366 638 438 1,
668 366 685 423 9
726 357 853 423 ‘veteres
880 364 1030 439 putabant
1135 365 1184 424 sed

176 454 280 514 Aristo
304 455 480 514 austerum
504 451 641 527 opinione
664 453 795 512 recessit.

265 541 350 602 Paul.
361 533 407 623 (l)
426 541 457 599 in
471 539 540 598 Vat.
559 540 594 600 fr.
613 537 661 615 §1
684 534 860 601 ε6111616166
878 545 988 618 putant
1007 544 1037 601 et
1057 541 1183 602 Sabinus

175 634 208 691 et
232 629 351 690 Cassius
375 622 529 688 scribunt’.

266 719 421 778 Iustinian.
468 717 500 776 O.
524 721 552 790 6,
577 719 627 795 26,
649 721 689 778 10
709 739 751 792 pr.
781 713 987 778 ‘dubitabatur
1010 720 1090 795 apud
1110 721 1184 780 anti-

175 828 252 886 quos
276 809 379 886 legum
402 809 538 867 auctores
636 807 751 882 placuit
774 800 906 867 Sabino'.

266 896 423 957 Iustinien.
460 894 492 955 (l.
509 899 537 971 6,
553 897 604 972 29,
624 899 642 956 3
663 889 822 956 ‘certatum
847 899 893 956 est
913 896 993 972 apud
1011 900 1127 957 veteres
1279 963 1280 980 ,

177 993 294 1047 veteres
318 985 409 1044 animi
431 985 548 1044 turbati
572 988 643 1044 sunt
739 985 891 1044 Sabiniani
910 982 1141 1046 existimabant.⁷

266 1075 509 1153 Designabantnr
523 1073 619 1152 igitur
634 1078 771 1134 veterum
789 1074 906 1134 nomine
922 1075 1059 1150 inprimis
1073 1075 1183 1134 liberae

176 1165 221 1224 rei
243 1165 380 1240 publicae
402 1162 616 1222 iurisconsulti.
645 1163 725 1238 quod
742 1163 930 1222 Iustinienus
952 1167 1088 1239 posteros
1113 1183 1182 1241 quo·

175 1274 235 1332 que
259 1253 362 1314 eodem
384 1251 502 1311 nomine
526 1252 711 1329 designabat,
733 1253 844 1310 mirum
866 1270 925 1311 non
949 1255 1001 1312 est.

266 1350 391 1410 Veteres
414 1369 472 1409 non
496 1350 583 1408 modo
606 1349 795 1425 respondisse
819 1349 959 1428 dicuntur
981 1343 1064 1431 (Ulp.
1083 1351 1119 1410 D.
1137 1353 1184 1428 13,

177 1441 207 1519 6,
224 1443 252 1518 5,
268 1443 295 1500 9.
329 1443 381 1516 41,
397 1443 423 1511 2,
441 1441 470 1512 3,
488 1440 536 1498 18.
570 1441 622 1514 42,
636 1439 666 1514 4,
683 1442 710 1516 7,
727 1440 766 1498 13
788 1433 915 1499 ‘veteres
934 1434 1185 1521 responderunt),

177 1530 229 1590 sed
249 1530 341 1588 etiam
360 1528 511 1603 scripsisse
532 1519 696 1607 (Masurius
711 1525 838 1587 Sabinus
858 1521 921 1603 ‘ait
939 1529 1097 1604 plerosque
1111 1530 1186 1588 iuris

176 1618 287 1678 veteris
321 1621 457 1677 auctores
576 1610 740 1690 scripsisse'
780 1614 855 1677 Gell.
884 1619 917 1691 5,
941 1618 995 1693 19,
1021 1619 1070 1676 14.
1121 1611 1186 1678 ‘hoc

176 1711 294 1767 veteres
323 1699 516 1781 scripserunt’
540 1702 606 1780 Gai,
630 1706 658 1778 3,
684 1707 755 1765 202.
786 1699 877 1781 ‘apud
900 1708 1017 1766 veteres
1044 1707 1187 1782 scriptum

176 1791 233 1855 est'
268 1795 324 1866 Gai
343 1797 377 1872 3,
398 1796 469 1854 180.
516 1787 672 1868 ‘scriptum
705 1798 752 1852 est
783 1795 863 1871 apud
894 1789 1021 1854 veteres’
1056 1796 1186 1856 Marcell,
1279 1853 1280 1860 ,

177 1885 215 1945 D.
236 1881 288 1960 41,
309 1886 337 1961 2,
358 1886 408 1959 19,
430 1880 472 1958 1).
518 1882 633 1941 Gellius
662 1887 692 1941 et
720 1876 851 1942 ‘veteres
880 1884 1039 1959 scriptores
1066 1879 1184 1944 leudat'

176 1965 221 2053 (5,
243 1975 271 2047 6,
292 1964 348 2050 27)
372 1975 403 2030 61
426 1965 530 2030 ‘libros
553 1975 690 2030 veterum
712 1966 788 2030 iuris
811 1966 989 2047 peritornm'
1013 1964 1057 2053 (4,
1076 1965 1186 2054 2,13),

266 2071 311 2128 Ea
342 2070 461 2127 tautum
487 2069 656 2144 fragmenta
688 2069 837 2145 proposui,
870 2088 945 2146 qnae
978 2072 1115 2129 veterum
1152 2072 1187 2130 66

175 2160 242 2218 iure
267 2157 439 2232 sententias,
463 2175 523 2216 non
541 2175 618 2233 quae
637 2156 712 2216 alias
731 2176 834 2217 eorum
852 2158 1004 2234 opiniones
1023 2160 1072 2216 vel
1090 2176 1188 2219 mores

176 2249 324 2323 referunt,
349 2246 451 2324 qualia
474 2250 544 2306 sunt
567 2247 602 2304 D.
624 2250 651 2324 1,
677 2249 725 2319 13,
752 2250 768 2304 1
794 2266 838 2322 pr.
864 2249 914 2320 21,
939 2251 967 2323 1,
992 2249 1032 2306 23
1059 2250 1086 2308 2.
1135 2251 1186 2324 23,

176 2341 205 2411 1,
227 2340 254 2396 2.
292 2337 344 2414 49,
370 2337 420 2412 16,
445 2337 495 2413 13,
519 2338 547 2396 4.
586 2337 637 2407 50,
663 2339 712 2408 16,
739 2337 810 2394 144.

474 2547 501 2610 1.
527 2543 581 2608 Ad
604 2545 664 2608 ius
685 2544 889 2627 publicum.

528 2668 577 2733 De
597 2669 686 2752 penio
709 2673 738 2733 ct
759 2667 833 2733 lare.

267 2796 294 2860 1.
319 2793 482 2860 Censorin.
507 2793 536 2860 6.
558 2816 588 2858 n.
613 2793 642 2876 3,
666 2794 695 2858 2.
721 2829 759 2838 -
785 2791 931 2856 Eundem
955 2814 1024 2857 esse
1048 2791 1189 2859 Genium

173 2889 209 2948 et
231 2883 349 2948 Larem
373 2883 468 2948 multi
492 2886 616 2947 veteres
639 2881 858 2966 prodiderunt.

265 2997 301 3055 cf.
324 2995 339 3053 1
361 3015 389 3070 p.
416 2997 487 3054 eea.

520 3148 570 3213 De
591 3149 668 3213 viris
689 3150 841 3214 vocandis.

265 3273 294 3335 2.
318 3269 459 3335 Macrob.
483 3269 550 3337 Sat.
580 3272 608 3350 1,
634 3272 684 3353 16,
706 3272 756 3336 19.
775 3310 817 3318 —-
838 3272 984 3336 vitabant
1001 3275 1126 3337 veteres
1147 3269 1189 3336 ad

174 3359 262 3423 viros
286 3357 443 3424 vocandos
468 3361 565 3423 etiam
589 3361 657 3425 dies
681 3360 735 3444 qui
759 3365 866 3426 essent
884 3359 988 3425 notati
1016 3361 1112 3426 rebus
1132 3360 1188 3426 ad-

174 3447 288 3536 sensio,
310 3445 457 3512 vitabant
481 3447 579 3512 etiam
602 3448 700 3512 feriis.

265 3559 300 3618 cf.
323 3557 339 3616 I
361 3578 388 3633 p.
415 3560 487 3617 124.

1278 2485 1280 2562 l
