2590 3902
191 535 244 600 34
271 533 312 598 D.
330 535 379 616 17,
391 535 423 616 2,
436 535 489 598 62.
531 532 729 618 Pomponius
754 534 840 599 libro
862 535 1110 602 tertiodecimo

106 623 144 688 ad
176 622 333 688 Sabinum
365 621 414 704 (P.
432 621 522 707 586)
547 659 593 670 -
624 620 660 686 Si
690 622 796 687 'litias
827 645 901 688 eum
932 646 997 708 quo
1030 625 1112 690 mibi

23 755 24 766 .
105 715 242 777 societas
278 718 351 776 erat
384 711 558 777 deeesserit
593 733 717 796 egoque
749 732 823 775 eum
853 717 1002 796 putarem
1033 713 1113 778 'l'itii

104 801 316 866 hereditatem
341 799 383 864 ad
405 798 515 865 Seium
536 802 714 883 pertinere,
740 801 955 865 eommuniter
975 824 1050 867 oum
1072 825 1112 868 eo

105 912 154 954 res
181 889 383 954 vendiderim
410 895 444 953 et
470 895 596 974 partem
618 888 772 972 pecuniae
794 911 835 952 ex
856 889 1040 956 venditione
1062 914 1110 956 re·

104 981 216 1044 daotae
245 999 322 1063 ego,
346 983 473 1062 partem
496 976 588 1042 Seius
615 977 801 1057 abstulerit,
826 983 874 1060 te,
900 979 956 1061 qui
978 1001 1013 1043 re
1035 1001 1112 1045 vera

104 1068 192 1133 Titio
213 1067 308 1131 heres
330 1089 374 1148 es,
395 1071 523 1149 partem
541 1065 582 1130 ad
601 1087 652 1129 me
669 1065 818 1129 redactae
836 1067 991 1148 pecuniae
1010 1069 1111 1133 socie

105 1158 184 1221 tatis
217 1156 336 1220 iudicio
366 1176 435 1219 non
465 1160 711 1220 oonseouturum
737 1149 873 1218 Neratio
905 1159 939 1219 et
966 1157 1112 1221 Aristoni

104 1247 267 1328 placebat,
301 1245 378 1328 quia
414 1266 504 1308 meae
536 1243 706 1308 dumtaxat
735 1243 839 1327 partis
869 1244 975 1326 pretia
1005 1265 1112 1328 peree-

21 1389 22 1416 ,
105 1336 241 1418 pissem,
266 1355 369 1416 neque
396 1329 589 1415 interesset¹,
615 1339 725 1396 utrum
752 1353 811 1414 per
832 1351 868 1395 se
890 1337 1000 1415 partes
1023 1355 1111 1399 meas

21 1419 22 1474 ἕ
104 1421 319 1488 vendidissem
337 1444 380 1485 an
396 1422 610 1486 communiter
623 1443 697 1484 eum
711 1441 759 1504 eo,
777 1421 834 1505 qui
847 1419 988 1506 reliquas
1000 1425 1111 1506 portes

21 1549 22 1558 κ
105 1515 144 1576 sd
162 1533 197 1576 se
216 1511 379 1594 pertinere
397 1509 527 1574 diceret
569 1509 714 1593 alioquin
732 1513 931 1595 eventurum,
948 1513 986 1575 ut
1004 1511 1113 1593 etiam,

104 1601 131 1664 si
153 1601 218 1664 duo
241 1600 323 1664 soeii
340 1621 409 1663 rem
426 1598 636 1680 vendiderint,
658 1599 877 1683 unusquisque
894 1597 1007 1682 (eius)
1026 1598 1113 1684 quod

105 1689 144 1754 ad
167 1711 202 1753 se
225 1687 408 1772 pervenerit
429 1692 557 1772 partem
580 1687 674 1752 alteri
697 1687 861 1752 societatis
884 1687 1002 1753 iudicio
1020 1709 1113 1771 prae·

105 1783 190 1843 stare
218 1777 342 1842 debeat
388 1777 444 1840 sed
470 1797 530 1840 nee
555 1780 589 1840 te
610 1797 649 1840 ex
670 1780 777 1860 parte,
804 1795 902 1861 quam
923 1775 1112 1842 hereditatis

19 1904 20 1908 =
106 1867 263 1950 petitione
281 1865 367 1930 forte
386 1887 406 1928 a
424 1862 497 1930 Seio
516 1867 746 1930 consecuturus
765 1863 820 1947 sis,
843 1864 1014 1950 quiequam
1033 1865 1112 1931 mibi

19 1971 20 2024 ζ
107 1960 272 2040 praestare
295 1953 420 2036 debere,
443 1954 520 2038 quia
538 1953 623 2038 quod
642 1953 683 2017 ad
702 1950 810 2017 Seium
827 1953 1019 2038 pervenerit,
1040 1961 1112 2020 tua-

19 2089 20 2116 ,
105 2066 175 2108 rum
198 2041 343 2128 partium
365 2043 506 2126 pretium
529 2043 573 2106 sit
594 2063 653 2106 nee
677 2041 717 2105 ad
740 2063 791 2105 me
812 2042 987 2107 habentem
1006 2065 1112 2108 meum

19 2127 20 2206 ξ
104 2135 276 2218 quiequam
299 2153 338 2195 ex
361 2153 400 2196 eo
421 2131 527 2195 redire
551 2131 675 2195 debeat.

193 2221 245 2286 35.
275 2219 314 2285 D.
334 2219 385 2302 17,
402 2219 432 2297 2,
452 2220 504 2298 52,
524 2219 574 2284 16.
623 2217 713 2284 Idem
740 2215 799 2305 (so.
822 2215 1006 2372 Ulpianus}
1028 2219 1111 2285 libro

1008 2309 1112 2374 ocium

19 2303 20 2368 j
106 2310 297 2396 trigessimo
329 2309 435 2392 primo
469 2309 509 2372 ad
541 2308 681 2374 edietum
714 2305 763 2392 (P.
783 2307 886 2394 922⁶).
916 2344 954 2354 —

19 2405 20 2474 f
106 2401 258 2465 universa
279 2399 314 2462 in
333 2398 521 2462 societatem
539 2396 685 2462 conferre
703 2396 819 2460 debere
837 2394 992 2461 Neratius
1010 2397 1066 2478 ait,
1085 2399 1112 2462 si

19 2537 21 2554 .
105 2489 249 2554 omnium
273 2487 432 2551 bonorum
455 2486 562 2551 socius
581 2486 633 2550 sit.
670 2486 703 2548 et
720 2484 793 2548 ideo
813 2484 880 2548 sire
899 2484 941 2548 ob
959 2483 1111 2550 iniuriam

19 2567 20 2580 ¹
107 2577 167 2642 sibi
194 2577 315 2642 foetam
343 2575 393 2638 vel
421 2596 460 2638 ex
482 2573 553 2659 lege
576 2573 722 2658 Aquilia,
748 2573 816 2637 sive
838 2572 940 2656 ipsius
964 2572 1030 2636 sire
1053 2573 1112 2640 filii

19 2685 20 2760 ,
106 2666 236 2749 corpori
257 2664 401 2730 nocitum
426 2663 482 2746 sit,
505 2661 650 2727 conferre
673 2660 787 2725 debere
811 2659 983 2744 respondit.

483 2839 534 2905 De
554 2840 737 2922 siduitasore.

193 2965 245 3030 36.
269 2964 307 3030 D.
322 2966 397 3049 4,3,
414 2966 463 3030 19.
501 2963 697 3048 Papinianus
719 2962 806 3028 libro
827 2961 1019 3047 trigessimo
1043 2983 1112 3046 sep·

105 3055 186 3119 timo
201 3053 435 3130 Quaestionum
449 3053 499 3141 (P.
514 3050 604 3206 3892.
620 3050 710 3118 ——Si
729 3050 898 3117 fideiussor
915 3050 1110 3136 promissum

106 3142 226 3207 animal
251 3148 325 3208 ante
347 3164 474 3208 moram
496 3144 564 3208 ooei
587 3143 657 3227 erit,
681 3141 719 3206 de
743 3141 816 3206 dolo
840 3141 1000 3207 sotionem
1021 3139 1111 3207 reddi

104 3231 258 3296 adversus
290 3253 364 3297 eum
396 3234 542 3316 oportere
569 3228 722 3296 Neratius
749 3228 878 3296 Priscus
907 3233 940 3294 et
966 3228 1112 3295 Iulianus

104 3320 353 3405 responderunt,
395 3321 548 3405 quoniam
586 3320 731 3385 debitore
767 3318 904 3384 liberato
942 3339 1000 3403 per
1037 3339 1112 3384 eon·

19 3465 20 3486 2
102 3410 286 3494 sequentias
309 3410 380 3495 ipse
403 3431 529 3495 quoque
553 3408 736 3474 dimittitur.

19 3641 20 3644 ,
177 3589 191 3636 1
212 3582 260 3640 Fl.
279 3585 423 3640 interesse.

19 3651 20 3738 f
158 3682 255 3732 Iurtspr.
269 3683 385 3726 outebedr.
399 3683 448 3724 rell.
463 3683 497 3724 ed.
511 3683 609 3723 Bromer.
633 3681 665 3732 11,
674 3682 692 3722 t.
867 3671 901 3720 20
