2590 3902
153 219 220 284 264
255 219 288 274 V.
307 218 456 274 NERVAE}
475 219 523 274 ΕΤ
542 219 695 274 ΤΒΑἷΑΝΙ
713 219 821 274 ΤΕΜΡ.
839 218 935 274 IURIS
955 217 1138 275 consum

155 389 205 462 16,
221 388 249 446 8.
275 388 435 463 13,1,13.
476 386 599 463 accedit,
618 387 698 465 quod
717 380 835 447 ‘Prisci'
853 405 997 464 responsa
1013 387 1164 464 quaedam

153 476 191 535 ad
214 474 383 535 Fulcinium
406 475 547 535 videntur
569 476 675 535 referri
697 492 792 552 posse.

541 671 579 730 H.
608 717 614 730 .
632 671 770 730 ..libri

241 795 277 853 In
304 793 390 854 libris
412 794 540 853 Fulcinii
569 786 618 875 (D.
635 797 686 871 24,
702 797 731 871 1,
746 797 786 854 23
796 815 839 871 pr.
863 795 965 873 Pomp.
994 790 1163 855 ‘Fulcinius

153 874 310 963 scripsit’),
320 901 448 960 quorum
460 902 555 961 neque
569 901 677 942 nomen
690 902 787 959 neque
801 887 1011 962 argumentum
1022 883 1164 962 cognosci

152 975 261 1049 potest,
271 972 405 1048 priorum
417 990 562 1048 responsa
571 971 684 1030 tradita
698 974 729 1030 et
742 973 912 1032 examinata
924 973 1017 1032 fuisse
1027 977 1164 1050 apparet.

153 1062 188 1121 D.
204 1064 254 1136 39,
270 1064 299 1135 6,
314 1062 364 1120 43.
389 1062 440 1133 31,
454 1062 507 1135 49,
522 1062 551 1120 2.
596 1062 729 1119 ceterum
755 1061 890 1137 priorum
916 1061 1066 1137 responsis
1092 1081 1164 1138 pro·

150 1151 219 1227 pria
246 1150 374 1209 fortasse
402 1149 535 1208 admixta
557 1148 691 1208 luerunt:
719 1149 800 1226 quod
821 1167 996 1225 responsum
1018 1150 1165 1211 Neratius

153 1259 169 1298 e
188 1238 318 1299 Fulcinii
336 1237 421 1297 libris
440 1237 631 1312 desumptum
650 1237 685 1299 D.
701 1239 753 1316 39,
768 1239 797 1314 6,
811 1239 853 1298 43
862 1258 906 1314 pr.
925 1239 1036 1317 posuit,
1058 1241 1165 1298 utrum

153 1328 248 1404 ipsius
264 1326 392 1386 Fulcinii
410 1346 449 1385 an
468 1325 593 1386 alterius
612 1326 661 1400 sit,
680 1326 819 1404 cognosci
836 1327 948 1403 nequit.
983 1328 1165 1405 plerumque

154 1417 190 1476 de
217 1415 292 1476 iuris
320 1414 416 1475 ciuilis
439 1413 589 1475 institutis
612 1414 727 1491 agitur,
753 1415 849 1476 veluti
872 1417 907 1474 de
930 1416 1053 1494 legatis,
1083 1416 1165 1490 dcte,

154 1507 246 1566 furto.
281 1503 410 1563 Fulcinii
432 1503 501 1563 libri
524 1502 672 1581 eiusdem,
696 1503 723 1562 si
745 1503 819 1581 quid
840 1504 936 1579 rideo,
958 1505 1020 1565 fere
1043 1506 1165 1582 generis

155 1595 286 1670 fuerunt,
304 1593 388 1652 11111
403 1592 547 1668 Atilicini,
562 1591 685 1666 Minicii,
699 1591 796 1668 Ursei,
812 1592 926 1653 Plautii
940 1592 1069 1652 habendi
1083 1596 1164 1655 sunt.

242 1682 425 1759 Fragmenta
449 1681 612 1741 secundum
636 1680 770 1740 ordinem
793 1680 987 1741 Sabinianum
1011 1682 1165 1743 collocavi.

454 1832 504 1899 De
526 1835 703 1901 hereditatis
724 1836 868 1901 1111111111.

245 1941 287 2005 1?
314 1940 353 2005 D.
373 1942 426 2022 39,
446 1942 475 2025 6,
494 1941 546 2006 21.
591 1940 682 2007 Idem
710 1938 885 2030 (Iulianus)
912 1941 996 2007 libro
1025 1942 1166 2008 secundo

157 2029 198 2094 ad
226 2027 376 2095 Urseium
401 2028 563 2094 Ferocem.
589 2066 627 2076 -
653 2029 737 2094 Fum
765 2031 820 2114 qui
846 2034 884 2094 ut
911 2030 1015 2095 adiret
1041 2031 1167 2096 heredi-

158 2121 261 2183 tatem
279 2118 447 2201 peouniam
468 2119 653 2201 accepisset,
675 2119 830 2205 plerique,
847 2118 882 2182 in
901 2118 1016 2202 quibus
1035 2118 1167 2185 Priscus

156 2208 297 2292 quoque,
318 2206 555 2291 responderunt
576 2207 691 2272 mortis
715 2228 813 2272 eausa
836 2207 926 2272 ecm²
950 2229 1072 2292 capere.

570 2364 621 2431 Dc
638 2366 753 2450 tepetis.

245 2473 275 2538 2.
307 2472 346 2538 D.
366 2472 419 2557 31,
437 2472 491 2558 49,
509 2474 539 2538 2.
588 2471 709 2536 Ρ11111
737 2472 821 2537 libro
850 2472 962 2558 quinto
992 2473 1034 2538 ad
1059 2471 1168 2558 legem

156 2561 274 2627 Iuliam
302 2566 334 2626 et
361 2561 497 2647 Papiam
526 2559 574 2648 (P.
593 2560 681 2646 949).
708 2598 752 2608 -
779 2559 887 2628 Labeo
915 2562 1014 2627 refert
1041 2582 1168 2647 agrum,

158 2653 249 2717 cuius
278 2652 503 2716 commercium
531 2671 595 2716 non
619 2650 735 2733 habes,
762 2650 864 2736 legari
887 2650 948 2716 tibi
971 2673 1066 2736 posse
1089 2649 1168 2714 Fre·

157 2741 281 2806 betium
309 2740 526 2824 respondisse,
554 2738 639 2823 quod
654 2787 661 2804 .
676 2789 683 2804 .
697 2738 827 2804 Priscus
853 2737 1018 2804 Fulcinius
1045 2739 1167 2805 falsum

159 2850 229 2894 esse
253 2829 368 2893 aiebat.

248 2916 291 2982 3?
316 2916 353 2980 D.
369 2918 397 2999 7,
412 2917 442 2999 8,
458 2917 508 2993 10,
522 2916 552 2980 2.
593 2915 752 3000 Ulpianus
777 2916 859 2982 libro
883 2916 1021 3000 septimo
1042 2916 1169 2982 decimo

160 3004 201 3069 ad
226 3003 381 3068 Sabinum
405 3001 455 3090 (P.
474 3000 586 3089 2576).
613 3040 650 3050 -
683 3004 770 3069 ..si
798 3005 843 3069 sic
870 3006 1000 3070 relictus
1031 3005 1074 3070 sit
1105 3004 1170 3070 ‘illi

160 3093 273 3157 domus
306 3111 397 3156 usum
426 3091 565 3156 fructum
592 3091 761 3157 habitandi
788 3093 905 3178 causa',
936 3097 1046 3159 utrum
1076 3092 1169 3159 habi-

158 3182 316 3246 tationem
353 3180 456 3245 solam
493 3202 535 3244 an
568 3201 644 3244 vero
676 3184 709 3245 et
740 3201 834 3246 usum
865 3182 1006 3248 fructum
1038 3181 1169 3267 habeat,

161 3269 340 3335 uidendum.
379 3274 412 3333 et
431 3265 577 3334 Ρ1111112
595 3272 628 3334 et
645 3267 797 3334 Neratius
815 3275 934 3353 putant
953 3271 1057 3335 solam
1075 3270 1169 3336 habi·

160 3359 318 3424 tationem
341 3357 490 3442 legatam.

232 3521 247 3640 b
263 3513 423 3654 {bealmeis
436 3602 466 3639 τε
474 3582 532 3654 ἅμα
541 3586 589 3641 111
600 3584 739 3656 Νεράτιος
749 3585 906 3657 Stephanus
915 3585 952 3641 ad
961 3585 1024 3642 Bas.
1037 3592 1078 3656 16,
1088 3557 1116 3656 8,
1126 3591 1170 3642 10.
