2590 3902
511 211 535 260 3.
554 203 718 263 inmotos

487 425 543 486 ΙΠ.
577 469 630 486 ...
653 425 751 490 libri.

201 551 247 614 De
270 550 382 616 Minioii
410 550 493 612 libris
518 551 662 627 plercque
684 549 716 608 in
738 549 848 611 Iuliani
870 551 1003 615 eiusdem
1026 553 1124 631 operis

110 641 286 708 recensione
316 639 525 718 inveniuntur,
556 639 641 700 ouius
668 639 839 718 fragmenta
866 640 1065 706 Tribonienus
1093 642 1125 712 in

110 749 188 792 nous
211 729 341 806 Digesto
363 728 484 804 recepit.
525 728 637 794 sedne
660 727 770 790 Iuliani
793 727 912 804 quidem
935 730 1027 798 libros
1051 731 1124 800 setis

110 818 248 897 cognitos
277 817 435 895 habemus,
463 825 531 878 eunt
557 817 590 882 in
615 816 766 895 plerisque
793 816 983 896 fragmentis
1011 818 1125 885 scilieet

109 907 238 984 triginta
261 924 323 983 sex,
346 905 416 968 libri
440 897 824 977 ε111411111141,1111111111
847 908 975 982 tentum,
999 908 1076 976 sicut
1093 908 1125 966 in

109 995 207 1060 indice
223 995 408 1068 Florentino,
426 985 868 1064 ε141111111111110111112114.
905 995 1019 1060 aceedit
1037 996 1123 1072 quod,

109 1103 294 1166 quamquam
320 1083 352 1150 in
378 1082 500 1160 Ulpiani
527 1083 695 1160 fragmento
719 1075 769 1163 (D.
786 1085 837 1160 19,
854 1086 881 1159 1,
903 1085 952 1156 11,
969 1077 1023 1162 15)
1052 1085 1124 1149 haec

108 1174 266 1252 leguntur:
290 1163 467 1253 (Iulianus)
491 1171 568 1236 libro
593 1170 706 1239 decimo
730 1171 809 1250 apud
828 1171 984 1238 Minicium
1006 1167 1072 1246 cit',
1093 1173 1125 1234 in

108 1261 272 1330 Iustiniani
300 1261 433 1338 Digestis
466 1259 537 1322 alibi
568 1277 717 1336 nusquam
747 1261 831 1326 ultre,
863 1263 982 1326 sextum
1013 1260 1124 1328 libruun

108 1351 285 1430 fragments
312 1351 414 1418 extent
441 1352 472 1412 et
496 1349 528 1407 in
549 1348 646 1408 indice
668 1347 841 1414 Florentino
865 1349 976 1416 diserte
999 1349 1124 1429 tegitur:
1220 1431 1222 1436 Ι

110 1431 290 1505 ‘’leotwvoo
318 1439 357 1503 au
383 1437 537 1504 Minicium
563 1436 665 1518 βιβλία
688 1433 737 1514 1ξῖ
784 1439 886 1518 iisque
909 1438 1045 1503 nonnulli
1067 1438 1125 1504 viri

109 1528 191 1592 docti
213 1547 268 1606 pro
288 1521 377 1589 ‘libro
396 1521 433 1586 X’
455 1519 646 1603 potius‘libro
664 1521 705 1582 V'
726 1526 914 1590 scribendum
933 1544 998 1590 esse
1016 1529 1125 1606 putant

109 1613 263 1697 (Kmeger
290 1636 318 1692 p.
340 1619 401 1680 161
432 1635 460 1677 n.
482 1607 573 1694 120),
601 1617 634 1674 st
660 1614 754 1678 Lenel
781 1615 848 1676 Ρ.Ι
875 1615 1019 1684 101484
1046 1634 1074 1674 n.
1105 1617 1122 1681 5

107 1707 174 1768 iure
192 1707 309 1767 monet:
329 1699 566 1783 ‘inscriptionem
585 1704 693 1764 falsam
711 1722 775 1764 esse
793 1705 875 1770 nullo
895 1705 983 1768 modo
997 1707 1123 1779 contat,

108 1794 322 1872 ignorantibus
340 1794 436 1872 nobis,
455 1811 494 1856 sn
513 1792 686 1858 universum
700 1792 809 1860 Iuliani
823 1811 898 1870 opus
912 1793 950 1852 nd
964 1793 1125 1859 Iustiniani

111 1886 246 1943 aetatem
268 1876 460 1958 pervenerit'.

197 1973 236 2036 In
261 1971 450 2032 recensendis
474 1971 585 2032 Iuliani
611 1970 787 2050 fragmentis
811 1969 988 2044 Tribonieui
1015 1989 1122 2042 munus

108 2061 231 2140 saepius
255 2060 436 2140 agnoscitur.
481 2060 602 2125 maximi
625 2063 726 2128 sutem
751 2059 895 2128 momenti
918 2060 1054 2140 quaestio
1078 2063 1124 2130 est

109 2151 146 2210 de
165 2149 353 2212 accersendis
371 2147 485 2211 Minicii
502 2148 643 2216 nlulicni
658 2148 765 2216 verbis.
805 2151 896 2228 utque
911 2168 1124 2229 nonnunquam

108 2238 222 2304 Iuliani
255 2240 345 2300 notae
372 2237 483 2306 diserte
510 2238 700 2306 exhibentur:
728 2237 764 2300 D.
786 2237 836 2313 33,
856 2239 923 2316 3,1
950 2233 1123 2316 ‘respondit
1157 2245 1160 2254 “

109 2373 160 2388 ...
185 2327 321 2388 Iulianus
344 2329 443 2388 notet:
467 2325 621 2389 videamus
647 2319 710 2388 ...'
747 2326 784 2395 D.
800 2328 828 2404 6,
845 2328 873 2402 1,
887 2329 927 2394 81
949 2319 1123 2403 ‘respoudit

163 2416 300 2480 Iulianus
314 2418 413 2478 notat:
433 2434 502 2474 nem
521 2410 571 2476 ...'
609 2415 641 2484 iu
658 2415 717 2480 clio
732 2413 900 2492 fingmento
914 2406 1122 2494 (D.17,1,33)

110 2524 144 2564 re
172 2505 328 2581 proposita
355 2505 428 2564 hceo
455 2505 610 2582 leguntur:
639 2497 785 2572 ‘lulianus
812 2502 912 2570 uerius
939 2497 1049 2582 putct',
1077 2503 1124 2569 bis

110 2593 226 2659 scilicet
244 2593 280 2654 D.
297 2595 326 2671 3,
341 2595 370 2670 3,
383 2596 422 2656 76
443 2595 474 2652 et
492 2595 544 2671 46,
555 2595 585 2670 8,
596 2594 647 2668 23,
670 2593 755 2661 baec:
779 2585 926 2660 ‘Iulianus
945 2585 1124 2668 respondit’3

108 2701 325 2758 nonnunquam
352 2682 435 2742 nullo
468 2681 599 2746 auctoris
629 2680 749 2748 nomine
778 2679 879 2758 addito
907 2681 1035 2742 tantem:
1069 2672 1125 2738 ‘ree

108 2764 243 2848 spondit
277 2763 329 2850 (o.
349 2773 405 2847 41,
424 2772 459 2847 4,
480 2772 529 2831 10.
559 2771 611 2846 46,
631 2772 659 2847 1,
682 2771 731 2832 19.
761 2769 811 2846 ss,
831 2770 860 2842 3,
879 2769 930 2830 49.
961 2770 988 2842 e,
1010 2770 1038 2839 1,
1057 2759 1124 2847 ss),

109 2853 258 2936 ‘negavit’
278 2851 328 2939 (D.
340 2861 369 2937 8,
380 2860 470 2936 3,31.
486 2861 538 2933 43,
550 2860 600 2933 20,
611 2859 640 2922 b.
656 2848 824 2938 22,1,26),
849 2856 977 2936 deniquo
1000 2859 1123 2921 auctore

107 2967 170 3014 non
193 2947 362 3028 designato:
395 2940 558 3024 ‘respondi'
582 2939 820 3029 (1124119,
848 2947 878 3025 8,
894 2945 922 3024 b,
938 2937 1003 3028 18),
1027 2938 1124 3025 ‘puto'

108 3030 161 3118 (D.
178 3039 229 3110 41,
246 3039 275 3113 2,
291 3029 362 3118 39),
387 3031 482 3096 ‘cuius
507 3035 672 3100 sententiae
772 3039 802 3104 et
826 3053 881 3114 ego
905 3028 982 3094 sum'
1002 3025 1053 3117 (D.
1072 3038 1123 3116 40,

69 3167 72 3173 .
111 3118 245 3207 1130).

199 3215 235 3274 ln
272 3213 339 3274 nliis
376 3233 479 3274 eorum
513 3233 588 3292 quse
621 3232 718 3293 supra·
743 3214 857 3290 protuli
888 3214 1124 3292 fragmentorum

107 3303 221 3366 Inlisni
255 3303 419 3368 sententies
450 3302 557 3366 referri
584 3304 776 3369 menifestum
805 3306 863 3379 est,
895 3303 1004 3379 quibus
1032 3302 1124 3366 etism

107 3392 208 3454 alters
226 3411 297 3470 pers
316 3391 478 3470 fragmenti
496 3390 575 3469 quod
594 3392 771 3471 D.47,2,co
789 3391 910 3470 legitur,
930 3391 1124 3460 attribuenda

111 3485 167 3558 est,
190 3482 222 3541 in
246 3501 305 3558 quo
326 3480 477 3543 sententie
495 3480 635 3556 anonymi
654 3480 808 3541 cuiusdam
827 3480 923 3544 relata
941 3479 1014 3543 hsec
1033 3477 1124 3553 verbe

108 3569 278 3634 adduntur:
308 3563 375 3632 ‘boo
403 3573 504 3640 temen
528 3570 573 3632 its
596 3568 799 3643 accipiendum
822 3571 868 3626 est
889 3559 954 3630 ...'
997 3567 1028 3628 in
1055 3565 1122 3628 eliis

142 3675 145 3682 '
162 3679 259 3728 Iuriepr.
274 3679 392 3720 sntohsdr.
406 3677 455 3718 rell.
469 3678 504 3718 ed.
518 3677 619 3716 Bremsr.
639 3672 671 3725 Π,
682 3676 700 3714 2.
878 3667 910 3714 18
1099 3653 1103 3657 ’
