2570 3904
386 229 411 280 4.
430 223 458 278 G.
474 223 619 279 CASSIUS
638 221 823 280 LONGINUS
1068 226 1110 289 35

107 389 148 448 ne
192 390 403 450 donationibus
447 392 493 450 ne
539 393 735 454 servitutibus

25 511 26 554 ³
146 473 178 558 (ι.
192 472 265 561 111).
493 475 527 562 (1.
541 472 591 562 x).

25 571 26 614 ³
107 585 147 644 De
192 587 387 647 servitutibus
446 589 491 648 De
537 588 748 648 donationibus

25 655 26 724 ἵ
146 668 178 757 (1.
193 673 264 754 ru).
491 674 526 757 (ι.
540 677 635 760 xiv).

446 785 491 844 oe
512 786 602 844 fures
621 778 766 866 (lxlv).

447 892 493 952 De
533 893 600 971 lego
643 892 766 969 Aquilia

492 974 525 1061 (1.
544 973 638 1063 xm).

189 1122 350 1183 Iavolenus
382 1121 413 1181 in
445 1123 530 1183 libris
562 1143 598 1183 ex
625 1123 727 1184 Cassio
761 1123 932 1198 compositis
960 1125 1111 1185 honorarii

107 1230 218 1288 qnoque
237 1210 312 1270 iuris
329 1211 451 1270 ridetur
468 1213 615 1272 rationem
633 1213 774 1273 habuisse
792 1231 889 1290 neque
907 1213 940 1272 in
957 1213 1003 1272 his
1022 1215 1111 1275 rebus

108 1299 197 1361 Oussii
219 1301 295 1359 iuris
318 1300 414 1361 civilis
438 1300 523 1360 libris
546 1321 618 1361 usus
642 1320 715 1361 esse.

190 1389 302 1448 Earum
330 1408 448 1467 quoque
475 1391 703 1468 sententiarum,
731 1409 805 1468 quas
834 1393 955 1451 anctore
979 1410 1039 1450 non
1065 1392 1111 1451 in·

106 1477 200 1538 dicato
222 1477 383 1540 Iavolenus
405 1479 533 1556 profert,
560 1499 630 1556 pars
653 1480 773 1556 quidem
797 1479 891 1539 Cassii
915 1497 979 1539 esse
1001 1483 1112 1560 potest,

107 1568 150 1625 cni
181 1573 284 1626 tamen
316 1587 384 1645 sua,
422 1586 490 1628 cum
522 1568 701 1628 discriminis
733 1569 864 1628 rationes
896 1588 950 1628 nos
982 1569 1110 1648 fugiant,

105 1657 234 1716 tribuere
256 1657 307 1716 vix
329 1657 408 1716 licet.

190 1745 227 1804 ln
250 1746 429 1806 collocandis
448 1745 542 1806 Cassii
565 1746 742 1824 fragmentis
764 1750 794 1806 et
813 1747 957 1806 Sabinum
976 1752 1006 1807 et
1024 1749 1110 1809 Iavo-

105 1833 204 1894 lenum'
228 1835 321 1894 duces
346 1835 431 1912 sequi
453 1835 534 1896 lieet.

371 1989 375 1998 ’
460 1993 462 1998 ’
530 2031 639 2090 aroer
660 2031 684 2090 1.

472 2147 523 2216 De
544 2153 740 2217 testamentis.

189 2280 236 2338 De
257 2281 319 2350 sta
341 2279 474 2352 feralitas
496 2281 540 2339 oet
562 2283 734 2341 londoardo
756 2282 801 2341 uel
823 2283 1025 2342 eedmedcuclo.

191 2401 219 2466 1.
244 2399 313 2464 Gai.
328 2400 359 2484 2,
374 2399 446 2464 123.
468 2435 506 2446 -
527 2400 626 2485 ..qui
648 2400 750 2465 filium
769 2402 802 2464 in
820 2405 983 2485 potestate
1000 2401 1110 2484 habet,

104 2512 211 2556 curare
236 2488 340 2573 debet,
363 2492 400 2552 ut
423 2510 495 2552 eum
520 2489 569 2554 vel
593 2490 740 2554 heredem
762 2490 986 2556 instituat-vel
1008 2491 1109 2554 nomi-

103 2580 204 2644 natim
227 2577 412 2662 exheredet3
436 2578 578 2661 alioquin
602 2578 629 2643 si
653 2601 724 2643 eum
748 2579 878 2642 silentio
899 2578 1110 2662 praeterierit,

103 2669 262 2733 inutiliter
284 2666 472 2751 testabitur,
500 2667 579 2731 adeo
603 2668 745 2751 quidem,
775 2669 809 2729 nt
832 2667 938 2730 nostri
959 2687 1108 2750 praecep-

102 2761 189 2823 tores
220 2757 418 2839 existiment,
451 2756 577 2821 etiamsi
604 2755 679 2820 vino
706 2759 799 2838 patre
827 2753 912 2818 filius
940 2754 1109 2820 defunctus

103 2847 156 2930 sit,
197 2845 358 2910 neminem
397 2844 548 2910 heredem
589 2866 627 2908 ex
665 2865 703 2908 eo
740 2846 935 2909 testamento
973 2844 1108 2910 existere

25 2937 26 2992 ἐ
101 2957 210 3021 posse,
242 2934 318 3019 quia
351 2933 473 2998 seilicet
505 2935 614 2999 statim
643 2934 684 2999 ab
711 2930 805 2998 initio
832 2954 898 2997 non
926 2935 1109 3000 eonstiterit

101 3025 272 3090 institutio.
373 3039 376 3044 ·

25 3119 26 3128 ’
189 3115 219 3179 2.
241 3111 280 3177 D.
295 3112 347 3197 28,
362 3113 392 3194 2,
408 3108 485 3194 3,’”6.
522 3109 611 3175 Idem
631 3107 689 3264 ξε.
704 3109 882 3198 Ulpianus)
902 3112 986 3178 libro
1005 3113 1108 3197 primo

103 3203 141 3266 ad
170 3201 326 3268 Sabinum
355 3198 403 3287 (P.
422 3198 533 3288 2433).
562 3237 603 3246 -
658 3202 667 3263 i
693 3200 746 3264 ita
777 3204 916 3266 testatus
948 3203 991 3266 sit
1016 3204 1109 3285 pater

25 3327 26 3330 κ
102 3291 254 3376 familias,
277 3295 315 3355 nt
339 3312 357 3354 a
379 3289 485 3374 primo
510 3289 638 3374 quidem
662 3290 762 3373 mado
784 3289 886 3354 filium
910 3289 1109 3382 praeteriret,

102 3403 121 3444 a
149 3381 288 3446 seeundo
317 3380 386 3444 solo
416 3379 636 3462 exheredaret,
664 3377 800 3443 Sabinus
830 3382 862 3442 et
890 3374 1022 3443 Cassius

25 3473 26 3478 ’
102 3475 216 3553 putent
235 3471 402 3555 perempto
418 3468 522 3551 primo
538 3466 640 3552 gradu
654 3468 884 3531 testamentum
899 3467 939 3529 ab
954 3486 992 3528 eo
1006 3463 1109 3546 gradu

25 3583 26 3618 ³
104 3559 266 3626 exordium
291 3577 419 3642 capere,
440 3556 523 3622 unde
545 3555 631 3619 filius
655 3553 864 3618 exheredatus
889 3557 946 3615 est.

862 3651 897 3703 3*
