2570 3904
335 225 360 272 3.
382 217 419 272 Μ.
435 215 609 272 docemus
628 215 754 270 NERVA
773 214 808 272 M.
825 217 853 270 F.
1037 301 1042 310 .
1080 216 1100 278 7

179 386 262 456 Quae
284 385 400 457 inclusi,
423 384 544 444 Pernice
567 384 699 444 eicienda
720 385 827 444 merito
852 387 960 444 censet.

178 476 213 534 ci.
229 473 294 535 Gai.
311 476 338 552 2,
355 477 404 535 67.

178 584 207 649 6.
232 583 271 649 D.
281 584 388 664 ibid.§
402 585 451 648 14.
466 620 508 630 —
522 582 604 648 Item
623 583 709 647 feras
726 582 855 664 bestias,
874 604 954 666 quas
968 583 1102 648 vivariis

25 739 26 742 ,
101 672 329 757 incluserimus,
356 677 389 736 et
415 674 535 757 pisces,
562 693 643 757 quos
665 671 699 735 in
721 672 861 755 piscinas
885 672 1102 755 ooiecerimus,

25 807 26 828 .
100 762 228 827 anobis
252 761 419 846 possideri.
462 760 516 826 sed
541 783 595 825 eos
618 759 732 844 pisces,
755 761 810 844 qui
831 760 866 824 in
890 765 1006 845 stagno
1027 761 1102 844 sint,

100 856 149 914 aut
165 851 261 932 feras,
282 872 363 934 quae
381 851 414 914 in
435 848 522 914 silvis
542 847 762 929 circumseptis
781 854 951 933 vagantur,
971 872 989 914 a
1008 850 1102 915 nobis

99 959 157 1003 non
169 938 339 1023 possideri,
352 939 506 1023 quoniam
520 938 651 1002 relictae
666 938 731 1002 sint
745 938 779 1000 in
789 938 938 1002 libertate
948 939 1103 1024 naturali,

99 1027 237 1112 alioquin
257 1027 355 1091 etiam
374 1029 401 1091 si
421 1028 493 1113 quis
513 1028 628 1092 silvam
646 1026 769 1110 emerit,
786 1026 888 1090 videri
902 1049 974 1091 eum
990 1050 1103 1092 omnes

99 1115 174 1181 feras
199 1116 372 1201 possidere.

180 1227 217 1288 cf.
233 1226 298 1287 Gai
314 1230 341 1301 2,
357 1229 407 1287 68.

183 1340 212 1404 7.
239 1337 279 1404 D.
292 1337 459 1417 ibid.§17
485 1360 513 1402 v.
537 1359 634 1421 supra
657 1361 688 1420 p.
702 1336 733 1401 5.

25 1501 26 1514 ἶ
182 1427 212 1491 8.
244 1425 284 1491 D.
302 1427 354 1510 41,
373 1427 402 1511 2,
421 1426 474 1490 47.
505 1461 542 1472 -
571 1424 661 1490 Idem
694 1425 752 1506 (sc.
776 1421 988 1510 Papinianus)
1021 1425 1105 1490 libro

25 1519 27 1568 ἶ
101 1514 268 1579 vicensimo
306 1518 397 1580 sexto
427 1514 658 1590 Quaestionum
692 1512 741 1602 (P.
766 1511 854 1601 319).
889 1551 927 1560 -
964 1512 999 1580 si
1035 1536 1105 1578 rem

25 1645 26 1680 ,
102 1603 245 1668 mobilem
278 1603 361 1687 apud
392 1607 425 1668 te
455 1603 634 1686 depositam
663 1608 720 1668 aut
747 1625 786 1667 ex
813 1602 1016 1670 commodato
1044 1604 1105 1668 tibi

25 1741 26 1776 ὦ
103 1689 534 1845 ἕέἓὲῗζὲῗωέωῑὲἓέἒώέἓ
556 1692 872 1864 ..ttttttttt
890 1697 1106 1866 ἳὲἓὶῗξῖῖῗέἰ

25 1883 26 1958 3
101 1889 283 1954 responsum
307 1872 365 1933 est.
404 1870 493 1956 cuius
517 1873 564 1933 rei
586 1869 725 1934 forsitan
748 1870 806 1934 illa
828 1870 912 1936 ratio
937 1875 995 1955 est,
1018 1872 1104 1956 quod

25 1959 26 1982 ³
102 1977 201 2022 rerum
215 1958 383 2024 mobilium
394 1959 542 2043 neglecta
552 1961 648 2040 atquc
658 1957 779 2023 omissa
788 1959 943 2043 custodia,
958 1960 1105 2043 quamvis

25 2039 26 2116 i
103 2066 148 2110 eas
171 2068 268 2110 nemo
293 2046 375 2111 alius
398 2047 562 2130 invaserit,
585 2047 702 2111 veteris
721 2048 933 2131 possessionis
953 2048 1104 2113 damnum

105 2135 221 2200 adferre
254 2136 438 2218 consuevit,
470 2134 565 2219 idque
588 2133 703 2200 Nerva·
729 2136 816 2201 filius
844 2136 936 2200 libris
965 2136 1003 2200 de
1031 2159 1105 2201 usu·

106 2224 288 2309 capionibus
315 2224 448 2290 rettulit
497 2223 582 2289 idem
610 2225 723 2289 scribit
751 2225 848 2290 aliam
876 2247 1006 2290 causam
1036 2247 1106 2290 esse

103 2309 236 2378 hominis
257 2312 452 2378 commodati
467 2313 587 2377 omissa
600 2312 760 2397 custodia3
778 2336 853 2377 nam
867 2313 1106 2397 possessionem

102 2401 218 2465 tamdiu
249 2403 393 2465 veterem
424 2401 578 2487 retineris
610 2401 761 2487 quamdiu
794 2424 888 2468 nemo
922 2402 1004 2468 alius
1033 2424 1105 2467 eum

102 2489 260 2570 possidere
293 2491 434 2575 eoeperit
466 2491 627 2571 [videlicet
653 2491 739 2573 ideo,
771 2492 846 2576 quia
872 2493 981 2575 potest
1008 2491 1105 2556 homo

102 2577 263 2662 proposito
279 2577 432 2643 redeundi
447 2577 576 2644 domino
591 2580 827 2663 possessionem
843 2580 893 2644 sui
908 2600 1107 2656 conservare,

102 2667 185 2730 euius
204 2688 338 2751 corpore
357 2671 479 2732 ceteras
499 2689 625 2752 quoque
644 2689 694 2731 res
713 2688 884 2750 possumus
902 2665 1066 2749 possidere
1074 2666 1105 2748 ‘?]

472 2849 528 2909 III.
561 2893 612 2909 ...
636 2848 731 2908 libri.

25 3045 26 3048 Ἴ
184 2961 269 3024 Alios
287 2982 414 3041 quorum
432 2964 468 3023 de
487 2970 663 3042 argumento
682 2964 758 3022 nihil
770 2966 856 3040 patet
869 2963 961 3023 libros
975 2965 1108 3026 Nervam

25 3105 27 3158 ,
106 3052 297 3128 composuisse
319 3052 436 3129 reliqua
459 3054 629 3161 fragmenta
651 3053 792 3113 indicant.

511 3207 560 3272 De
582 3207 696 3290 tepetis.

25 3385 26 3416 ,
188 3332 215 3394 1.
237 3328 458 3415 Ι).7,1,13,7.
501 3329 590 3395 Idem
615 3327 672 3417 (se.
691 3329 864 3417 Ulpianus)
888 3331 969 3396 libro
993 3335 1106 3396 octavo

25 3417 27 3428 '
105 3413 220 3483 decimo
249 3418 290 3483 ad
313 3418 469 3485 Sabinum
494 3416 544 3506 (P.
558 3416 670 3505 2582).
697 3455 735 3466 —
762 3468 790 3483 ..
820 3418 848 3482 si
876 3419 1002 3483 aedium
1029 3439 1108 3481 usus

170 3589 183 3636 1
205 3585 251 3640 Fr.
269 3585 339 3643 fieri.
