<?xml version="1.0" encoding="UTF-8"?>
<!DOCTYPE html PUBLIC "-//W3C//DTD XHTML 1.0 Transitional//EN"
    "http://www.w3.org/TR/xhtml1/DTD/xhtml1-transitional.dtd">
<html xmlns="http://www.w3.org/1999/xhtml" xml:lang="en" lang="en">
 <head>
  <title>
</title>
<meta http-equiv="Content-Type" content="text/html;charset=utf-8" />
  <meta name='ocr-system' content='tesseract 3.04.00' />
  <meta name='ocr-capabilities' content='ocr_page ocr_carea ocr_par ocr_line ocrx_word'/>
</head>
<body>
  <div class='ocr_page' id='page_1' title='image "./iurisprudentiae03bremgoog_0619.png"; bbox 0 0 2568 3912; ppageno 0'>
   <div class='ocr_carea' id='block_1_1' title="bbox 202 189 1089 257">
    <p class='ocr_par' dir='ltr' id='par_1_1' title="bbox 202 189 1089 257">
     <span class='ocr_line' id='line_1_1' title="bbox 202 189 1089 257; baseline 0.016 -15"><span class='ocrx_word' id='word_1_1' title='bbox 202 191 234 243; x_wconf 92' lang='lat' dir='ltr'><strong>V.</strong></span> <span class='ocrx_word' id='word_1_2' title='bbox 255 189 353 256; x_wconf 77' lang='lat' dir='ltr'>QUOD</span> <span class='ocrx_word' id='word_1_3' title='bbox 373 189 542 246; x_wconf 81' lang='lat' dir='ltr'>‘DIGITUR’</span> <span class='ocrx_word' id='word_1_4' title='bbox 563 190 635 246; x_wconf 85' lang='lat' dir='ltr'><strong>VEL</strong></span> <span class='ocrx_word' id='word_1_5' title='bbox 657 191 789 247; x_wconf 76' lang='lat' dir='ltr'><strong>‘VULGO</strong></span> <span class='ocrx_word' id='word_1_6' title='bbox 808 191 975 247; x_wconf 82' lang='lat' dir='ltr'><strong>DIOITUR’.</strong></span> <span class='ocrx_word' id='word_1_7' title='bbox 1024 191 1089 257; x_wconf 82' lang='lat'><strong>589</strong></span> 
     </span>
    </p>
   </div>
   <div class='ocr_carea' id='block_1_2' title="bbox 363 357 803 560">
    <p class='ocr_par' dir='ltr' id='par_1_2' title="bbox 363 357 803 560">
     <span class='ocr_line' id='line_1_2' title="bbox 363 357 803 434; baseline 0.002 -16"><span class='ocrx_word' id='word_1_8' title='bbox 363 359 390 418; x_wconf 92' lang='lat' dir='ltr'><strong>b.</strong></span> <span class='ocrx_word' id='word_1_9' title='bbox 421 357 474 417; x_wconf 81' lang='lat' dir='ltr'><strong>An</strong></span> <span class='ocrx_word' id='word_1_10' title='bbox 496 358 552 418; x_wconf 90' lang='lat' dir='ltr'><strong>ius</strong></span> <span class='ocrx_word' id='word_1_11' title='bbox 574 360 803 434; x_wconf 86' lang='lat' dir='ltr'><strong>praetorium.</strong></span> 
     </span>
     <span class='ocr_line' id='line_1_3' title="bbox 487 476 682 560; baseline 0 -19"><span class='ocrx_word' id='word_1_12' title='bbox 487 476 538 542; x_wconf 90' lang='lat' dir='ltr'><strong>De</strong></span> <span class='ocrx_word' id='word_1_13' title='bbox 552 478 682 560; x_wconf 72' lang='lat' dir='ltr'><strong>peculio.</strong></span> 
     </span>
    </p>
   </div>
   <div class='ocr_carea' id='block_1_3' title="bbox 80 590 1090 924">
    <p class='ocr_par' dir='ltr' id='par_1_3' title="bbox 80 590 1090 924">
     <span class='ocr_line' id='line_1_4' title="bbox 170 590 1089 675; baseline 0.004 -20"><span class='ocrx_word' id='word_1_14' title='bbox 170 592 222 656; x_wconf 86' lang='grc'><strong>20.</strong></span> <span class='ocrx_word' id='word_1_15' title='bbox 245 590 284 656; x_wconf 90' lang='lat' dir='ltr'><strong>D.</strong></span> <span class='ocrx_word' id='word_1_16' title='bbox 309 592 487 675; x_wconf 85' lang='lat'><strong>15,1,51.</strong></span> <span class='ocrx_word' id='word_1_17' title='bbox 533 591 688 658; x_wconf 82' lang='lat' dir='ltr'><strong>Scaevola</strong></span> <span class='ocrx_word' id='word_1_18' title='bbox 710 593 793 657; x_wconf 91' lang='lat' dir='ltr'><strong>libro</strong></span> <span class='ocrx_word' id='word_1_19' title='bbox 822 595 959 660; x_wconf 83' lang='lat' dir='ltr'><strong>seeundo</strong></span> <span class='ocrx_word' id='word_1_20' title='bbox 985 594 1089 671; x_wconf 81' lang='lat' dir='ltr'><strong>Quae·</strong></span> 
     </span>
     <span class='ocr_line' id='line_1_5' title="bbox 81 680 1089 768; baseline 0.004 -24"><span class='ocrx_word' id='word_1_21' title='bbox 81 680 230 745; x_wconf 90' lang='lat' dir='ltr'><strong>stionum.</strong></span> <span class='ocrx_word' id='word_1_22' title='bbox 256 716 295 726; x_wconf 96' lang='lat'>-</span> <span class='ocrx_word' id='word_1_23' title='bbox 396 682 525 765; x_wconf 86' lang='lat' dir='ltr'><strong>dieitur,</strong></span> <span class='ocrx_word' id='word_1_24' title='bbox 553 684 580 747; x_wconf 88' lang='lat' dir='ltr'><strong>si</strong></span> <span class='ocrx_word' id='word_1_25' title='bbox 604 704 677 747; x_wconf 87' lang='lat' dir='ltr'><strong>oum</strong></span> <span class='ocrx_word' id='word_1_26' title='bbox 705 703 768 747; x_wconf 90' lang='lat' dir='ltr'><strong>uno</strong></span> <span class='ocrx_word' id='word_1_27' title='bbox 792 705 831 747; x_wconf 84' lang='lat' dir='ltr'><strong>ex</strong></span> <span class='ocrx_word' id='word_1_28' title='bbox 855 682 950 748; x_wconf 86' lang='lat' dir='ltr'><strong>soriis</strong></span> <span class='ocrx_word' id='word_1_29' title='bbox 973 688 1089 768; x_wconf 79' lang='lat' dir='ltr'>agatur</span> 
     </span>
     <span class='ocr_line' id='line_1_6' title="bbox 80 765 1090 856; baseline 0.005 -24"><span class='ocrx_word' id='word_1_30' title='bbox 80 765 138 853; x_wconf 87' lang='lat' dir='ltr'><strong>(se.</strong></span> <span class='ocrx_word' id='word_1_31' title='bbox 150 769 187 833; x_wconf 87' lang='lat' dir='ltr'><strong>de</strong></span> <span class='ocrx_word' id='word_1_32' title='bbox 201 766 353 856; x_wconf 82' lang='lat' dir='ltr'><strong>peculio),</strong></span> <span class='ocrx_word' id='word_1_33' title='bbox 368 770 550 835; x_wconf 89' lang='lat' dir='ltr'><strong>universum</strong></span> <span class='ocrx_word' id='word_1_34' title='bbox 565 772 727 854; x_wconf 84' lang='lat' dir='ltr'><strong>peculium</strong></span> <span class='ocrx_word' id='word_1_35' title='bbox 740 772 1000 856; x_wconf 83' lang='lat' dir='ltr'><strong>computandum,</strong></span> <span class='ocrx_word' id='word_1_36' title='bbox 1014 774 1090 856; x_wconf 90' lang='lat' dir='ltr'><strong>quia</strong></span> 
     </span>
     <span class='ocr_line' id='line_1_7' title="bbox 80 858 445 924; baseline 0.005 -2"><span class='ocrx_word' id='word_1_37' title='bbox 80 858 218 922; x_wconf 82' lang='lat' dir='ltr'><strong>situum</strong></span> <span class='ocrx_word' id='word_1_38' title='bbox 242 858 329 923; x_wconf 81' lang='lat' dir='ltr'><strong>socio</strong></span> <span class='ocrx_word' id='word_1_39' title='bbox 353 859 445 924; x_wconf 84' lang='lat' dir='ltr'><strong>aetio.</strong></span> 
     </span>
    </p>
   </div>
   <div class='ocr_carea' id='block_1_4' title="bbox 367 1016 806 1104">
    <p class='ocr_par' dir='ltr' id='par_1_4' title="bbox 367 1016 806 1104">
     <span class='ocr_line' id='line_1_8' title="bbox 367 1016 806 1104; baseline 0.007 -22"><span class='ocrx_word' id='word_1_40' title='bbox 367 1016 418 1084; x_wconf 90' lang='lat' dir='ltr'><strong>De</strong></span> <span class='ocrx_word' id='word_1_41' title='bbox 440 1019 586 1083; x_wconf 74' lang='lat' dir='ltr'><strong>horrorum</strong></span> <span class='ocrx_word' id='word_1_42' title='bbox 607 1020 806 1104; x_wconf 77' lang='lat' dir='ltr'><strong><em>separatione.</em></strong></span> 
     </span>
    </p>
   </div>
   <div class='ocr_carea' id='block_1_5' title="bbox 78 1121 1089 1388">
    <p class='ocr_par' dir='ltr' id='par_1_5' title="bbox 78 1121 1089 1388">
     <span class='ocr_line' id='line_1_9' title="bbox 169 1121 1088 1211; baseline 0.002 -22"><span class='ocrx_word' id='word_1_43' title='bbox 169 1125 220 1189; x_wconf 94' lang='grc'><strong>21.</strong></span> <span class='ocrx_word' id='word_1_44' title='bbox 244 1121 282 1189; x_wconf 90' lang='lat' dir='ltr'><strong>D.</strong></span> <span class='ocrx_word' id='word_1_45' title='bbox 306 1125 359 1207; x_wconf 98' lang='grc'><strong>42,</strong></span> <span class='ocrx_word' id='word_1_46' title='bbox 381 1124 412 1208; x_wconf 89' lang='grc'><strong>6,</strong></span> <span class='ocrx_word' id='word_1_47' title='bbox 436 1127 464 1207; x_wconf 94' lang='grc'><strong>1,</strong></span> <span class='ocrx_word' id='word_1_48' title='bbox 489 1127 538 1191; x_wconf 89' lang='grc'><strong>13.</strong></span> <span class='ocrx_word' id='word_1_49' title='bbox 584 1125 743 1210; x_wconf 80' lang='lat' dir='ltr'><strong>Ulpianus</strong></span> <span class='ocrx_word' id='word_1_50' title='bbox 766 1125 850 1190; x_wconf 88' lang='lat' dir='ltr'><strong>libro</strong></span> <span class='ocrx_word' id='word_1_51' title='bbox 866 1125 1088 1211; x_wconf 86' lang='lat' dir='ltr'><strong>sexagensimo</strong></span> 
     </span>
     <span class='ocr_line' id='line_1_10' title="bbox 80 1211 1089 1299; baseline 0.003 -23"><span class='ocrx_word' id='word_1_52' title='bbox 80 1216 195 1295; x_wconf 89' lang='lat' dir='ltr'><strong>quarto</strong></span> <span class='ocrx_word' id='word_1_53' title='bbox 220 1211 260 1276; x_wconf 89' lang='lat' dir='ltr'><strong>ad</strong></span> <span class='ocrx_word' id='word_1_54' title='bbox 280 1213 428 1278; x_wconf 87' lang='lat' dir='ltr'><strong>edietum.</strong></span> <span class='ocrx_word' id='word_1_55' title='bbox 441 1249 485 1260; x_wconf 92' lang='lat'>—</span> <span class='ocrx_word' id='word_1_56' title='bbox 500 1262 529 1278; x_wconf 96' lang='lat'><strong>..</strong></span> <span class='ocrx_word' id='word_1_57' title='bbox 548 1213 664 1278; x_wconf 89' lang='lat' dir='ltr'><strong>dieitur</strong></span> <span class='ocrx_word' id='word_1_58' title='bbox 681 1219 757 1299; x_wconf 90' lang='lat' dir='ltr'><strong>post</strong></span> <span class='ocrx_word' id='word_1_59' title='bbox 777 1216 915 1279; x_wconf 89' lang='lat' dir='ltr'><strong>multum</strong></span> <span class='ocrx_word' id='word_1_60' title='bbox 933 1215 1089 1297; x_wconf 89' lang='lat' dir='ltr'><strong>temporis</strong></span> 
     </span>
     <span class='ocr_line' id='line_1_11' title="bbox 78 1300 718 1388; baseline 0.002 -22"><span class='ocrx_word' id='word_1_61' title='bbox 78 1300 316 1384; x_wconf 78' lang='lat' dir='ltr'><strong>separationem</strong></span> <span class='ocrx_word' id='word_1_62' title='bbox 339 1303 505 1388; x_wconf 89' lang='lat' dir='ltr'><strong>impetrari</strong></span> <span class='ocrx_word' id='word_1_63' title='bbox 526 1325 593 1367; x_wconf 91' lang='lat' dir='ltr'><strong>non</strong></span> <span class='ocrx_word' id='word_1_64' title='bbox 615 1324 718 1387; x_wconf 88' lang='lat' dir='ltr'><strong>posse.</strong></span> 
     </span>
    </p>
   </div>
   <div class='ocr_carea' id='block_1_6' title="bbox 379 1460 785 1545">
    <p class='ocr_par' dir='ltr' id='par_1_6' title="bbox 379 1460 785 1545">
     <span class='ocr_line' id='line_1_12' title="bbox 379 1460 785 1545; baseline 0.002 -19"><span class='ocrx_word' id='word_1_65' title='bbox 379 1460 430 1526; x_wconf 90' lang='lat' dir='ltr'><strong>De</strong></span> <span class='ocrx_word' id='word_1_66' title='bbox 451 1462 561 1544; x_wconf 71' lang='lat' dir='ltr'><strong>daphne</strong></span> <span class='ocrx_word' id='word_1_67' title='bbox 582 1463 785 1545; x_wconf 58' lang='lat' dir='ltr'><strong>attractatam.</strong></span> 
     </span>
    </p>
   </div>
   <div class='ocr_carea' id='block_1_7' title="bbox 75 1574 1091 2104">
    <p class='ocr_par' dir='ltr' id='par_1_7' title="bbox 75 1574 1091 1996">
     <span class='ocr_line' id='line_1_13' title="bbox 169 1574 1091 1662; baseline 0.004 -24"><span class='ocrx_word' id='word_1_68' title='bbox 169 1575 221 1640; x_wconf 95' lang='grc'><strong>22.</strong></span> <span class='ocrx_word' id='word_1_69' title='bbox 248 1574 288 1640; x_wconf 92' lang='lat' dir='ltr'><strong>D.</strong></span> <span class='ocrx_word' id='word_1_70' title='bbox 315 1576 368 1659; x_wconf 90' lang='grc'><strong>21,</strong></span> <span class='ocrx_word' id='word_1_71' title='bbox 394 1578 424 1660; x_wconf 91' lang='grc'><strong>2,</strong></span> <span class='ocrx_word' id='word_1_72' title='bbox 455 1578 504 1659; x_wconf 90' lang='grc'><strong>16,</strong></span> <span class='ocrx_word' id='word_1_73' title='bbox 533 1580 562 1642; x_wconf 93' lang='grc'><strong>1.</strong></span> <span class='ocrx_word' id='word_1_74' title='bbox 607 1577 806 1662; x_wconf 85' lang='lat' dir='ltr'>Pomponius</span> <span class='ocrx_word' id='word_1_75' title='bbox 833 1578 916 1642; x_wconf 87' lang='lat' dir='ltr'><strong>libro</strong></span> <span class='ocrx_word' id='word_1_76' title='bbox 938 1598 1025 1642; x_wconf 92' lang='lat' dir='ltr'><strong>nono</strong></span> <span class='ocrx_word' id='word_1_77' title='bbox 1050 1577 1091 1642; x_wconf 90' lang='lat' dir='ltr'><strong>ad</strong></span> 
     </span>
     <span class='ocr_line' id='line_1_14' title="bbox 77 1661 1088 1751; baseline 0.005 -24"><span class='ocrx_word' id='word_1_78' title='bbox 77 1661 244 1728; x_wconf 81' lang='lat' dir='ltr'><strong>Sabinum.</strong></span> <span class='ocrx_word' id='word_1_79' title='bbox 267 1701 310 1712; x_wconf 91' lang='lat'><strong>—-</strong></span> <span class='ocrx_word' id='word_1_80' title='bbox 334 1664 460 1750; x_wconf 86' lang='lat' dir='ltr'><strong>Duplae</strong></span> <span class='ocrx_word' id='word_1_81' title='bbox 483 1667 650 1750; x_wconf 79' lang='lat' dir='ltr'><strong>stipulatio</strong></span> <span class='ocrx_word' id='word_1_82' title='bbox 674 1667 833 1731; x_wconf 86' lang='lat' dir='ltr'><strong>committi</strong></span> <span class='ocrx_word' id='word_1_83' title='bbox 857 1666 973 1732; x_wconf 89' lang='lat' dir='ltr'><strong>dieitur</strong></span> <span class='ocrx_word' id='word_1_84' title='bbox 1002 1671 1088 1751; x_wconf 88' lang='lat' dir='ltr'><strong>tuno,</strong></span> 
     </span>
     <span class='ocr_line' id='line_1_15' title="bbox 76 1752 1090 1839; baseline 0.002 -21"><span class='ocrx_word' id='word_1_85' title='bbox 76 1774 154 1818; x_wconf 86' lang='lat' dir='ltr'><strong>oum</strong></span> <span class='ocrx_word' id='word_1_86' title='bbox 180 1773 231 1818; x_wconf 90' lang='lat' dir='ltr'><strong>res</strong></span> <span class='ocrx_word' id='word_1_87' title='bbox 253 1752 402 1819; x_wconf 87' lang='lat' dir='ltr'><strong>restituta</strong></span> <span class='ocrx_word' id='word_1_88' title='bbox 430 1759 480 1819; x_wconf 89' lang='lat' dir='ltr'><strong>est</strong></span> <span class='ocrx_word' id='word_1_89' title='bbox 506 1755 651 1839; x_wconf 89' lang='lat' dir='ltr'><strong>petitori,</strong></span> <span class='ocrx_word' id='word_1_90' title='bbox 679 1757 729 1820; x_wconf 84' lang='lat' dir='ltr'><strong>vel</strong></span> <span class='ocrx_word' id='word_1_91' title='bbox 753 1754 924 1820; x_wconf 88' lang='lat' dir='ltr'><strong>damnatus</strong></span> <span class='ocrx_word' id='word_1_92' title='bbox 952 1760 1001 1820; x_wconf 90' lang='lat' dir='ltr'><strong>est</strong></span> <span class='ocrx_word' id='word_1_93' title='bbox 1021 1755 1090 1820; x_wconf 88' lang='lat' dir='ltr'><strong>litis</strong></span> 
     </span>
     <span class='ocr_line' id='line_1_16' title="bbox 77 1839 1090 1929; baseline 0.003 -23"><span class='ocrx_word' id='word_1_94' title='bbox 77 1839 316 1928; x_wconf 86' lang='lat' dir='ltr'><strong>aestimatione,</strong></span> <span class='ocrx_word' id='word_1_95' title='bbox 341 1844 388 1908; x_wconf 87' lang='lat' dir='ltr'><strong>vol</strong></span> <span class='ocrx_word' id='word_1_96' title='bbox 411 1865 577 1927; x_wconf 84' lang='lat' dir='ltr'><strong>possessor</strong></span> <span class='ocrx_word' id='word_1_97' title='bbox 601 1844 641 1908; x_wconf 90' lang='lat' dir='ltr'><strong>ab</strong></span> <span class='ocrx_word' id='word_1_98' title='bbox 666 1848 810 1929; x_wconf 87' lang='lat' dir='ltr'><strong>emptore</strong></span> <span class='ocrx_word' id='word_1_99' title='bbox 833 1849 1008 1909; x_wconf 84' lang='lat' dir='ltr'><strong>conventus</strong></span> <span class='ocrx_word' id='word_1_100' title='bbox 1034 1845 1090 1909; x_wconf 86' lang='lat' dir='ltr'><strong>ab·</strong></span> 
     </span>
     <span class='ocr_line' id='line_1_17' title="bbox 75 1928 285 1996; baseline -0.005 0"><span class='ocrx_word' id='word_1_101' title='bbox 75 1928 204 1996; x_wconf 88' lang='lat' dir='ltr'><strong>solutus</strong></span> <span class='ocrx_word' id='word_1_102' title='bbox 228 1934 285 1995; x_wconf 88' lang='lat' dir='ltr'><strong>est.</strong></span> 
     </span>
    </p>

    <p class='ocr_par' dir='ltr' id='par_1_8' title="bbox 431 2021 730 2104">
     <span class='ocr_line' id='line_1_18' title="bbox 431 2021 730 2104; baseline 0 -18"><span class='ocrx_word' id='word_1_103' title='bbox 431 2021 480 2086; x_wconf 83' lang='lat' dir='ltr'><strong>De</strong></span> <span class='ocrx_word' id='word_1_104' title='bbox 502 2021 730 2104; x_wconf 77' lang='lat' dir='ltr'><strong>eroeptiooibos.</strong></span> 
     </span>
    </p>
   </div>
   <div class='ocr_carea' id='block_1_8' title="bbox 76 2125 1088 2390">
    <p class='ocr_par' dir='ltr' id='par_1_9' title="bbox 76 2125 1088 2390">
     <span class='ocr_line' id='line_1_19' title="bbox 168 2125 1087 2213; baseline 0.003 -23"><span class='ocrx_word' id='word_1_105' title='bbox 168 2127 219 2190; x_wconf 85' lang='grc'><strong>23.</strong></span> <span class='ocrx_word' id='word_1_106' title='bbox 237 2125 278 2192; x_wconf 90' lang='lat' dir='ltr'><strong>D.</strong></span> <span class='ocrx_word' id='word_1_107' title='bbox 295 2127 349 2208; x_wconf 91' lang='grc'><strong>44,</strong></span> <span class='ocrx_word' id='word_1_108' title='bbox 366 2128 396 2210; x_wconf 91' lang='grc'><strong>4,</strong></span> <span class='ocrx_word' id='word_1_109' title='bbox 414 2128 444 2211; x_wconf 93' lang='grc'><strong>4,</strong></span> <span class='ocrx_word' id='word_1_110' title='bbox 459 2128 509 2194; x_wconf 81' lang='grc'><strong>21.</strong></span> <span class='ocrx_word' id='word_1_111' title='bbox 542 2127 701 2213; x_wconf 87' lang='lat' dir='ltr'><strong>Ulpianus</strong></span> <span class='ocrx_word' id='word_1_112' title='bbox 720 2129 806 2194; x_wconf 89' lang='lat' dir='ltr'><strong>libro</strong></span> <span class='ocrx_word' id='word_1_113' title='bbox 826 2127 1087 2213; x_wconf 77' lang='lat' dir='ltr'><strong>septuagensimo</strong></span> 
     </span>
     <span class='ocr_line' id='line_1_20' title="bbox 76 2212 1088 2301; baseline 0 -21"><span class='ocrx_word' id='word_1_114' title='bbox 76 2217 171 2280; x_wconf 85' lang='lat' dir='ltr'><strong>sexto</strong></span> <span class='ocrx_word' id='word_1_115' title='bbox 195 2213 235 2277; x_wconf 84' lang='lat' dir='ltr'><strong>ad</strong></span> <span class='ocrx_word' id='word_1_116' title='bbox 264 2212 411 2282; x_wconf 85' lang='lat' dir='ltr'><strong>edietum.</strong></span> <span class='ocrx_word' id='word_1_117' title='bbox 436 2253 474 2262; x_wconf 97' lang='lat'>—</span> <span class='ocrx_word' id='word_1_118' title='bbox 575 2218 714 2282; x_wconf 89' lang='lat' dir='ltr'><strong>traditur</strong></span> <span class='ocrx_word' id='word_1_119' title='bbox 744 2217 789 2281; x_wconf 88' lang='lat' dir='ltr'><strong>rei</strong></span> <span class='ocrx_word' id='word_1_120' title='bbox 817 2217 945 2301; x_wconf 88' lang='lat' dir='ltr'><strong>quidem</strong></span> <span class='ocrx_word' id='word_1_121' title='bbox 974 2217 1088 2282; x_wconf 84' lang='lat' dir='ltr'><strong>cohae-</strong></span> 
     </span>
     <span class='ocr_line' id='line_1_21' title="bbox 77 2303 1088 2390; baseline 0.001 -23"><span class='ocrx_word' id='word_1_122' title='bbox 77 2305 205 2382; x_wconf 77' lang='lat' dir='ltr'><strong>rentem</strong></span> <span class='ocrx_word' id='word_1_123' title='bbox 225 2303 445 2384; x_wconf 77' lang='lat' dir='ltr'><strong>exceptionem</strong></span> <span class='ocrx_word' id='word_1_124' title='bbox 464 2305 561 2370; x_wconf 88' lang='lat' dir='ltr'><strong>etiam</strong></span> <span class='ocrx_word' id='word_1_125' title='bbox 582 2306 720 2390; x_wconf 89' lang='lat' dir='ltr'><strong>emptori</strong></span> <span class='ocrx_word' id='word_1_126' title='bbox 738 2327 862 2390; x_wconf 81' lang='lat' dir='ltr'><strong>nocere,</strong></span> <span class='ocrx_word' id='word_1_127' title='bbox 881 2309 1088 2387; x_wconf 80' lang='lat' dir='ltr'><strong>sanantem,</strong></span> 
     </span>
    </p>
   </div>
   <div class='ocr_carea' id='block_1_9' title="bbox 76 2388 1086 2478">
    <p class='ocr_par' dir='ltr' id='par_1_10' title="bbox 76 2388 1086 2478">
     <span class='ocr_line' id='line_1_22' title="bbox 76 2388 1086 2478; baseline 0.001 -24"><span class='ocrx_word' id='word_1_128' title='bbox 76 2411 163 2476; x_wconf 86' lang='lat' dir='ltr'><strong>quae</strong></span> <span class='ocrx_word' id='word_1_129' title='bbox 187 2411 226 2453; x_wconf 84' lang='lat' dir='ltr'><strong>ex</strong></span> <span class='ocrx_word' id='word_1_130' title='bbox 245 2388 359 2456; x_wconf 81' lang='lat' dir='ltr'><strong>delicto</strong></span> <span class='ocrx_word' id='word_1_131' title='bbox 378 2413 534 2474; x_wconf 87' lang='lat' dir='ltr'><strong>personas</strong></span> <span class='ocrx_word' id='word_1_132' title='bbox 554 2394 685 2478; x_wconf 87' lang='lat' dir='ltr'><strong>oriatur,</strong></span> <span class='ocrx_word' id='word_1_133' title='bbox 706 2415 822 2458; x_wconf 82' lang='lat' dir='ltr'><strong>nocere</strong></span> <span class='ocrx_word' id='word_1_134' title='bbox 840 2414 906 2457; x_wconf 90' lang='lat' dir='ltr'><strong>non</strong></span> <span class='ocrx_word' id='word_1_135' title='bbox 926 2397 1086 2478; x_wconf 89' lang='lat' dir='ltr'><strong>oportere.</strong></span> 
     </span>
    </p>
   </div>
   <div class='ocr_carea' id='block_1_10' title="bbox 137 2575 944 2768">
    <p class='ocr_par' dir='ltr' id='par_1_11' title="bbox 137 2575 944 2768">
     <span class='ocr_line' id='line_1_23' title="bbox 137 2575 944 2661; baseline 0.007 -22"><span class='ocrx_word' id='word_1_136' title='bbox 137 2599 140 2604; x_wconf 89' lang='lat'>·</span> <span class='ocrx_word' id='word_1_137' title='bbox 226 2584 254 2640; x_wconf 87' lang='grc'><strong>2.</strong></span> <span class='ocrx_word' id='word_1_138' title='bbox 285 2579 382 2652; x_wconf 80' lang='lat' dir='ltr'><strong>Quod</strong></span> <span class='ocrx_word' id='word_1_139' title='bbox 406 2575 529 2661; x_wconf 71' lang='lat' dir='ltr'><strong>‘vulgo</strong></span> <span class='ocrx_word' id='word_1_140' title='bbox 553 2579 704 2642; x_wconf 85' lang='lat' dir='ltr'><strong>dieitur&#39;</strong></span> <span class='ocrx_word' id='word_1_141' title='bbox 729 2583 944 2661; x_wconf 87' lang='lat' dir='ltr'><strong>similiaque.</strong></span> 
     </span>
     <span class='ocr_line' id='line_1_24' title="bbox 422 2705 749 2768; baseline 0.003 -2"><span class='ocrx_word' id='word_1_142' title='bbox 422 2710 450 2766; x_wconf 94' lang='lat'><strong>1.</strong></span> <span class='ocrx_word' id='word_1_143' title='bbox 476 2705 530 2766; x_wconf 86' lang='lat' dir='ltr'><strong>Ad</strong></span> <span class='ocrx_word' id='word_1_144' title='bbox 551 2708 608 2767; x_wconf 89' lang='lat' dir='ltr'><strong>ius</strong></span> <span class='ocrx_word' id='word_1_145' title='bbox 631 2707 749 2768; x_wconf 82' lang='lat' dir='ltr'><strong>civile.</strong></span> 
     </span>
    </p>
   </div>
   <div class='ocr_carea' id='block_1_11' title="bbox 456 2816 718 2882">
    <p class='ocr_par' dir='ltr' id='par_1_12' title="bbox 456 2816 718 2882">
     <span class='ocr_line' id='line_1_25' title="bbox 456 2816 718 2882; baseline -0.008 0"><span class='ocrx_word' id='word_1_146' title='bbox 456 2816 507 2882; x_wconf 89' lang='lat' dir='ltr'><strong>De</strong></span> <span class='ocrx_word' id='word_1_147' title='bbox 528 2818 718 2882; x_wconf 77' lang='lat' dir='ltr'><strong>testamentis.</strong></span> 
     </span>
    </p>
   </div>
   <div class='ocr_carea' id='block_1_12' title="bbox 169 2921 1088 3008">
    <p class='ocr_par' dir='ltr' id='par_1_13' title="bbox 169 2921 1088 3008">
     <span class='ocr_line' id='line_1_26' title="bbox 169 2921 1088 3008; baseline 0.001 -20"><span class='ocrx_word' id='word_1_148' title='bbox 169 2925 196 2989; x_wconf 91' lang='lat'><strong>1.</strong></span> <span class='ocrx_word' id='word_1_149' title='bbox 229 2921 267 2988; x_wconf 93' lang='lat' dir='ltr'><strong>D.</strong></span> <span class='ocrx_word' id='word_1_150' title='bbox 300 2923 356 3006; x_wconf 88' lang='grc'><strong>28,</strong></span> <span class='ocrx_word' id='word_1_151' title='bbox 391 2924 425 3002; x_wconf 94' lang='grc'><strong>2,</strong></span> <span class='ocrx_word' id='word_1_152' title='bbox 465 2925 519 3006; x_wconf 87' lang='grc'><strong>14,</strong></span> <span class='ocrx_word' id='word_1_153' title='bbox 558 2924 586 2988; x_wconf 94' lang='grc'><strong>1.</strong></span> <span class='ocrx_word' id='word_1_154' title='bbox 641 2924 813 2988; x_wconf 82' lang='lat' dir='ltr'><strong>Africanus</strong></span> <span class='ocrx_word' id='word_1_155' title='bbox 849 2924 934 2989; x_wconf 86' lang='lat' dir='ltr'><strong>libro</strong></span> <span class='ocrx_word' id='word_1_156' title='bbox 972 2928 1088 3008; x_wconf 89' lang='lat' dir='ltr'><strong>quarto</strong></span> 
     </span>
    </p>
   </div>
   <div class='ocr_carea' id='block_1_13' title="bbox 76 3012 1088 3186">
    <p class='ocr_par' dir='ltr' id='par_1_14' title="bbox 76 3012 1088 3186">
     <span class='ocr_line' id='line_1_27' title="bbox 76 3012 1088 3099; baseline 0.001 -21"><span class='ocrx_word' id='word_1_157' title='bbox 76 3013 318 3090; x_wconf 84' lang='lat' dir='ltr'><strong>Quaestionum.</strong></span> <span class='ocrx_word' id='word_1_158' title='bbox 345 3047 382 3058; x_wconf 91' lang='lat'><em>-</em></span> <span class='ocrx_word' id='word_1_159' title='bbox 414 3062 441 3076; x_wconf 93' lang='lat'><strong>..</strong></span> <span class='ocrx_word' id='word_1_160' title='bbox 462 3014 557 3097; x_wconf 79' lang='lat' dir='ltr'><strong>vulgo</strong></span> <span class='ocrx_word' id='word_1_161' title='bbox 582 3012 700 3076; x_wconf 86' lang='lat' dir='ltr'><strong>dieitur</strong></span> <span class='ocrx_word' id='word_1_162' title='bbox 723 3034 795 3077; x_wconf 91' lang='lat' dir='ltr'><strong>eum</strong></span> <span class='ocrx_word' id='word_1_163' title='bbox 819 3013 963 3099; x_wconf 86' lang='lat' dir='ltr'><strong>gradum,</strong></span> <span class='ocrx_word' id='word_1_164' title='bbox 987 3035 1088 3097; x_wconf 90' lang='lat' dir='ltr'><strong>aquo</strong></span> 
     </span>
     <span class='ocr_line' id='line_1_28' title="bbox 76 3101 686 3186; baseline -0.003 -18"><span class='ocrx_word' id='word_1_165' title='bbox 76 3104 166 3168; x_wconf 90' lang='lat' dir='ltr'><strong>filius</strong></span> <span class='ocrx_word' id='word_1_166' title='bbox 189 3101 383 3186; x_wconf 88' lang='lat' dir='ltr'><strong>praeteritus</strong></span> <span class='ocrx_word' id='word_1_167' title='bbox 399 3101 457 3184; x_wconf 87' lang='lat' dir='ltr'><strong>sit,</strong></span> <span class='ocrx_word' id='word_1_168' title='bbox 480 3123 546 3166; x_wconf 91' lang='lat' dir='ltr'><strong>non</strong></span> <span class='ocrx_word' id='word_1_169' title='bbox 571 3103 686 3166; x_wconf 88' lang='lat' dir='ltr'><strong>valere.</strong></span> 
     </span>
    </p>
   </div>
   <div class='ocr_carea' id='block_1_14' title="bbox 168 3261 1088 3454">
    <p class='ocr_par' dir='ltr' id='par_1_15' title="bbox 168 3261 1088 3454">
     <span class='ocr_line' id='line_1_29' title="bbox 489 3261 673 3345; baseline -0.005 -17"><span class='ocrx_word' id='word_1_170' title='bbox 489 3261 539 3328; x_wconf 90' lang='lat' dir='ltr'><strong>De</strong></span> <span class='ocrx_word' id='word_1_171' title='bbox 561 3263 673 3345; x_wconf 73' lang='lat' dir='ltr'><strong>tepolis.</strong></span> 
     </span>
     <span class='ocr_line' id='line_1_30' title="bbox 168 3365 1088 3454; baseline -0.002 -22"><span class='ocrx_word' id='word_1_172' title='bbox 168 3365 259 3432; x_wconf 86' lang='grc'><strong>21).</strong></span> <span class='ocrx_word' id='word_1_173' title='bbox 287 3367 339 3447; x_wconf 85' lang='lat'><strong>35,</strong></span> <span class='ocrx_word' id='word_1_174' title='bbox 366 3369 396 3447; x_wconf 92' lang='grc'><strong>2,</strong></span> <span class='ocrx_word' id='word_1_175' title='bbox 426 3369 476 3451; x_wconf 91' lang='grc'><strong>11,</strong></span> <span class='ocrx_word' id='word_1_176' title='bbox 505 3368 535 3434; x_wconf 84' lang='lat'><strong>5.</strong></span> <span class='ocrx_word' id='word_1_177' title='bbox 580 3368 664 3433; x_wconf 89' lang='lat' dir='ltr'><strong>Item</strong></span> <span class='ocrx_word' id='word_1_178' title='bbox 688 3369 746 3454; x_wconf 87' lang='lat' dir='ltr'><strong>(so.</strong></span> <span class='ocrx_word' id='word_1_179' title='bbox 769 3365 980 3454; x_wconf 86' lang='lat' dir='ltr'><strong>Papinianus)</strong></span> <span class='ocrx_word' id='word_1_180' title='bbox 1002 3367 1088 3431; x_wconf 91' lang='lat' dir='ltr'><strong>libro</strong></span> 
     </span>
    </p>
   </div>
   <div class='ocr_carea' id='block_1_15' title="bbox 77 3455 1088 3628">
    <p class='ocr_par' dir='ltr' id='par_1_16' title="bbox 77 3455 1088 3628">
     <span class='ocr_line' id='line_1_31' title="bbox 77 3455 1088 3542; baseline -0.003 -21"><span class='ocrx_word' id='word_1_181' title='bbox 77 3457 233 3523; x_wconf 79' lang='lat' dir='ltr'><strong>vicesimo</strong></span> <span class='ocrx_word' id='word_1_182' title='bbox 264 3477 350 3522; x_wconf 92' lang='lat' dir='ltr'><strong>nono</strong></span> <span class='ocrx_word' id='word_1_183' title='bbox 379 3455 622 3532; x_wconf 79' lang='lat' dir='ltr'><strong>Quaestionum.</strong></span> <span class='ocrx_word' id='word_1_184' title='bbox 649 3493 689 3504; x_wconf 89' lang='lat'><em>-</em></span> <span class='ocrx_word' id='word_1_185' title='bbox 724 3457 877 3542; x_wconf 87' lang='lat' dir='ltr'><strong>..vulgo</strong></span> <span class='ocrx_word' id='word_1_186' title='bbox 906 3456 1023 3520; x_wconf 87' lang='lat' dir='ltr'><strong>dieitur</strong></span> <span class='ocrx_word' id='word_1_187' title='bbox 1054 3456 1088 3518; x_wconf 92' lang='lat' dir='ltr'><strong>in</strong></span> 
     </span>
     <span class='ocr_line' id='line_1_32' title="bbox 77 3544 938 3628; baseline -0.002 -17"><span class='ocrx_word' id='word_1_188' title='bbox 77 3545 201 3611; x_wconf 85' lang='lat' dir='ltr'><strong>tabulis</strong></span> <span class='ocrx_word' id='word_1_189' title='bbox 224 3545 326 3628; x_wconf 89' lang='lat' dir='ltr'><strong>patris</strong></span> <span class='ocrx_word' id='word_1_190' title='bbox 351 3549 383 3608; x_wconf 92' lang='lat' dir='ltr'><strong>et</strong></span> <span class='ocrx_word' id='word_1_191' title='bbox 404 3544 465 3609; x_wconf 91' lang='lat' dir='ltr'><strong>filii</strong></span> <span class='ocrx_word' id='word_1_192' title='bbox 488 3568 586 3610; x_wconf 89' lang='lat' dir='ltr'><strong>unam</strong></span> <span class='ocrx_word' id='word_1_193' title='bbox 610 3545 785 3610; x_wconf 85' lang='lat' dir='ltr'><strong>Falcidiam</strong></span> <span class='ocrx_word' id='word_1_194' title='bbox 808 3546 938 3609; x_wconf 87' lang='lat' dir='ltr'><strong>servari.</strong></span> 
     </span>
    </p>
   </div>
   <div class='ocr_carea' id='block_1_16' title="bbox 0 0 1288 3912">
    <p class='ocr_par' dir='ltr' id='par_1_17' title="bbox 0 0 1288 3912">
     <span class='ocr_line' id='line_1_33' title="bbox 0 0 1288 3912; baseline 0 1"><span class='ocrx_word' id='word_1_195' title='bbox 0 0 1288 3912; x_wconf 95' lang='lat' dir='ltr'><strong> </strong></span> 
     </span>
    </p>
   </div>
  </div>
 </body>
</html>
