<?xml version="1.0" encoding="UTF-8"?>
<!DOCTYPE html PUBLIC "-//W3C//DTD XHTML 1.0 Transitional//EN"
    "http://www.w3.org/TR/xhtml1/DTD/xhtml1-transitional.dtd">
<html xmlns="http://www.w3.org/1999/xhtml" xml:lang="en" lang="en">
 <head>
  <title>
</title>
<meta http-equiv="Content-Type" content="text/html;charset=utf-8" />
  <meta name='ocr-system' content='tesseract 3.04.00' />
  <meta name='ocr-capabilities' content='ocr_page ocr_carea ocr_par ocr_line ocrx_word'/>
</head>
<body>
  <div class='ocr_page' id='page_1' title='image "./iurisprudentiae03bremgoog_0458.png"; bbox 0 0 2614 3912; ppageno 0'>
   <div class='ocr_carea' id='block_1_1' title="bbox 192 199 1162 267">
    <p class='ocr_par' dir='ltr' id='par_1_1' title="bbox 192 199 1162 267">
     <span class='ocr_line' id='line_1_1' title="bbox 192 199 1162 267; baseline -0.001 -10"><span class='ocrx_word' id='word_1_1' title='bbox 192 201 257 267; x_wconf 82' lang='grc'><strong><em>428</em></strong></span> <span class='ocrx_word' id='word_1_2' title='bbox 295 202 327 258; x_wconf 89' lang='lat' dir='ltr'><strong><em>V.</em></strong></span> <span class='ocrx_word' id='word_1_3' title='bbox 346 201 497 258; x_wconf 75' lang='lat' dir='ltr'><strong>NERVAE</strong></span> <span class='ocrx_word' id='word_1_4' title='bbox 515 201 563 256; x_wconf 83' lang='grc' dir='ltr'><strong><em>ΕΤ</em></strong></span> <span class='ocrx_word' id='word_1_5' title='bbox 580 201 732 258; x_wconf 81' lang='lat' dir='ltr'>TRAIANI</span> <span class='ocrx_word' id='word_1_6' title='bbox 748 201 854 258; x_wconf 79' lang='grc' dir='ltr'>ΤΕΜΡ.</span> <span class='ocrx_word' id='word_1_7' title='bbox 872 201 968 258; x_wconf 81' lang='lat' dir='ltr'>IURIS</span> <span class='ocrx_word' id='word_1_8' title='bbox 986 199 1162 258; x_wconf 82' lang='lat' dir='ltr'>CONSULTI</span> 
     </span>
    </p>
   </div>
   <div class='ocr_carea' id='block_1_2' title="bbox 190 366 1264 1958">
    <p class='ocr_par' dir='ltr' id='par_1_2' title="bbox 190 366 1200 804">
     <span class='ocr_line' id='line_1_2' title="bbox 190 366 1199 451; baseline 0 -21"><span class='ocrx_word' id='word_1_9' title='bbox 190 366 286 447; x_wconf 84' lang='lat' dir='ltr'><strong><em>fundi</em></strong></span> <span class='ocrx_word' id='word_1_10' title='bbox 312 370 472 451; x_wconf 75' lang='lat' dir='ltr'><strong><em>emeretur,</em></strong></span> <span class='ocrx_word' id='word_1_11' title='bbox 498 368 665 432; x_wconf 85' lang='lat' dir='ltr'><strong><em>cavendum</em></strong></span> <span class='ocrx_word' id='word_1_12' title='bbox 687 371 781 450; x_wconf 85' lang='lat' dir='ltr'><strong><em>putat</em></strong></span> <span class='ocrx_word' id='word_1_13' title='bbox 806 387 867 432; x_wconf 85' lang='lat' dir='ltr'><strong><em>esse</em></strong></span> <span class='ocrx_word' id='word_1_14' title='bbox 889 366 990 432; x_wconf 88' lang='lat' dir='ltr'><strong><em>Labeo</em></strong></span> <span class='ocrx_word' id='word_1_15' title='bbox 1005 387 1065 448; x_wconf 89' lang='lat' dir='ltr'><strong><em>per</em></strong></span> <span class='ocrx_word' id='word_1_16' title='bbox 1087 370 1115 430; x_wconf 88' lang='lat' dir='ltr'><strong><em>te</em></strong></span> <span class='ocrx_word' id='word_1_17' title='bbox 1136 385 1199 430; x_wconf 94' lang='lat' dir='ltr'><strong><em>non</em></strong></span> 
     </span>
     <span class='ocr_line' id='line_1_3' title="bbox 190 455 1200 539; baseline -0.001 -20"><span class='ocrx_word' id='word_1_18' title='bbox 190 456 274 538; x_wconf 65' lang='lat' dir='ltr'><strong><em>pieri,</em></strong></span> <span class='ocrx_word' id='word_1_19' title='bbox 296 475 355 537; x_wconf 88' lang='lat' dir='ltr'><strong><em>quo</em></strong></span> <span class='ocrx_word' id='word_1_20' title='bbox 376 456 481 520; x_wconf 90' lang='lat' dir='ltr'><strong><em>minus</em></strong></span> <span class='ocrx_word' id='word_1_21' title='bbox 502 476 535 520; x_wconf 91' lang='lat' dir='ltr'><strong><em>eo</em></strong></span> <span class='ocrx_word' id='word_1_22' title='bbox 558 457 625 520; x_wconf 86' lang='lat' dir='ltr'><strong><em>iure</em></strong></span> <span class='ocrx_word' id='word_1_23' title='bbox 646 457 693 520; x_wconf 86' lang='lat' dir='ltr'><strong><em>uti</em></strong></span> <span class='ocrx_word' id='word_1_24' title='bbox 709 457 822 539; x_wconf 84' lang='lat' dir='ltr'><strong><em>possit,</em></strong></span> <span class='ocrx_word' id='word_1_25' title='bbox 844 457 918 538; x_wconf 87' lang='lat' dir='ltr'><strong><em>qnia</em></strong></span> <span class='ocrx_word' id='word_1_26' title='bbox 939 455 1029 520; x_wconf 83' lang='lat' dir='ltr'><strong><em>nnita</em></strong></span> <span class='ocrx_word' id='word_1_27' title='bbox 1050 455 1200 520; x_wconf 89' lang='lat' dir='ltr'><strong><em>eiusmodi</em></strong></span> 
     </span>
     <span class='ocr_line' id='line_1_4' title="bbox 192 543 1200 627; baseline 0.001 -19"><span class='ocrx_word' id='word_1_28' title='bbox 192 543 274 608; x_wconf 90' lang='lat' dir='ltr'><strong><em>iuris</em></strong></span> <span class='ocrx_word' id='word_1_29' title='bbox 296 564 394 609; x_wconf 82' lang='lat' dir='ltr'><strong><em>uacua</em></strong></span> <span class='ocrx_word' id='word_1_30' title='bbox 417 545 543 609; x_wconf 84' lang='lat' dir='ltr'><strong><em>traditio</em></strong></span> <span class='ocrx_word' id='word_1_31' title='bbox 566 549 646 610; x_wconf 89' lang='lat' dir='ltr'><strong><em>esset.</em></strong></span> <span class='ocrx_word' id='word_1_32' title='bbox 682 564 733 626; x_wconf 86' lang='lat' dir='ltr'><strong><em>eqo</em></strong></span> <span class='ocrx_word' id='word_1_33' title='bbox 751 549 827 627; x_wconf 90' lang='lat' dir='ltr'><strong><em>puto</em></strong></span> <span class='ocrx_word' id='word_1_34' title='bbox 850 564 941 609; x_wconf 88' lang='lat' dir='ltr'><strong><em>nsum</em></strong></span> <span class='ocrx_word' id='word_1_35' title='bbox 962 545 1027 609; x_wconf 91' lang='lat' dir='ltr'><strong><em>eius</em></strong></span> <span class='ocrx_word' id='word_1_36' title='bbox 1045 544 1127 608; x_wconf 77' lang='lat' dir='ltr'><strong><em>ienis</em></strong></span> <span class='ocrx_word' id='word_1_37' title='bbox 1141 563 1200 625; x_wconf 89' lang='lat' dir='ltr'><strong><em>pro</em></strong></span> 
     </span>
     <span class='ocr_line' id='line_1_5' title="bbox 191 633 1200 715; baseline -0.001 -18"><span class='ocrx_word' id='word_1_38' title='bbox 191 633 357 698; x_wconf 76' lang='lat' dir='ltr'><strong><em>traditione</em></strong></span> <span class='ocrx_word' id='word_1_39' title='bbox 378 634 579 714; x_wconf 79' lang='lat' dir='ltr'><em>possessionis</em></span> <span class='ocrx_word' id='word_1_40' title='bbox 600 634 811 715; x_wconf 85' lang='lat' dir='ltr'><strong><em>accipiendum</em></strong></span> <span class='ocrx_word' id='word_1_41' title='bbox 831 653 893 699; x_wconf 91' lang='lat' dir='ltr'><strong><em>esse</em></strong></span> <span class='ocrx_word' id='word_1_42' title='bbox 915 635 1036 714; x_wconf 87' lang='lat' dir='ltr'><strong><em>ideoque</em></strong></span> <span class='ocrx_word' id='word_1_43' title='bbox 1058 637 1086 697; x_wconf 92' lang='lat' dir='ltr'><strong><em>ct</em></strong></span> <span class='ocrx_word' id='word_1_44' title='bbox 1106 634 1200 697; x_wconf 89' lang='lat' dir='ltr'><strong><em>inter-</em></strong></span> 
     </span>
     <span class='ocr_line' id='line_1_6' title="bbox 191 721 881 804; baseline 0.001 -19"><span class='ocrx_word' id='word_1_45' title='bbox 191 721 274 786; x_wconf 87' lang='lat' dir='ltr'><strong><em>dieta</em></strong></span> <span class='ocrx_word' id='word_1_46' title='bbox 295 721 388 786; x_wconf 86' lang='lat' dir='ltr'><strong><em>veluti</em></strong></span> <span class='ocrx_word' id='word_1_47' title='bbox 403 724 593 804; x_wconf 85' lang='lat' dir='ltr'><strong><em>possessorio</em></strong></span> <span class='ocrx_word' id='word_1_48' title='bbox 615 724 779 787; x_wconf 87' lang='lat' dir='ltr'><strong><em>constituta</em></strong></span> <span class='ocrx_word' id='word_1_49' title='bbox 800 727 881 786; x_wconf 89' lang='lat' dir='ltr'><strong><em>sunt.</em></strong></span> 
     </span>
    </p>

    <p class='ocr_par' dir='ltr' id='par_1_3' title="bbox 190 808 1202 1303">
     <span class='ocr_line' id='line_1_7' title="bbox 282 808 1200 895; baseline -0.002 -20"><span class='ocrx_word' id='word_1_50' title='bbox 282 809 355 875; x_wconf 88' lang='lat'><strong>108.</strong></span> <span class='ocrx_word' id='word_1_51' title='bbox 374 808 412 874; x_wconf 90' lang='lat' dir='ltr'><strong><em>D.</em></strong></span> <span class='ocrx_word' id='word_1_52' title='bbox 427 811 577 894; x_wconf 87' lang='lat'><strong><em>18‚1,80,</em></strong></span> <span class='ocrx_word' id='word_1_53' title='bbox 589 810 616 876; x_wconf 93' lang='lat'><strong><em>1.</em></strong></span> <span class='ocrx_word' id='word_1_54' title='bbox 645 808 752 877; x_wconf 85' lang='lat' dir='ltr'>Labeo</span> <span class='ocrx_word' id='word_1_55' title='bbox 767 811 849 876; x_wconf 89' lang='lat' dir='ltr'><strong><em>libro</em></strong></span> <span class='ocrx_word' id='word_1_56' title='bbox 861 810 973 895; x_wconf 83' lang='lat' dir='ltr'><strong><em>quinto</em></strong></span> <span class='ocrx_word' id='word_1_57' title='bbox 984 811 1200 894; x_wconf 70' lang='lat' dir='ltr'>posteriorum</span> 
     </span>
     <span class='ocr_line' id='line_1_8' title="bbox 192 897 1201 983; baseline 0.001 -21"><span class='ocrx_word' id='word_1_58' title='bbox 192 919 211 962; x_wconf 79' lang='lat' dir='ltr'><strong>a</strong></span> <span class='ocrx_word' id='word_1_59' title='bbox 229 897 381 964; x_wconf 69' lang='lat' dir='ltr'><strong><em>Iauoleno</em></strong></span> <span class='ocrx_word' id='word_1_60' title='bbox 401 899 661 983; x_wconf 80' lang='lat' dir='ltr'><strong><em>epitomatorum.</em></strong></span> <span class='ocrx_word' id='word_1_61' title='bbox 673 936 719 945; x_wconf 88' lang='lat'>—</span> <span class='ocrx_word' id='word_1_62' title='bbox 731 899 839 964; x_wconf 87' lang='lat' dir='ltr'><strong><em>Huius</em></strong></span> <span class='ocrx_word' id='word_1_63' title='bbox 856 901 903 963; x_wconf 90' lang='lat' dir='ltr'><strong><em>rei</em></strong></span> <span class='ocrx_word' id='word_1_64' title='bbox 920 899 1099 981; x_wconf 73' lang='lat' dir='ltr'><strong><em>emptionem</em></strong></span> <span class='ocrx_word' id='word_1_65' title='bbox 1112 918 1201 980; x_wconf 86' lang='lat' dir='ltr'><strong><em>posse</em></strong></span> 
     </span>
     <span class='ocr_line' id='line_1_9' title="bbox 190 986 1202 1071; baseline -0.001 -19"><span class='ocrx_word' id='word_1_66' title='bbox 190 988 260 1071; x_wconf 78' lang='lat' dir='ltr'><strong><em>fieri</em></strong></span> <span class='ocrx_word' id='word_1_67' title='bbox 282 988 367 1053; x_wconf 84' lang='lat' dir='ltr'><strong><em>dini:</em></strong></span> <span class='ocrx_word' id='word_1_68' title='bbox 395 986 484 1070; x_wconf 76' lang='lat' dir='ltr'><strong><em>‘quae</em></strong></span> <span class='ocrx_word' id='word_1_69' title='bbox 505 1009 543 1053; x_wconf 86' lang='lat' dir='ltr'><strong><em>en</em></strong></span> <span class='ocrx_word' id='word_1_70' title='bbox 565 989 639 1053; x_wconf 89' lang='lat' dir='ltr'><strong><em>meis</em></strong></span> <span class='ocrx_word' id='word_1_71' title='bbox 662 988 786 1053; x_wconf 87' lang='lat' dir='ltr'><strong><em>aedibus</em></strong></span> <span class='ocrx_word' id='word_1_72' title='bbox 808 989 842 1052; x_wconf 88' lang='lat' dir='ltr'><strong><em>in</em></strong></span> <span class='ocrx_word' id='word_1_73' title='bbox 865 992 935 1052; x_wconf 88' lang='lat' dir='ltr'><strong><em>tuas</em></strong></span> <span class='ocrx_word' id='word_1_74' title='bbox 957 989 1045 1053; x_wconf 87' lang='lat' dir='ltr'><strong><em>aedes</em></strong></span> <span class='ocrx_word' id='word_1_75' title='bbox 1060 987 1202 1070; x_wconf 85' lang='lat' dir='ltr'><strong><em>proiecta</em></strong></span> 
     </span>
     <span class='ocr_line' id='line_1_10' title="bbox 191 1076 1201 1179; baseline -0.003 -37"><span class='ocrx_word' id='word_1_76' title='bbox 191 1081 274 1159; x_wconf 90' lang='lat' dir='ltr'><strong><em>sunt,</em></strong></span> <span class='ocrx_word' id='word_1_77' title='bbox 306 1082 342 1141; x_wconf 91' lang='lat' dir='ltr'><strong><em>ut</em></strong></span> <span class='ocrx_word' id='word_1_78' title='bbox 358 1097 409 1179; x_wconf 34' lang='lat' dir='ltr'><strong><em>&#39;ea</em></strong></span> <span class='ocrx_word' id='word_1_79' title='bbox 440 1076 518 1142; x_wconf 84' lang='lat' dir='ltr'><strong><em>mibi</em></strong></span> <span class='ocrx_word' id='word_1_80' title='bbox 549 1078 594 1142; x_wconf 89' lang='lat' dir='ltr'><strong><em>ito</em></strong></span> <span class='ocrx_word' id='word_1_81' title='bbox 624 1076 733 1142; x_wconf 87' lang='lat' dir='ltr'><strong><em>babere</em></strong></span> <span class='ocrx_word' id='word_1_82' title='bbox 764 1077 874 1160; x_wconf 82' lang='lat' dir='ltr'><strong><em>liceat&#39;,</em></strong></span> <span class='ocrx_word' id='word_1_83' title='bbox 909 1077 1001 1158; x_wconf 86' lang='lat' dir='ltr'><strong><em>deque</em></strong></span> <span class='ocrx_word' id='word_1_84' title='bbox 1031 1097 1068 1142; x_wconf 88' lang='lat' dir='ltr'><strong><em>eo</em></strong></span> <span class='ocrx_word' id='word_1_85' title='bbox 1098 1096 1132 1140; x_wconf 91' lang='lat' dir='ltr'><strong><em>re</em></strong></span> <span class='ocrx_word' id='word_1_86' title='bbox 1164 1095 1201 1140; x_wconf 84' lang='lat' dir='ltr'><strong><em>en</em></strong></span> 
     </span>
     <span class='ocr_line' id='line_1_11' title="bbox 191 1171 904 1303; baseline 0 -2"><span class='ocrx_word' id='word_1_87' title='bbox 191 1171 289 1248; x_wconf 58' lang='lat' dir='ltr'><strong><em>empto</em></strong></span> <span class='ocrx_word' id='word_1_88' title='bbox 311 1186 372 1248; x_wconf 38' lang='lat' dir='ltr'><strong><em>am·</em></strong></span> <span class='ocrx_word' id='word_1_89' title='bbox 483 1242 531 1302; x_wconf 89' lang='lat' dir='ltr'><strong><em>De</em></strong></span> <span class='ocrx_word' id='word_1_90' title='bbox 551 1243 627 1302; x_wconf 82' lang='lat' dir='ltr'><strong><em>siloa</em></strong></span> <span class='ocrx_word' id='word_1_91' title='bbox 649 1243 759 1302; x_wconf 82' lang='lat' dir='ltr'><strong><em>medua</em></strong></span> <span class='ocrx_word' id='word_1_92' title='bbox 781 1244 904 1303; x_wconf 84' lang='lat' dir='ltr'><strong><em>vendita.</em></strong></span> 
     </span>
    </p>

    <p class='ocr_par' dir='ltr' id='par_1_4' title="bbox 191 1341 1264 1958">
     <span class='ocr_line' id='line_1_12' title="bbox 283 1341 1264 1425; baseline 0 -19"><span class='ocrx_word' id='word_1_93' title='bbox 283 1342 356 1407; x_wconf 90' lang='lat'>109.</span> <span class='ocrx_word' id='word_1_94' title='bbox 379 1342 418 1408; x_wconf 88' lang='lat' dir='ltr'><strong><em>D.</em></strong></span> <span class='ocrx_word' id='word_1_95' title='bbox 432 1343 507 1408; x_wconf 88' lang='lat' dir='ltr'><strong><em>ibid.</em></strong></span> <span class='ocrx_word' id='word_1_96' title='bbox 521 1345 541 1424; x_wconf 67' lang='grc' dir='ltr'>ξ</span> <span class='ocrx_word' id='word_1_97' title='bbox 556 1344 584 1408; x_wconf 83' lang='grc'><strong><em>2.</em></strong></span> <span class='ocrx_word' id='word_1_98' title='bbox 604 1379 647 1390; x_wconf 91' lang='lat'><em>-</em></span> <span class='ocrx_word' id='word_1_99' title='bbox 666 1341 754 1409; x_wconf 79' lang='lat' dir='ltr'><strong><em>Siloa</em></strong></span> <span class='ocrx_word' id='word_1_100' title='bbox 772 1345 887 1409; x_wconf 85' lang='lat' dir='ltr'><strong><em>caedua</em></strong></span> <span class='ocrx_word' id='word_1_101' title='bbox 905 1344 940 1408; x_wconf 91' lang='lat' dir='ltr'><strong><em>in</em></strong></span> <span class='ocrx_word' id='word_1_102' title='bbox 957 1343 1203 1425; x_wconf 73' lang='lat' dir='ltr'><strong><em>quinquennium</em></strong></span> <span class='ocrx_word' id='word_1_103' title='bbox 1260 1375 1264 1385; x_wconf 93' lang='lat'><em>·</em></span> 
     </span>
     <span class='ocr_line' id='line_1_13' title="bbox 192 1432 1202 1516; baseline -0.002 -19"><span class='ocrx_word' id='word_1_104' title='bbox 192 1433 335 1497; x_wconf 86' lang='lat' dir='ltr'><strong><em>venierat.</em></strong></span> <span class='ocrx_word' id='word_1_105' title='bbox 376 1432 586 1516; x_wconf 83' lang='lat' dir='ltr'><strong><em>quaerebatur,</em></strong></span> <span class='ocrx_word' id='word_1_106' title='bbox 609 1454 678 1498; x_wconf 90' lang='lat' dir='ltr'><strong><em>cum</em></strong></span> <span class='ocrx_word' id='word_1_107' title='bbox 697 1432 790 1515; x_wconf 81' lang='lat' dir='ltr'><strong><em>pians</em></strong></span> <span class='ocrx_word' id='word_1_108' title='bbox 811 1433 974 1514; x_wconf 84' lang='lat' dir='ltr'><strong><em>decidisset,</em></strong></span> <span class='ocrx_word' id='word_1_109' title='bbox 995 1433 1097 1496; x_wconf 91' lang='lat' dir='ltr'><strong><em>utrius</em></strong></span> <span class='ocrx_word' id='word_1_110' title='bbox 1118 1435 1202 1496; x_wconf 90' lang='lat' dir='ltr'><strong><em>esset.</em></strong></span> 
     </span>
     <span class='ocr_line' id='line_1_14' title="bbox 193 1519 1204 1605; baseline -0.002 -19"><span class='ocrx_word' id='word_1_111' title='bbox 193 1522 255 1586; x_wconf 92' lang='lat' dir='ltr'><strong><em>soio</em></strong></span> <span class='ocrx_word' id='word_1_112' title='bbox 281 1519 423 1586; x_wconf 78' lang='lat' dir='ltr'><strong><em>Seruium</em></strong></span> <span class='ocrx_word' id='word_1_113' title='bbox 447 1523 648 1603; x_wconf 88' lang='lat' dir='ltr'><strong><em>respondisse,</em></strong></span> <span class='ocrx_word' id='word_1_114' title='bbox 668 1523 812 1605; x_wconf 86' lang='lat' dir='ltr'><strong><em>primum</em></strong></span> <span class='ocrx_word' id='word_1_115' title='bbox 833 1522 1017 1602; x_wconf 86' lang='lat' dir='ltr'><strong><em>sequendum</em></strong></span> <span class='ocrx_word' id='word_1_116' title='bbox 1038 1540 1100 1585; x_wconf 89' lang='lat' dir='ltr'><strong><em>csse</em></strong></span> <span class='ocrx_word' id='word_1_117' title='bbox 1121 1519 1204 1601; x_wconf 89' lang='lat' dir='ltr'><strong><em>qnod</em></strong></span> 
     </span>
     <span class='ocr_line' id='line_1_15' title="bbox 193 1610 1202 1693; baseline 0 -20"><span class='ocrx_word' id='word_1_118' title='bbox 193 1613 356 1693; x_wconf 87' lang='lat' dir='ltr'><strong><em>appareret</em></strong></span> <span class='ocrx_word' id='word_1_119' title='bbox 384 1614 485 1675; x_wconf 82' lang='lat' dir='ltr'><strong><em>adum</em></strong></span> <span class='ocrx_word' id='word_1_120' title='bbox 514 1630 591 1687; x_wconf 89' lang='lat' dir='ltr'><strong><em>essc,·</em></strong></span> <span class='ocrx_word' id='word_1_121' title='bbox 621 1611 757 1692; x_wconf 87' lang='lat' dir='ltr'><strong><em>quodsi</em></strong></span> <span class='ocrx_word' id='word_1_122' title='bbox 783 1612 819 1675; x_wconf 93' lang='lat' dir='ltr'><strong><em>in</em></strong></span> <span class='ocrx_word' id='word_1_123' title='bbox 845 1610 968 1675; x_wconf 85' lang='lat' dir='ltr'><strong><em>obscuro</em></strong></span> <span class='ocrx_word' id='word_1_124' title='bbox 995 1614 1080 1692; x_wconf 89' lang='lat' dir='ltr'><strong><em>esset,</em></strong></span> <span class='ocrx_word' id='word_1_125' title='bbox 1111 1629 1202 1690; x_wconf 90' lang='lat' dir='ltr'><strong><em>qnae·</em></strong></span> 
     </span>
     <span class='ocr_line' id='line_1_16' title="bbox 193 1699 1203 1782; baseline 0 -20"><span class='ocrx_word' id='word_1_126' title='bbox 193 1718 321 1780; x_wconf 86' lang='lat' dir='ltr'><strong><em>cumque</em></strong></span> <span class='ocrx_word' id='word_1_127' title='bbox 343 1699 436 1781; x_wconf 81' lang='lat' dir='ltr'><strong><em>pians</em></strong></span> <span class='ocrx_word' id='word_1_128' title='bbox 462 1719 499 1763; x_wconf 85' lang='lat' dir='ltr'><strong><em>en</em></strong></span> <span class='ocrx_word' id='word_1_129' title='bbox 524 1699 574 1764; x_wconf 84' lang='lat' dir='ltr'><strong><em>bis</em></strong></span> <span class='ocrx_word' id='word_1_130' title='bbox 601 1699 761 1765; x_wconf 80' lang='lat' dir='ltr'><strong><em>arboribus</em></strong></span> <span class='ocrx_word' id='word_1_131' title='bbox 787 1719 865 1782; x_wconf 86' lang='lat' dir='ltr'><strong><em>qrme</em></strong></span> <span class='ocrx_word' id='word_1_132' title='bbox 890 1719 993 1764; x_wconf 90' lang='lat' dir='ltr'><strong><em>eaesae</em></strong></span> <span class='ocrx_word' id='word_1_133' title='bbox 1019 1719 1082 1762; x_wconf 89' lang='lat' dir='ltr'><strong><em>non</em></strong></span> <span class='ocrx_word' id='word_1_134' title='bbox 1104 1701 1203 1763; x_wconf 88' lang='lat' dir='ltr'><strong><em>essent</em></strong></span> 
     </span>
     <span class='ocr_line' id='line_1_17' title="bbox 193 1785 1203 1870; baseline 0 -19"><span class='ocrx_word' id='word_1_135' title='bbox 193 1787 356 1869; x_wconf 75' lang='lat' dir='ltr'><strong><em>cecidisset,</em></strong></span> <span class='ocrx_word' id='word_1_136' title='bbox 378 1788 543 1853; x_wconf 85' lang='lat' dir='ltr'><strong><em>venditoris</em></strong></span> <span class='ocrx_word' id='word_1_137' title='bbox 565 1808 639 1870; x_wconf 84' lang='lat' dir='ltr'><strong><em>esse,</em></strong></span> <span class='ocrx_word' id='word_1_138' title='bbox 662 1809 730 1853; x_wconf 89' lang='lat' dir='ltr'><strong><em>eam</em></strong></span> <span class='ocrx_word' id='word_1_139' title='bbox 752 1793 862 1868; x_wconf 75' lang='lat' dir='ltr'><strong><em>annm,</em></strong></span> <span class='ocrx_word' id='word_1_140' title='bbox 885 1788 1019 1869; x_wconf 87' lang='lat' dir='ltr'><strong><em>quaein</em></strong></span> <span class='ocrx_word' id='word_1_141' title='bbox 1042 1785 1203 1852; x_wconf 84' lang='lat' dir='ltr'><strong><em>arboribus</em></strong></span> 
     </span>
     <span class='ocr_line' id='line_1_18' title="bbox 191 1871 1083 1958; baseline 0.001 -18"><span class='ocrx_word' id='word_1_142' title='bbox 191 1875 302 1956; x_wconf 88' lang='lat' dir='ltr'><strong><em>fnisset</em></strong></span> <span class='ocrx_word' id='word_1_143' title='bbox 322 1896 355 1940; x_wconf 88' lang='lat' dir='ltr'><strong><em>co</em></strong></span> <span class='ocrx_word' id='word_1_144' title='bbox 378 1881 508 1958; x_wconf 74' lang='lat' dir='ltr'><strong><em>tenpore</em></strong></span> <span class='ocrx_word' id='word_1_145' title='bbox 525 1897 593 1942; x_wconf 85' lang='lat' dir='ltr'><strong><em>eum</em></strong></span> <span class='ocrx_word' id='word_1_146' title='bbox 615 1877 688 1942; x_wconf 84' lang='lat' dir='ltr'><strong><em>baec</em></strong></span> <span class='ocrx_word' id='word_1_147' title='bbox 709 1878 910 1955; x_wconf 88' lang='lat' dir='ltr'><strong><em>caederentur,</em></strong></span> <span class='ocrx_word' id='word_1_148' title='bbox 934 1871 1083 1958; x_wconf 77' lang='lat' dir='ltr'><strong><em>ereptoris.</em></strong></span> 
     </span>
    </p>
   </div>
   <div class='ocr_carea' id='block_1_3' title="bbox 471 2041 918 2104">
    <p class='ocr_par' dir='ltr' id='par_1_5' title="bbox 471 2041 918 2104">
     <span class='ocr_line' id='line_1_19' title="bbox 471 2041 918 2104; baseline -0.004 -3"><span class='ocrx_word' id='word_1_149' title='bbox 471 2041 518 2101; x_wconf 90' lang='lat' dir='ltr'><strong><em>De</em></strong></span> <span class='ocrx_word' id='word_1_150' title='bbox 540 2043 736 2102; x_wconf 75' lang='lat' dir='ltr'><strong><em>venditasset</em></strong></span> <span class='ocrx_word' id='word_1_151' title='bbox 758 2043 918 2104; x_wconf 86' lang='lat' dir='ltr'><strong><em>traditione.</em></strong></span> 
     </span>
    </p>
   </div>
   <div class='ocr_carea' id='block_1_4' title="bbox 138 2141 1206 3645">
    <p class='ocr_par' dir='ltr' id='par_1_6' title="bbox 194 2141 1206 2402">
     <span class='ocr_line' id='line_1_20' title="bbox 286 2141 1206 2245; baseline 0.001 -39"><span class='ocrx_word' id='word_1_152' title='bbox 286 2141 356 2245; x_wconf 62' lang='grc'><strong>110.</strong></span> <span class='ocrx_word' id='word_1_153' title='bbox 386 2141 424 2208; x_wconf 88' lang='lat' dir='ltr'><strong><em>D.</em></strong></span> <span class='ocrx_word' id='word_1_154' title='bbox 440 2142 516 2208; x_wconf 86' lang='lat' dir='ltr'><strong><em>ibid.</em></strong></span> <span class='ocrx_word' id='word_1_155' title='bbox 531 2146 551 2224; x_wconf 65' lang='grc' dir='ltr'>ξ</span> <span class='ocrx_word' id='word_1_156' title='bbox 566 2143 595 2208; x_wconf 87' lang='grc'><strong><em>3.</em></strong></span> <span class='ocrx_word' id='word_1_157' title='bbox 620 2179 662 2190; x_wconf 93' lang='lat'><em>-</em></span> <span class='ocrx_word' id='word_1_158' title='bbox 685 2143 784 2208; x_wconf 91' lang='lat' dir='ltr'><strong><em>Nemo</em></strong></span> <span class='ocrx_word' id='word_1_159' title='bbox 804 2147 905 2225; x_wconf 89' lang='lat' dir='ltr'><strong><em>potest</em></strong></span> <span class='ocrx_word' id='word_1_160' title='bbox 929 2143 1026 2208; x_wconf 86' lang='lat' dir='ltr'><strong><em>videri</em></strong></span> <span class='ocrx_word' id='word_1_161' title='bbox 1047 2162 1115 2206; x_wconf 90' lang='lat' dir='ltr'><strong><em>eom</em></strong></span> <span class='ocrx_word' id='word_1_162' title='bbox 1136 2163 1206 2207; x_wconf 88' lang='lat' dir='ltr'><strong><em>rern</em></strong></span> 
     </span>
     <span class='ocr_line' id='line_1_21' title="bbox 194 2231 1204 2313; baseline -0.001 -17"><span class='ocrx_word' id='word_1_163' title='bbox 194 2231 375 2313; x_wconf 79' lang='lat' dir='ltr'><strong><em>vendidisse,</em></strong></span> <span class='ocrx_word' id='word_1_164' title='bbox 400 2232 437 2296; x_wconf 93' lang='lat' dir='ltr'><strong><em>de</em></strong></span> <span class='ocrx_word' id='word_1_165' title='bbox 458 2233 546 2297; x_wconf 88' lang='lat' dir='ltr'><strong><em>cuins</em></strong></span> <span class='ocrx_word' id='word_1_166' title='bbox 567 2233 702 2298; x_wconf 90' lang='lat' dir='ltr'><strong><em>dominio</em></strong></span> <span class='ocrx_word' id='word_1_167' title='bbox 723 2232 759 2296; x_wconf 86' lang='lat' dir='ltr'><strong><em>id</em></strong></span> <span class='ocrx_word' id='word_1_168' title='bbox 779 2232 895 2313; x_wconf 83' lang='lat' dir='ltr'><strong><em>apitar,</em></strong></span> <span class='ocrx_word' id='word_1_169' title='bbox 917 2252 956 2295; x_wconf 93' lang='lat' dir='ltr'><strong><em>ne</em></strong></span> <span class='ocrx_word' id='word_1_170' title='bbox 977 2233 1021 2296; x_wconf 90' lang='lat' dir='ltr'><strong><em>ad</em></strong></span> <span class='ocrx_word' id='word_1_171' title='bbox 1040 2235 1204 2312; x_wconf 80' lang='lat' dir='ltr'><strong><em>emptorem</em></strong></span> 
     </span>
     <span class='ocr_line' id='line_1_22' title="bbox 195 2318 1203 2402; baseline 0.002 -18"><span class='ocrx_word' id='word_1_172' title='bbox 195 2325 340 2402; x_wconf 88' lang='lat' dir='ltr'><strong><em>transeat,</em></strong></span> <span class='ocrx_word' id='word_1_173' title='bbox 358 2321 411 2385; x_wconf 91' lang='lat' dir='ltr'><strong><em>sed</em></strong></span> <span class='ocrx_word' id='word_1_174' title='bbox 427 2319 482 2385; x_wconf 85' lang='lat' dir='ltr'><strong><em>boc</em></strong></span> <span class='ocrx_word' id='word_1_175' title='bbox 501 2326 558 2386; x_wconf 87' lang='lat' dir='ltr'><strong><em>ant</em></strong></span> <span class='ocrx_word' id='word_1_176' title='bbox 570 2321 678 2386; x_wconf 73' lang='lat' dir='ltr'><strong><em>tacebo</em></strong></span> <span class='ocrx_word' id='word_1_177' title='bbox 691 2325 803 2385; x_wconf 89' lang='lat' dir='ltr'><strong><em>estant</em></strong></span> <span class='ocrx_word' id='word_1_178' title='bbox 815 2318 1009 2402; x_wconf 83' lang='lat' dir='ltr'><strong><em>oiiudqenns</em></strong></span> <span class='ocrx_word' id='word_1_179' title='bbox 1022 2324 1203 2386; x_wconf 78' lang='lat' dir='ltr'><strong><em>contractors.</em></strong></span> 
     </span>
    </p>

    <p class='ocr_par' dir='ltr' id='par_1_7' title="bbox 138 2407 1205 3645">
     <span class='ocr_line' id='line_1_23' title="bbox 285 2407 1203 2493; baseline -0.001 -20"><span class='ocrx_word' id='word_1_180' title='bbox 285 2408 358 2475; x_wconf 89' lang='lat'><strong>111.</strong></span> <span class='ocrx_word' id='word_1_181' title='bbox 395 2407 434 2474; x_wconf 90' lang='lat' dir='ltr'><strong><em>D.</em></strong></span> <span class='ocrx_word' id='word_1_182' title='bbox 458 2408 514 2488; x_wconf 90' lang='lat'><strong><em>41,</em></strong></span> <span class='ocrx_word' id='word_1_183' title='bbox 538 2411 574 2491; x_wconf 81' lang='lat'><strong><em>2,</em></strong></span> <span class='ocrx_word' id='word_1_184' title='bbox 595 2408 647 2475; x_wconf 87' lang='lat' dir='ltr'><strong><em>bl.</em></strong></span> <span class='ocrx_word' id='word_1_185' title='bbox 696 2407 867 2473; x_wconf 80' lang='lat' dir='ltr'><strong><em>Iavolenus</em></strong></span> <span class='ocrx_word' id='word_1_186' title='bbox 899 2408 983 2472; x_wconf 91' lang='lat' dir='ltr'><strong><em>libro</em></strong></span> <span class='ocrx_word' id='word_1_187' title='bbox 1016 2409 1129 2493; x_wconf 86' lang='lat' dir='ltr'><strong><em>quinto</em></strong></span> <span class='ocrx_word' id='word_1_188' title='bbox 1164 2430 1203 2472; x_wconf 86' lang='lat' dir='ltr'><strong><em>ex</em></strong></span> 
     </span>
     <span class='ocr_line' id='line_1_24' title="bbox 193 2496 1204 2582; baseline -0.002 -18"><span class='ocrx_word' id='word_1_189' title='bbox 193 2497 427 2582; x_wconf 86' lang='lat' dir='ltr'><strong><em>posterioribus</em></strong></span> <span class='ocrx_word' id='word_1_190' title='bbox 459 2497 628 2563; x_wconf 82' lang='lat' dir='ltr'><strong><em>Labeonis.</em></strong></span> <span class='ocrx_word' id='word_1_191' title='bbox 660 2533 697 2544; x_wconf 90' lang='lat'>-</span> <span class='ocrx_word' id='word_1_192' title='bbox 729 2496 933 2577; x_wconf 73' lang='lat' dir='ltr'><strong><em>Quorumdam</em></strong></span> <span class='ocrx_word' id='word_1_193' title='bbox 963 2517 1067 2561; x_wconf 88' lang='lat' dir='ltr'><strong><em>rernm</em></strong></span> <span class='ocrx_word' id='word_1_194' title='bbox 1096 2497 1204 2562; x_wconf 90' lang='lat' dir='ltr'><strong><em>animo</em></strong></span> 
     </span>
     <span class='ocr_line' id='line_1_25' title="bbox 189 2586 1204 2670; baseline -0.004 -17"><span class='ocrx_word' id='word_1_195' title='bbox 189 2589 410 2669; x_wconf 86' lang='lat' dir='ltr'><strong><em>possessionem</em></strong></span> <span class='ocrx_word' id='word_1_196' title='bbox 442 2589 540 2670; x_wconf 84' lang='lat' dir='ltr'><strong><em>apisci</em></strong></span> <span class='ocrx_word' id='word_1_197' title='bbox 570 2607 625 2654; x_wconf 92' lang='lat' dir='ltr'><strong><em>nos</em></strong></span> <span class='ocrx_word' id='word_1_198' title='bbox 656 2588 703 2652; x_wconf 87' lang='lat' dir='ltr'><strong><em>ait</em></strong></span> <span class='ocrx_word' id='word_1_199' title='bbox 730 2586 844 2664; x_wconf 85' lang='lat' dir='ltr'><strong><em>Labeo,</em></strong></span> <span class='ocrx_word' id='word_1_200' title='bbox 879 2586 971 2651; x_wconf 85' lang='lat' dir='ltr'><strong><em>vetuti</em></strong></span> <span class='ocrx_word' id='word_1_201' title='bbox 1001 2587 1031 2651; x_wconf 91' lang='lat' dir='ltr'><strong><em>si</em></strong></span> <span class='ocrx_word' id='word_1_202' title='bbox 1060 2606 1204 2650; x_wconf 78' lang='lat' dir='ltr'><strong><em>aoerosnn</em></strong></span> 
     </span>
     <span class='ocr_line' id='line_1_26' title="bbox 195 2675 1205 2760; baseline -0.002 -19"><span class='ocrx_word' id='word_1_203' title='bbox 195 2676 348 2760; x_wconf 83' lang='lat' dir='ltr'><strong><em>tiqnormn</em></strong></span> <span class='ocrx_word' id='word_1_204' title='bbox 371 2697 468 2741; x_wconf 89' lang='lat' dir='ltr'><strong><em>emero</em></strong></span> <span class='ocrx_word' id='word_1_205' title='bbox 486 2681 599 2741; x_wconf 82' lang='lat' dir='ltr'><strong><em>etcum</em></strong></span> <span class='ocrx_word' id='word_1_206' title='bbox 617 2677 754 2741; x_wconf 85' lang='lat' dir='ltr'><strong><em>venditor</em></strong></span> <span class='ocrx_word' id='word_1_207' title='bbox 772 2675 873 2740; x_wconf 83' lang='lat' dir='ltr'><strong><em>toitere</em></strong></span> <span class='ocrx_word' id='word_1_208' title='bbox 890 2695 938 2738; x_wconf 90' lang='lat' dir='ltr'><strong><em>rne</em></strong></span> <span class='ocrx_word' id='word_1_209' title='bbox 955 2675 1085 2756; x_wconf 84' lang='lat' dir='ltr'><strong><em>iusserit,</em></strong></span> <span class='ocrx_word' id='word_1_210' title='bbox 1106 2675 1205 2739; x_wconf 85' lang='lat' dir='ltr'><strong><em>simut</em></strong></span> 
     </span>
     <span class='ocr_line' id='line_1_27' title="bbox 138 2763 1204 2848; baseline 0.003 -23"><span class='ocrx_word' id='word_1_211' title='bbox 138 2805 148 2824; x_wconf 85' lang='lat'><strong>.</strong></span> <span class='ocrx_word' id='word_1_212' title='bbox 193 2770 284 2847; x_wconf 79' lang='lat' dir='ltr'><strong><em>atqm</em></strong></span> <span class='ocrx_word' id='word_1_213' title='bbox 306 2767 474 2830; x_wconf 88' lang='lat' dir='ltr'><strong><em>custodiam</em></strong></span> <span class='ocrx_word' id='word_1_214' title='bbox 493 2767 672 2848; x_wconf 84' lang='lat' dir='ltr'><strong><em>posuissem,</em></strong></span> <span class='ocrx_word' id='word_1_215' title='bbox 697 2765 830 2829; x_wconf 86' lang='lat' dir='ltr'><strong><em>traditus</em></strong></span> <span class='ocrx_word' id='word_1_216' title='bbox 851 2763 929 2827; x_wconf 88' lang='lat' dir='ltr'><strong><em>mibi</em></strong></span> <span class='ocrx_word' id='word_1_217' title='bbox 950 2764 1077 2829; x_wconf 86' lang='lat' dir='ltr'><strong><em>videtur.</em></strong></span> <span class='ocrx_word' id='word_1_218' title='bbox 1123 2764 1204 2828; x_wconf 88' lang='lat' dir='ltr'><strong><em>idem</em></strong></span> 
     </span>
     <span class='ocr_line' id='line_1_28' title="bbox 194 2851 1202 2939; baseline -0.001 -21"><span class='ocrx_word' id='word_1_219' title='bbox 194 2854 276 2919; x_wconf 86' lang='lat' dir='ltr'><strong><em>iuris</em></strong></span> <span class='ocrx_word' id='word_1_220' title='bbox 297 2873 359 2919; x_wconf 89' lang='lat' dir='ltr'><strong><em>esse</em></strong></span> <span class='ocrx_word' id='word_1_221' title='bbox 381 2854 451 2918; x_wconf 87' lang='lat' dir='ltr'><strong><em>oino</em></strong></span> <span class='ocrx_word' id='word_1_222' title='bbox 473 2855 601 2939; x_wconf 82' lang='lat' dir='ltr'><strong><em>oncdito,</em></strong></span> <span class='ocrx_word' id='word_1_223' title='bbox 623 2874 692 2919; x_wconf 88' lang='lat' dir='ltr'><strong><em>cum</em></strong></span> <span class='ocrx_word' id='word_1_224' title='bbox 714 2855 873 2918; x_wconf 86' lang='lat' dir='ltr'><strong><em>uniuersae</em></strong></span> <span class='ocrx_word' id='word_1_225' title='bbox 894 2851 1060 2935; x_wconf 84' lang='lat' dir='ltr'><strong><em>ampborae</em></strong></span> <span class='ocrx_word' id='word_1_226' title='bbox 1076 2853 1143 2916; x_wconf 79' lang='lat' dir='ltr'><strong><em>dini</em></strong></span> <span class='ocrx_word' id='word_1_227' title='bbox 1159 2852 1202 2917; x_wconf 88' lang='lat' dir='ltr'><strong><em>si·</em></strong></span> 
     </span>
     <span class='ocr_line' id='line_1_29' title="bbox 194 2940 1204 3027; baseline 0.001 -22"><span class='ocrx_word' id='word_1_228' title='bbox 194 2942 262 3006; x_wconf 83' lang='lat' dir='ltr'><strong><em>mut</em></strong></span> <span class='ocrx_word' id='word_1_229' title='bbox 283 2947 387 3007; x_wconf 86' lang='lat' dir='ltr'><strong><em>essent.</em></strong></span> <span class='ocrx_word' id='word_1_230' title='bbox 432 2943 485 3007; x_wconf 91' lang='lat' dir='ltr'><strong><em>sed</em></strong></span> <span class='ocrx_word' id='word_1_231' title='bbox 505 2944 670 3027; x_wconf 83' lang='lat' dir='ltr'><strong><em>uideamus,</em></strong></span> <span class='ocrx_word' id='word_1_232' title='bbox 691 2943 802 3025; x_wconf 87' lang='lat' dir='ltr'><strong><em>inquit,</em></strong></span> <span class='ocrx_word' id='word_1_233' title='bbox 823 2961 862 3006; x_wconf 90' lang='lat' dir='ltr'><strong><em>ne</em></strong></span> <span class='ocrx_word' id='word_1_234' title='bbox 883 2940 954 3004; x_wconf 86' lang='lat' dir='ltr'><strong><em>baec</em></strong></span> <span class='ocrx_word' id='word_1_235' title='bbox 975 2942 1046 3023; x_wconf 89' lang='lat' dir='ltr'><strong><em>ipsa</em></strong></span> <span class='ocrx_word' id='word_1_236' title='bbox 1067 2942 1204 3023; x_wconf 80' lang='lat' dir='ltr'><strong><em>corporis</em></strong></span> 
     </span>
     <span class='ocr_line' id='line_1_30' title="bbox 196 3029 1205 3114; baseline 0.001 -20"><span class='ocrx_word' id='word_1_237' title='bbox 196 3031 322 3095; x_wconf 90' lang='lat' dir='ltr'><strong><em>traditio</em></strong></span> <span class='ocrx_word' id='word_1_238' title='bbox 343 3031 393 3108; x_wconf 89' lang='lat' dir='ltr'><strong><em>sit,</em></strong></span> <span class='ocrx_word' id='word_1_239' title='bbox 416 3031 490 3112; x_wconf 91' lang='lat' dir='ltr'><strong><em>qnia</em></strong></span> <span class='ocrx_word' id='word_1_240' title='bbox 507 3029 587 3094; x_wconf 79' lang='lat' dir='ltr'><strong><em>nibil</em></strong></span> <span class='ocrx_word' id='word_1_241' title='bbox 604 3032 737 3114; x_wconf 90' lang='lat' dir='ltr'><strong><em>interest,</em></strong></span> <span class='ocrx_word' id='word_1_242' title='bbox 758 3035 863 3095; x_wconf 86' lang='lat' dir='ltr'><strong><em>atrurn</em></strong></span> <span class='ocrx_word' id='word_1_243' title='bbox 882 3030 959 3093; x_wconf 83' lang='lat' dir='ltr'><strong><em>mibi</em></strong></span> <span class='ocrx_word' id='word_1_244' title='bbox 976 3050 1018 3093; x_wconf 91' lang='lat' dir='ltr'><strong><em>an</em></strong></span> <span class='ocrx_word' id='word_1_245' title='bbox 1037 3034 1066 3094; x_wconf 91' lang='lat' dir='ltr'><strong><em>et</em></strong></span> <span class='ocrx_word' id='word_1_246' title='bbox 1082 3029 1205 3095; x_wconf 78' lang='lat' dir='ltr'><strong><em>cuilibet</em></strong></span> 
     </span>
     <span class='ocr_line' id='line_1_31' title="bbox 194 3118 1203 3200; baseline 0 -18"><span class='ocrx_word' id='word_1_247' title='bbox 194 3119 337 3182; x_wconf 89' lang='lat' dir='ltr'><strong><em>iusserim</em></strong></span> <span class='ocrx_word' id='word_1_248' title='bbox 359 3119 495 3184; x_wconf 88' lang='lat' dir='ltr'><strong><em>custodia</em></strong></span> <span class='ocrx_word' id='word_1_249' title='bbox 515 3120 669 3184; x_wconf 87' lang='lat' dir='ltr'><strong><em>tradatur.</em></strong></span> <span class='ocrx_word' id='word_1_250' title='bbox 708 3119 743 3183; x_wconf 89' lang='lat' dir='ltr'><strong><em>in</em></strong></span> <span class='ocrx_word' id='word_1_251' title='bbox 760 3139 794 3182; x_wconf 93' lang='lat' dir='ltr'><strong><em>ea</em></strong></span> <span class='ocrx_word' id='word_1_252' title='bbox 807 3123 884 3200; x_wconf 83' lang='lat' dir='ltr'><strong><em>puto</em></strong></span> <span class='ocrx_word' id='word_1_253' title='bbox 901 3118 981 3183; x_wconf 85' lang='lat' dir='ltr'><strong><em>bano</em></strong></span> <span class='ocrx_word' id='word_1_254' title='bbox 998 3120 1203 3200; x_wconf 84' lang='lat' dir='ltr'><strong><em>quaestionem</em></strong></span> 
     </span>
     <span class='ocr_line' id='line_1_32' title="bbox 195 3204 1203 3291; baseline -0.002 -19"><span class='ocrx_word' id='word_1_255' title='bbox 195 3207 362 3291; x_wconf 69' lang='lat' dir='ltr'><strong><em>cassare,</em></strong></span> <span class='ocrx_word' id='word_1_256' title='bbox 384 3227 437 3291; x_wconf 89' lang='lat' dir='ltr'><strong><em>on,</em></strong></span> <span class='ocrx_word' id='word_1_257' title='bbox 458 3207 580 3272; x_wconf 89' lang='lat' dir='ltr'><strong><em>etiamsi</em></strong></span> <span class='ocrx_word' id='word_1_258' title='bbox 601 3227 723 3289; x_wconf 89' lang='lat' dir='ltr'><strong><em>corpore</em></strong></span> <span class='ocrx_word' id='word_1_259' title='bbox 745 3204 869 3272; x_wconf 78' lang='lat' dir='ltr'><strong><em>dierum</em></strong></span> <span class='ocrx_word' id='word_1_260' title='bbox 890 3212 946 3272; x_wconf 89' lang='lat' dir='ltr'><strong><em>aut</em></strong></span> <span class='ocrx_word' id='word_1_261' title='bbox 966 3206 1132 3290; x_wconf 81' lang='lat' dir='ltr'><strong><em>amphorae</em></strong></span> <span class='ocrx_word' id='word_1_262' title='bbox 1150 3207 1203 3271; x_wconf 93' lang='lat' dir='ltr'><strong><em>ad-</em></strong></span> 
     </span>
     <span class='ocr_line' id='line_1_33' title="bbox 179 3294 1202 3378; baseline -0.002 -18"><span class='ocrx_word' id='word_1_263' title='bbox 179 3294 357 3378; x_wconf 78' lang='lat' dir='ltr'><strong><em>prehensae</em></strong></span> <span class='ocrx_word' id='word_1_264' title='bbox 387 3315 450 3361; x_wconf 92' lang='lat' dir='ltr'><strong><em>non</em></strong></span> <span class='ocrx_word' id='word_1_265' title='bbox 479 3300 565 3374; x_wconf 89' lang='lat' dir='ltr'><strong><em>sunt,</em></strong></span> <span class='ocrx_word' id='word_1_266' title='bbox 600 3294 697 3362; x_wconf 85' lang='lat' dir='ltr'><strong><em>nibito</em></strong></span> <span class='ocrx_word' id='word_1_267' title='bbox 729 3296 833 3361; x_wconf 88' lang='lat' dir='ltr'><strong><em>minus</em></strong></span> <span class='ocrx_word' id='word_1_268' title='bbox 864 3296 996 3361; x_wconf 89' lang='lat' dir='ltr'><strong><em>traditae</em></strong></span> <span class='ocrx_word' id='word_1_269' title='bbox 1025 3297 1202 3373; x_wconf 86' lang='lat' dir='ltr'><strong><em>rideantur;</em></strong></span> 
     </span>
     <span class='ocr_line' id='line_1_34' title="bbox 195 3383 1203 3470; baseline -0.003 -19"><span class='ocrx_word' id='word_1_270' title='bbox 195 3383 276 3451; x_wconf 82' lang='lat' dir='ltr'><strong><em>nibil</em></strong></span> <span class='ocrx_word' id='word_1_271' title='bbox 301 3385 386 3450; x_wconf 85' lang='lat' dir='ltr'><strong><em>rideo</em></strong></span> <span class='ocrx_word' id='word_1_272' title='bbox 412 3385 566 3470; x_wconf 90' lang='lat' dir='ltr'><strong><em>interesse,</em></strong></span> <span class='ocrx_word' id='word_1_273' title='bbox 596 3389 702 3450; x_wconf 74' lang='lat' dir='ltr'><strong><em>ntum</em></strong></span> <span class='ocrx_word' id='word_1_274' title='bbox 728 3385 792 3467; x_wconf 90' lang='lat' dir='ltr'><strong><em>ipse</em></strong></span> <span class='ocrx_word' id='word_1_275' title='bbox 818 3405 958 3450; x_wconf 76' lang='lat' dir='ltr'><strong><em>ammam</em></strong></span> <span class='ocrx_word' id='word_1_276' title='bbox 985 3405 1028 3449; x_wconf 91' lang='lat' dir='ltr'><strong><em>an</em></strong></span> <span class='ocrx_word' id='word_1_277' title='bbox 1055 3385 1203 3450; x_wconf 90' lang='lat' dir='ltr'><strong><em>mandato</em></strong></span> 
     </span>
     <span class='ocr_line' id='line_1_35' title="bbox 195 3473 1204 3556; baseline 0 -18"><span class='ocrx_word' id='word_1_278' title='bbox 195 3493 260 3538; x_wconf 82' lang='lat' dir='ltr'><strong><em>nno</em></strong></span> <span class='ocrx_word' id='word_1_279' title='bbox 289 3473 404 3556; x_wconf 82' lang='lat' dir='ltr'><strong><em>aliquis</em></strong></span> <span class='ocrx_word' id='word_1_280' title='bbox 430 3474 594 3552; x_wconf 68' lang='lat' dir='ltr'><strong><em>custodiat·</em></strong></span> <span class='ocrx_word' id='word_1_281' title='bbox 626 3474 788 3556; x_wconf 78' lang='lat' dir='ltr'><strong><em>utrubique</em></strong></span> <span class='ocrx_word' id='word_1_282' title='bbox 814 3475 915 3539; x_wconf 88' lang='lat' dir='ltr'><strong><em>animi</em></strong></span> <span class='ocrx_word' id='word_1_283' title='bbox 940 3475 1072 3556; x_wconf 86' lang='lat' dir='ltr'><strong><em>quodam</em></strong></span> <span class='ocrx_word' id='word_1_284' title='bbox 1095 3493 1204 3556; x_wconf 84' lang='lat' dir='ltr'><strong><em>ponere</em></strong></span> 
     </span>
     <span class='ocr_line' id='line_1_36' title="bbox 189 3563 642 3645; baseline 0.004 -18"><span class='ocrx_word' id='word_1_285' title='bbox 189 3563 340 3645; x_wconf 89' lang='lat' dir='ltr'><strong><em>possessio</em></strong></span> <span class='ocrx_word' id='word_1_286' title='bbox 363 3563 421 3628; x_wconf 88' lang='lat' dir='ltr'><strong><em>erit</em></strong></span> <span class='ocrx_word' id='word_1_287' title='bbox 441 3563 642 3629; x_wconf 85' lang='lat' dir='ltr'><strong><em>aestimande.</em></strong></span> 
     </span>
    </p>
   </div>
   <div class='ocr_carea' id='block_1_5' title="bbox 0 0 1315 3912">
    <p class='ocr_par' dir='ltr' id='par_1_8' title="bbox 0 0 1315 3912">
     <span class='ocr_line' id='line_1_37' title="bbox 0 0 1315 3912; baseline 0 0"><span class='ocrx_word' id='word_1_288' title='bbox 0 0 1315 3912; x_wconf 95' lang='lat' dir='ltr'><strong><em> </em></strong></span> 
     </span>
    </p>
   </div>
  </div>
 </body>
</html>
