2602 3906
153 174 218 238 534
519 173 796 230 ADDITAMENTA.

156 337 368 401 substitutum
393 335 562 401 admittere
582 337 772 421 etamplius
792 337 832 402 ad
852 337 1026 403 cretionem
1045 340 1168 404 reverti

153 446 221 489 non
243 446 348 509 posse.

203 536 292 685 Hgd
318 537 512 608 Proculianos
541 537 634 598 Gaius
662 537 782 598 ridetur
812 538 969 615 respicere.
1011 541 1048 599 ef.
1070 539 1116 617 H,
1146 543 1167 599 2

153 645 181 701 p.
267 668 275 684 .

347 751 394 810 De
415 755 500 825 rapto
523 752 567 810 ael
590 753 674 811 irra'lo
696 753 772 825 facto
795 755 969 812 testamento.

244 869 307 934 15?
336 870 374 934 D.
388 871 445 952 49,
462 871 516 954 15,
533 871 575 935 10
584 892 631 954 pr.
663 869 863 954 Papinianus
885 870 969 935 libro
991 870 1168 935 vicensimo

154 980 240 1022 nono
266 957 510 1035 Quaestionum.
531 997 575 1006 -
602 959 700 1023 Pater
726 959 877 1023 instituto
905 959 1063 1042 impuberi
1096 959 1168 1023 filio

154 1047 366 1112 substituerat
384 1052 417 1112 et
437 1048 478 1113 ab
497 1049 645 1113 hostibus
666 1052 778 1132 eaptus
797 1047 844 1111 ibi
863 1047 1010 1116 decessit.
1051 1051 1169 1131 postea

154 1135 303 1201 defuneto
326 1137 493 1220 impubere
516 1137 698 1222 legitimum
718 1136 847 1201 admitti
867 1135 1059 1220 quibusdam
1077 1137 1167 1200 vide·

153 1223 247 1289 batur
275 1247 377 1310 neque
404 1226 533 1290 tabulas
563 1227 717 1290 secundas
743 1226 777 1289 in
801 1225 869 1288 eius
893 1246 1031 1309 persona
1053 1225 1165 1290 loeum

155 1313 285 1398 habere,
308 1315 363 1398 qui
386 1314 460 1379 vivo
483 1318 576 1398 patre
600 1314 650 1379 sui
673 1315 752 1379 iuris
777 1314 908 1378 effectus
932 1314 1056 1378 fuisset.

457 1491 507 1557 De
529 1492 673 1574 lepitimis
694 1491 859 1557 laedebas.

244 1614 307 1680 16?
332 1614 370 1680 D.
386 1615 416 1698 5,
430 1617 460 1697 4,
475 1618 504 1682 3.
532 1617 652 1681 Paulus
672 1616 756 1681 libro
776 1617 913 1698 septimo
933 1614 974 1680 ad
988 1614 1164 1682 Plautium.

155 1741 193 1752 —
211 1753 219 1768 .
234 1754 263 1768 ..
283 1705 362 1768 iuris
385 1709 531 1770 auctores
550 1706 756 1769 medietatem
775 1704 938 1788 quandam
957 1705 1058 1769 secuti
1077 1709 1167 1788 sunt,

152 1797 189 1857 ut
216 1794 299 1873 quod
323 1794 390 1857 fieri
414 1813 478 1857 non
507 1816 577 1859 raro
605 1793 776 1859 admodum
805 1796 925 1876 potest,
952 1792 1167 1877 intuerentur,

152 1882 184 1944 id
219 1884 269 1945 est
302 1882 377 1964 quia
409 1881 478 1946 fieri
510 1887 655 1968 poterat,
685 1886 722 1946 ut
749 1881 920 1967 tregemini
948 1887 1166 1967 nascerentur,

153 1973 302 2054 quartam
325 1973 452 2053 partem
477 1973 642 2055 superstiti
666 1971 733 2036 filio
757 1970 1004 2052 adsignaverint.

244 2076 294 2142 17.
317 2075 356 2141 D.
370 2077 423 2157 46,
434 2077 462 2161 3,
473 2078 526 2143 36.
557 2077 703 2142 Iulianus
725 2077 809 2142 libro
828 2077 933 2161 primo
953 2076 992 2140 ad
1011 2075 1165 2142 Urseium

153 2164 315 2229 Ferocem.
339 2202 381 2212 -
406 2163 440 2230 si
467 2170 559 2249 pater
591 2189 680 2232 meus
713 2171 889 2249 praegnate
921 2187 1019 2231 uxore
1049 2165 1166 2230 relicta

154 2254 326 2318 decesserit
357 2258 391 2318 et
423 2275 461 2318 ex
494 2277 590 2320 eausa
617 2255 810 2320 hereditaria
837 2259 942 2319 totum
969 2255 1045 2338 hoe,
1077 2255 1165 2338 quod

154 2343 240 2427 patri
268 2365 340 2408 meo
370 2343 514 2407 debitum
542 2344 669 2428 luisset,
696 2345 864 2429 petissem,
896 2342 978 2407 nihil
1010 2364 1060 2406 me
1088 2365 1164 2407 eon·

153 2433 329 2515 sumpsisse
363 2432 493 2517 quidam
526 2434 716 2498 existimant
748 2431 783 2515 <,
807 2433 834 2496 si
866 2436 1036 2516 postumus
1064 2437 1163 2496 natus

152 2521 229 2604 sit>3
263 2523 289 2585 si
324 2543 418 2586 nemo
451 2526 547 2586 natus
580 2523 636 2604 sit,
668 2524 754 2586 reete
786 2543 838 2584 me
870 2520 989 2606 egisse,
1022 2519 1096 2604 quia
1128 2521 1164 2584 in

153 2631 260 2673 rerum
284 2617 400 2675 natura
425 2632 534 2675 verum
552 2611 668 2675 fuisset
687 2632 738 2675 me
757 2610 862 2674 solum
880 2609 1031 2673 heredem
1054 2609 1164 2674 fuisse.

242 2719 306 2782 18⁸.
330 2716 368 2782 D.
379 2716 490 2801 38,10,
503 2718 554 2801 10,
566 2717 616 2782 15.
648 2716 738 2781 Idem
757 2715 812 2799 (se.
826 2713 961 2802 Paulus)
975 2715 1058 2780 libro
1079 2717 1162 2800 sing.

153 2804 193 2867 de
221 2806 382 2888 gradibus.
409 2842 446 2850 —
568 2806 623 2890 qui
656 2827 694 2868 ex
726 2805 880 2868 fratribus
913 2805 964 2868 vel
997 2805 1162 2870 sororibus

152 2899 338 2958 naseuntur.
368 2917 447 2978 quos
462 2895 591 2977 quidam
605 2896 651 2959 ita
666 2894 889 2976 distinxerunt,
904 2896 940 2956 ut
955 2915 1009 2957 eos
1025 2892 1163 2978 quidem,

153 2981 209 3064 qui
232 3002 271 3044 ex
294 2983 448 3046 fratribus
471 2983 541 3046 nati
565 2987 647 3066 sunt,
671 2983 788 3047 fratres
806 2982 969 3066 patrueles
994 2983 1162 3067 appellent,

154 3070 232 3132 item
248 3091 310 3152 eas,
325 3092 407 3154 quae
423 3093 460 3134 ex
474 3070 628 3135 fratribus
643 3075 739 3136 natae
754 3074 838 3145 sunt,
853 3092 978 3135 sorores
991 3071 1163 3154 patrueles,

153 3179 192 3221 ex
215 3157 316 3221 fratre
340 3164 448 3224 autem
472 3165 504 3224 et
528 3181 636 3224 sorore
656 3159 807 3225 amitinos
826 3160 987 3242 amitinae,
1011 3181 1065 3225 eos
1084 3181 1161 3224 vero

152 3252 185 3309 et
216 3267 283 3328 eas,
315 3247 369 3330 qui
400 3268 521 3330 quaeve
549 3269 587 3311 ex
615 3250 778 3313 sororibus
811 3248 881 3312 nati
913 3252 1050 3314 nataeve
1078 3252 1162 3328 sunt,

154 3333 365 3398 consobrinos
387 3335 597 3400 consobrinas
617 3338 708 3420 quasi
727 3337 966 3420 consororinos,
992 3337 1047 3402 sed
1065 3337 1160 3420 pleri-

153 3442 214 3505 que
236 3422 297 3486 hos
321 3443 431 3487 omnes
455 3423 664 3489 consobrinos
689 3431 814 3489 vocant.

240 3532 276 3591 of.
300 3533 314 3590 I
336 3554 364 3609 p.
385 3535 457 3593 413.
