2580 3900
168 194 233 260 228
259 193 306 250 IV.
320 189 537 248 VESPASIANI
550 190 622 244 ῚῚΤΙ
635 189 829 246 DOMITlANI
843 189 952 248 TEMP.
965 188 1061 246 IURIS
1075 189 1182 246 CONS.

259 357 322 422 16?
362 354 401 419 D.
428 357 457 435 7,
483 357 515 437 1,
537 354 590 419 41.
642 352 843 438 Pomponius
878 354 963 420 libro
995 354 1107 438 quinto
1140 376 1181 420 ex

166 446 297 511 Plautio
313 441 362 531 (P.
377 440 469 529 343).
482 480 525 490 —
540 442 718 530 (Commatis
735 449 818 526 parti
836 467 854 508 a
868 448 1048 509 Triboniauo
1067 447 1181 508 allatae

167 540 242 599 haec
269 538 357 597 Pauli
387 538 480 597 verba
512 537 696 614 praecedunt
727 556 764 597 ex
789 537 866 598 libro
890 537 932 596 IX
959 537 998 596 ad
1024 537 1181 598 Plautium

169 629 340 703 desumpta:
364 618 413 688 ‘si
435 625 574 688 testator
599 621 740 704 iusserit,
763 625 799 685 ut
818 619 909 686 heres
928 622 1074 686 reticeret
1091 621 1180 686 insu·

167 713 242 794 lam,
263 711 353 776 cuius
377 731 471 775 nsum
490 709 631 776 fructum
650 710 782 795 legavit,
799 713 908 793 potest
926 709 1121 774 fructuarius
1141 732 1181 775 ex

168 803 364 866 testamento
389 820 500 885 agere,
522 803 559 864 ut
581 799 675 864 heres
698 796 879 885 reficeret’.)
925 798 1012 883 quod
1035 799 1063 862 si
1085 798 1181 864 heres

168 889 231 955 hoc
249 911 316 953 non
334 886 464 953 fecisset
483 891 516 952 et
535 888 576 953 oh
596 888 630 952 id
645 885 840 952 fructuarius
855 887 919 953 frui
933 909 997 953 non
1011 887 1181 972 potuisset,

169 979 315 1043 heredem
338 977 437 1042 etiam
459 975 629 1042 fructuarii
651 997 689 1041 eo
708 977 838 1041 nomine
856 971 994 1041 haberel
1011 976 1182 1062 actionem,

169 1067 283 1152 quanti
316 1064 485 1132 fructuarii
517 1065 718 1131 interfuisset
748 1086 814 1130 non
846 1086 989 1131 cessasse
1020 1065 1182 1150 heredem,

169 1158 246 1222 licet
268 1177 346 1220 usus
369 1155 493 1220 fructus
515 1158 618 1220 morte
642 1154 709 1218 eius
733 1152 904 1219 interisset.

320 1339 367 1398 Dc
389 1356 420 1398 co
443 1339 518 1411 quod
539 1338 626 1411 fundi
649 1338 815 1397 maductorc'
837 1337 962 1412 legatum
984 1341 1033 1408 cst.

262 1459 311 1522 17.
337 1456 376 1522 D.
391 1457 443 1541 34,
458 1457 488 1539 3,
504 1457 553 1522 16.
594 1454 715 1521 Paulus
738 1455 821 1521 libro
845 1477 931 1521 nono
955 1454 996 1520 ad
1017 1454 1182 1521 Plautium

171 1546 221 1634 (P.
240 1542 364 1632 11722).
390 1583 428 1592 -
454 1545 496 1610 ni
524 1544 575 1609 cni
603 1544 738 1609 fundum
763 1545 797 1609 in
822 1545 1074 1630 quinquennium
1097 1546 1182 1612 loca·

170 1658 281 1701 veram
309 1634 415 1720 legavi
444 1633 598 1718 quidquid
626 1654 699 1697 eum
722 1633 803 1697 mihi
825 1632 902 1698 dare
925 1632 1030 1699 facere
1054 1638 1183 1720 oportet

172 1722 375 1808 oportebitve
399 1726 436 1787 ut
454 1721 574 1787 sineret
592 1721 686 1787 heres
706 1722 768 1787 sibi
785 1722 915 1788 habere.
955 1720 1065 1788 Nerva
1083 1722 1181 1788 Atili-

172 1813 277 1894 cinus,
306 1813 334 1875 si
361 1811 455 1876 heres
481 1810 669 1895 prohiberet
692 1833 764 1876 eum
787 1811 865 1894 frui,
893 1832 932 1875 ex
956 1811 1126 1895 conducto,
1155 1813 1182 1876 si

171 1902 240 1965 iure
265 1898 437 1965 locationis
461 1899 535 1985 quid
559 1901 722 1985 retineret,
745 1921 784 1964 ex
801 1903 996 1965 testamento
1015 1901 1084 1966 fore
1103 1899 1183 1966 chli-

173 1992 286 2072 gatum
312 1989 414 2066 aiunt,
442 1988 519 2072 quia
540 1987 623 2052 nihil
645 1989 829 2071 interesset,
856 1993 1019 2072 peteretur
1042 2011 1084 2054 an
1107 1991 1182 2054 reti-

129 2105 133 2112 ’
172 2080 278 2160 neret3
301 2080 408 2142 totam
432 2078 516 2141 enim
540 2077 734 2141 locationem
756 2078 901 2162 legatam
923 2078 1034 2144 videri.

264 2166 313 2230 18.
343 2164 382 2231 D.
398 2165 495 2250 34,3,
510 2166 561 2231 18.
606 2164 727 2230 Paulus
753 2164 829 2230 ibid.
852 2162 905 2252 (P.
925 2165 1049 2255 1172b).
1072 2204 1114 2216 —-
1139 2167 1184 2232 Et

172 2259 339 2339 praeterea
362 2254 486 2338 placuit
509 2274 603 2339 agere
625 2276 723 2338 posse
746 2255 898 2320 colonum
917 2277 990 2320 cum
1006 2255 1124 2321 herede
1143 2279 1183 2322 ex

173 2346 382 2422 testamento,
406 2347 442 2408 ut
464 2343 617 2408 liberetur
639 2343 860 2409 conductione.

496 2525 543 2585 De
564 2525 739 2586 habitatione
761 2528 863 2602 tepula.
947 2535 950 2542 '

266 2647 329 2712 19?
362 2645 401 2711 D.
423 2645 501 2710 ibid.
524 2681 569 2692 -—
591 2643 732 2711 Cassius.
778 2645 888 2711 Etiam
913 2646 940 2711 si
962 2647 1120 2713 habitatio
1145 2670 1182 2714 eo

176 2735 272 2890 ἓξὲξ)
287 2736 516 2890 (ligggpgtesset,
536 2735 713 2819 gratuitam
731 2731 971 2800 habitationem
984 2736 1079 2802 heres
1093 2758 1184 2821 prae-

266 2918 348 2978 Haec
365 2917 514 2978 sententia
532 2934 551 2976 a
569 2917 664 2977 Paulo
684 2917 712 2978 ei
728 2917 893 2994 praemissa
911 2921 967 2998 est,
985 2937 1076 2996 quam
1094 2939 1186 2997 supra

177 2998 250 3087 (18)
269 3006 419 3082 proposui.

433 3105 483 3171 De
503 3107 739 3190 fideicommissa
759 3107 929 3173 hereditate.

265 3231 319 3296 20.
343 3229 381 3294 D.
397 3229 449 3307 35,
465 3232 493 3308 1,
507 3230 550 3295 43
558 3253 605 3315 pr.
641 3229 761 3295 Paulus
783 3229 867 3297 libro
892 3237 1006 3298 octavo
1030 3233 1070 3298 ad
1087 3232 1185 3299 Plan·

177 3319 260 3383 tium
292 3317 340 3404 (P.
362 3315 471 3405 1156).
504 3355 546 3366 -
579 3319 735 3384 Plautius.
780 3319 927 3406 Rogatus
960 3325 1010 3387 est
1040 3322 1134 3388 heres
1167 3347 1186 3388 a

178 3406 297 3473 liberto
316 3410 483 3491 testatore,
502 3412 538 3472 ut
554 3410 714 3493 perceptis
733 3409 796 3475 sibi
817 3409 924 3476 decem
942 3415 1046 3477 totam
1064 3411 1186 3477 heredi-

252 3572 265 3619 1
288 3565 362 3621 Trlb.
381 3565 461 3620 heres
475 3607 482 3620 .
497 3607 504 3622 .
518 3565 643 3624 habebit
