2602 3906
131 189 139 207 '
171 217 237 283 448
273 217 308 273 v.
326 215 477 272 sssvss
495 216 543 271 so
562 213 953 272 TRAIANITEMP.1URIS
972 215 1152 273 cessum

168 402 224 448 suo
252 381 374 458 interim
394 385 502 463 partes
528 384 609 444 emat
635 384 674 463 et,
705 380 769 446 nisi
790 384 886 445 totum
907 380 1021 463 emerit,
1044 381 1174 464 inqratis

132 525 135 530 .
169 491 222 536 cos
249 469 385 534 retineat.
433 490 509 534 nom
529 469 662 552 propius
688 473 743 546 est,
770 475 806 533 ut
831 489 900 533 cum
925 468 1104 535 huiusmodi
1129 470 1176 534 in-

169 559 333 625 commodis
355 559 538 623 maudatum
559 557 676 640 suscipi
693 558 794 639 possit
808 559 1021 641 praestarique
1041 558 1177 642 officium

169 653 198 714 ct
224 648 258 712 in
280 647 424 730 partibus
450 647 583 712 emendis
602 647 731 729 perinde
758 651 846 728 atque
873 647 908 711 in
933 651 991 712 toto
1014 646 1117 712 debeat
1139 647 1177 712 ab

169 758 217 817 eo,
238 737 293 818 qui
314 736 374 801 tote
396 737 577 801 mandatum
599 755 658 800 sna
679 740 785 818 sponte
805 736 943 817 suscepit.

258 825 312 891 40.
338 823 377 890 D.
394 825 473 889 ibid.
490 826 510 905 ἓ
529 824 559 890 3.
587 860 630 870 -
659 823 801 904 Quodsi
828 825 1023 890 mandassem
1050 824 1117 908 ear,
1144 829 1179 890 ut

168 914 303 997 fundum
324 913 405 978 mihi
425 933 543 997 onnes,
565 934 628 978 uon
649 913 754 978 addito
776 933 818 997 eo,
841 918 961 979 utnon
985 914 1076 978 aliter
1092 933 1179 978 man·

169 1005 241 1069 dato
273 1008 388 1086 tenear,
419 1023 512 1084 quam
541 1003 570 1067 si
596 1006 691 1066 totum
718 1022 840 1084 emeres,
873 1006 901 1067 et
929 1007 964 1066 tu
984 1006 1108 1086 partem
1134 1003 1179 1068 ud

169 1093 321 1177 quasdam
344 1096 450 1174 partes
475 1091 541 1160 eius
566 1091 686 1173 emeris,
715 1095 780 1155 tum
801 1090 977 1157 habebimus
998 1091 1066 1156 sine
1087 1091 1178 1157 dictio

169 1182 299 1247 inuicem
316 1181 458 1246 mandati
475 1181 633 1263 actionem,
655 1180 796 1260 quamuis
813 1180 948 1263 reliquas
962 1185 1067 1263 partes
1084 1201 1180 1246 eunuc

171 1291 236 1337 nou
255 1271 411 1352 potuisses.

452 1381 454 1387 '
515 1371 561 1430 De
584 1372 702 1431 aedibus
726 1373 834 1445 emptis.

261 1484 313 1548 41.
344 1481 383 1546 D.
400 1481 454 1563 19,
470 1483 501 1559 1,
517 1481 558 1546 18
574 1504 621 1565 pr.
665 1479 836 1546 Iavolenus
864 1480 947 1546 libro
972 1481 1111 1564 septimo
1140 1503 1179 1545 ex

170 1570 292 1638 Cassio.
318 1607 356 1618 -
382 1570 560 1648 Gronaria‚
592 1591 670 1654 qnae
695 1591 732 1635 en
759 1569 871 1636 tabidis
896 1571 967 1652 pieri
994 1570 1103 1650 soient,
1135 1571 1182 1636 ita

169 1661 293 1726 aedium
319 1663 403 1738 suut,
435 1660 464 1724 si
490 1660 607 1741 stipites
634 1680 737 1725 eorum
766 1660 801 1724 in
831 1663 914 1724 terra
945 1657 1058 1740 defossi
1088 1663 1178 1736 sunt,·

169 1749 251 1833 quod
270 1750 300 1814 si
320 1768 418 1830 supra
439 1753 554 1813 terram
575 1753 661 1826 sunt,
682 1749 763 1813 rutis
784 1752 813 1813 et
833 1747 929 1813 caesis
951 1748 1068 1812 cedunt.

260 1839 313 1902 42.
340 1837 378 1902 D.
392 1837 470 1902 ibid.
484 1839 504 1917 ξ
521 1838 550 1903 1.
566 1873 604 1883 -
623 1836 762 1921 Tepulae,
780 1858 858 1920 qaae
875 1838 1011 1902 nondum
1030 1837 1179 1920 aedificiis

170 1926 331 2008 impositae
357 1929 443 2008 sunt,
469 1927 611 2007 quamuis
634 1927 750 2008 tependi
768 1927 874 2009 qratia
896 1927 1012 1992 altatae
1032 1930 1118 2008 sicut,
1145 1926 1181 1990 in

169 2015 250 2079 rutis
281 2019 309 2078 et
339 2015 435 2079 caesis
461 2014 616 2080 habentur.
653 2015 742 2080 atiud
767 2015 847 2081 iuris
877 2019 922 2080 cst
946 2016 982 2079 in
1008 2014 1071 2097 itis,
1103 2035 1181 2097 qiam

170 2105 319 2168 detractae
344 2107 418 2168 sunt
443 2108 479 2168 ut
503 2110 735 2186 reponerentur;
762 2103 888 2170 aedibus
914 2104 997 2169 enim
1024 2105 1177 2169 accedunt.

536 2287 583 2346 De
605 2303 686 2345 seruo
709 2291 808 2361 erupto.

259 2396 312 2461 43.
347 2395 387 2460 D.
412 2397 468 2477 18,
491 2397 526 2476 6,
551 2398 600 2461 17.
649 2396 821 2461 Iavolenus
853 2396 936 2461 libro
968 2396 1107 2480 septimo
1139 2417 1181 2461 ex

171 2481 295 2550 Cassio.
317 2522 354 2532 -
374 2484 463 2551 Servi
479 2490 595 2568 emptor
614 2486 643 2550 si
660 2506 729 2550 eum
746 2487 926 2551 conductum
943 2486 1068 2568 roqouit,
1087 2486 1180 2552 donea

166 2574 303 2658 pretinm
325 2574 456 2658 solueret,
478 2574 559 2639 ninii
574 2595 633 2658 per
655 2595 725 2640 cum
746 2594 867 2639 savum
884 2575 1045 2657 adquirere
1060 2575 1182 2658 poterit,

172 2663 320 2746 quoniam
351 2683 412 2729 nou
444 2665 562 2728 videtin
594 2664 727 2728 traditus
757 2664 800 2745 is,
830 2664 918 2729 cuius
944 2664 1096 2746 possessio
1122 2684 1182 2748 per

172 2752 351 2818 locationem
380 2753 528 2817 retinetur
560 2773 581 2816 a
607 2754 766 2818 uenditore.
813 2751 984 2834 maurium
1010 2753 1074 2817 eius
1100 2753 1183 2818 semi

172 2842 216 2906 ad
240 2846 401 2925 emptorem
423 2843 569 2926 pertinet,
596 2843 678 2924 quod
704 2847 805 2907 tamen
830 2841 899 2906 sine
923 2841 992 2906 doto
1013 2841 1181 2908 venditoris

173 2930 375 2996 intervenerit.

567 3076 675 3137 Liber
697 3075 782 3136 VIII.

452 3194 502 3259 De
524 3194 671 3260 locotione
692 3196 896 3263 conductione.

259 3307 312 3373 44.
338 3307 378 3373 D.
394 3309 445 3392 19,
458 3311 489 3388 2,
503 3310 554 3375 37.
590 3308 759 3376 Iavolenus
774 3310 859 3377 libro
874 3313 988 3377 octavo
1003 3331 1042 3375 ex
1057 3308 1183 3378 Cassio.

173 3431 211 3443 —
242 3394 292 3482 Si,
318 3399 503 3482 priusquam
531 3399 656 3465 locatori
682 3420 758 3482 opus
779 3400 976 3485 probaretur,
1007 3402 1039 3465 oi
1071 3401 1184 3483 aliqua

169 3449 383 3588 consumptum
410 3493 465 3566 est,
492 3489 703 3554 detrimentum
726 3491 770 3554 od
791 3489 950 3556 locatorem
972 3489 1019 3554 ito
1035 3490 1181 3573 pertinet,

170 3575 202 3638 si
224 3575 283 3640 tote
304 3596 380 3659 opus
398 3538 474 3660 fuii,
496 3582 531 3643 ut
546 3577 677 3659 probari
699 3578 819 3644 daun.
