2580 3900
461 235 487 287 8.
506 229 658 286 URSFIUS
676 227 798 287 FEROX
1071 231 1133 295 177

449 435 497 494 De
519 421 678 510 repetendis
700 435 809 510 tepetis.

212 536 254 600 9?
276 535 315 600 D.
330 535 382 618 32,
397 535 448 601 63.
488 533 578 601 Idem
602 533 659 622 (sc.
678 533 838 623 Iulianus)
861 536 946 602 libro
967 537 1073 621 primo
1093 535 1134 602 ed

124 624 273 692 Urseium
301 622 453 691 Ferocem
480 621 531 710 (P.
551 624 641 709 889).
670 660 708 672 -
738 623 778 689 In
805 625 989 708 repetendis
1017 626 1133 712 legetis

121 714 199 778 haec
222 713 323 778 verbe
345 734 428 798 quae
451 712 533 778 edici
557 713 664 779 solent
687 711 775 778 ‘item
801 713 877 779 dare
896 714 1030 780 demnas
1050 715 1132 781 esto'

121 808 154 868 et
185 803 225 867 ed
259 801 463 868 condiciones
492 805 525 867 et
552 801 593 866 nd
620 801 699 867 dies
716 802 899 886 legatorum
926 801 1056 868 easdem
1083 826 1132 869 re-

121 889 277 976 petendus
300 890 414 956 referri
438 888 578 956 Sabinus
599 889 773 977 respondit.

456 1066 506 1132 De
529 1068 665 1133 lehertete
685 1067 800 1134 relicte.

211 1173 262 1238 10.
290 1171 329 1238 D.
344 1173 397 1258 40,
411 1174 442 1256 4,
458 1173 554 1259 18pr.
597 1172 687 1238 Idem
712 1171 770 1327 geo.
792 1171 951 1260 Iulianus)
973 1174 1057 1239 libro
1082 1197 1131 1240 se-

120 1262 224 1329 cundo
259 1262 299 1326 ud
331 1259 483 1327 Urseium
513 1261 664 1328 Ferocem
697 1263 711 1348 (
740 1259 856 1352 .901).
887 1298 925 1310 -
956 1261 1018 1338 Qui
1051 1263 1132 1329 duos

120 1350 254 1416 heredes
278 1351 480 1436 instituebat,
503 1354 580 1437 post
598 1352 730 1416 alterius
749 1358 887 1417 mortem
907 1371 1034 1417 servum
1054 1352 1131 1418 libe-

119 1461 191 1506 rum
210 1460 281 1504 esse
300 1441 449 1504 iusserat.
478 1440 507 1504 is
526 1461 565 1504 ex
583 1441 674 1504 euius
693 1446 796 1505 morte
815 1440 948 1506 libertas
962 1440 1132 1525 pendebat,

119 1529 193 1594 vivo
221 1531 379 1594 testatore
407 1528 595 1594 decesserat
641 1527 780 1594 Sabinus
803 1527 972 1612 respondit
993 1529 1131 1594 liberum

120 1618 275 1683 futurum.

211 1708 260 1772 11.
279 1704 318 1770 D.
333 1705 387 1789 28,
397 1705 428 1791 5,
442 1707 520 1790 8pr.
543 1704 632 1771 Idem
647 1701 877 1810 (sc.lulie.nus)
892 1706 975 1771 libro
990 1707 1130 1772 secundo

120 1795 160 1860 ed
178 1793 331 1862 Urseium
350 1793 502 1862 Ferocem
525 1791 576 1881 (P.
590 1794 682 1880 900).
705 1831 748 1842 -
771 1793 843 1860 Duo
867 1796 947 1860 socii
970 1796 1129 1880 quendem

120 1904 249 1949 servum
273 1903 472 1950 communem
497 1887 695 1948 testamento
718 1883 806 1949 fecto
829 1883 980 1950 heredem
999 1889 1032 1949 et
1051 1885 1129 1950 libe·

119 1993 191 2038 rum
220 1992 290 2038 esse
317 1972 488 2037 iusserant.
537 1971 632 2038 ruine
664 1973 761 2038 simul
789 1974 935 2058 oppressi
957 1974 1129 2058 petierent.

119 2061 263 2144 plerique
286 2060 523 2146 responderunt
543 2061 606 2128 hoe
630 2083 708 2127 essu
731 2062 856 2128 duobus
878 2062 1023 2127 oreinum
1042 2063 1131 2128 here·

120 2149 192 2215 dem
215 2149 363 2214 existere.

208 2242 291 2314 Qune
305 2246 484 2321 sequuntur:
499 2236 542 2303 ‘et
555 2243 587 2304 id
596 2247 643 2304 est
652 2238 772 2318 verius',
782 2244 894 2304 Iuliani
902 2245 1039 2306 nubenda
1048 2249 1130 2308 sunt.

210 2345 261 2410 12.
285 2343 365 2408 Ibid.
383 2347 404 2426 ξ
419 2346 447 2410 1.
472 2380 513 2392 -
536 2341 599 2410 Sed
623 2348 656 2410 et
679 2346 707 2410 si
731 2346 791 2410 sub
813 2345 924 2410 eedem
943 2345 1130 2411 condicione

120 2454 247 2500 servum
265 2453 469 2498 communem
487 2437 620 2518 uterque
639 2435 745 2500 socius
764 2434 901 2499 liberum
915 2433 1129 2519 heredemque

118 2543 188 2590 esse
211 2522 360 2588 iussisset
383 2542 483 2607 euque
507 2522 699 2608 exstitisset,
720 2522 805 2587 idem
827 2522 907 2588 iuris
930 2520 1017 2588 esset

397 2705 445 2765 De
465 2705 594 2766 oiedmtc
616 2707 850 2766 manumissione.

208 2806 259 2871 13.
283 2804 322 2870 D.
336 2807 389 2892 40,
403 2806 435 2890 9,
450 2807 479 2890 1,
494 2806 523 2871 1.
567 2805 711 2872 Iulianus
735 2806 819 2872 libro
843 2805 982 2870 seeundo
1006 2805 1046 2870 ad
1069 2803 1130 2871 Ur·

119 2895 221 2961 seium
244 2893 397 2960 Ferocem
420 2891 469 2982 (P.
490 2892 580 2982 903).
604 2931 644 2942 -
669 2893 777 2961 Minor
800 2895 892 2960 annis
914 2895 1034 2978 viginti
1056 2917 1128 2962 eum

119 3003 248 3049 servum
285 2985 513 3049 manumittere
548 2985 646 3050 vellet
682 3005 741 3050 nee
772 2985 892 3049 iustam
924 3005 1054 3050 ceusem
1088 2985 1128 3050 ud

118 3072 290 3138 consilium
318 3073 567 3138 manumittendi
593 3074 742 3155 heberet,
768 3074 831 3140 tibi
858 3095 930 3140 eum
957 3077 994 3139 ut
1017 3095 1127 3140 menu-

119 3161 262 3226 mitteres
294 3161 392 3227 dedit
440 3162 573 3247 negavit
599 3183 673 3228 eum
699 3163 856 3230 Proculus
883 3163 1019 3230 liberum
1048 3185 1128 3247 esse,

118 3251 270 3335 quoniam
293 3249 383 3316 fraus
406 3249 472 3336 legi
494 3249 581 3316 fecte
604 3255 697 3316 esset.

205 3359 453 3511 isdegaiulliudids
475 3450 512 3510 D.
531 3452 583 3529 40,
603 3451 632 3527 2,
653 3452 671 3509 6
700 3451 736 3510 de
764 3468 850 3511 servo
878 3451 1026 3509 communi
1054 3451 1128 3527 egit,

191 3608 204 3656 1
228 3601 303 3658 Trois.
323 3601 384 3656 erit.

171 3699 267 3750 Iurispr.
285 3700 405 3743 entehedr.
421 3699 471 3742 rell.
485 3699 520 3740 ed.
534 3698 633 3740 Bremer.
657 3697 719 3750 11‚e.
934 3688 966 3734 12
