2590 3902
179 221 244 286 286
282 221 315 276 V.
333 219 482 275 NERVAE
501 219 548 274 ET
566 219 718 275 TRAIANI
736 220 842 278 TDMP.
861 222 957 278 IURIS
977 221 1158 278 CONSUL'H

268 389 405 448 Iulianus
432 391 530 450 notat:
559 407 629 448 nam
656 390 823 466 proprietas
846 391 941 450 totius
963 391 1048 451 navis
1072 373 1193 450 barinae

178 496 298 538 causam
322 479 466 554 sequitur.

268 566 370 625 Verba
398 561 486 626 ‘num
512 566 606 627 nihilo
635 567 735 628 minus
764 567 896 627 eiusdem
924 569 1009 630 navis
1040 561 1192 628 maneret'

177 674 237 716 non
260 656 378 732 integra
402 673 464 715 esse
487 655 611 714 Pernice
634 659 743 715 censet.

495 791 546 856 De
567 793 653 858 bouis
670 793 870 874 possidendis.

267 899 332 966 39?
362 899 399 963 D.
415 898 488 984 8,5,
505 899 554 965 18.
601 897 746 963 Iulianus
769 897 854 962 libro
878 902 970 964 sexto
994 921 1032 964 ex
1055 897 1189 965 Minicio

179 987 227 1072 (P.
238 988 278 1054 87
282 986 327 1076 9).
340 1023 384 1034 -
398 987 442 1074 Is,
460 986 550 1052 cuius
566 986 691 1052 familia
704 985 846 1052 vicinum
860 987 1057 1073 prohibebat
1070 1010 1189 1073 aquam

178 1077 306 1157 ducere,
339 1077 389 1142 sui
420 1079 618 1162 potestatem
648 1098 713 1140 non
742 1072 896 1161 faciebat,
927 1099 969 1142 nc
996 1099 1104 1143 secum
1134 1076 1189 1162 agi

176 1169 294 1251 posset.
337 1166 462 1250 quaerit
484 1169 583 1248 actor,
606 1165 683 1249 qnid
707 1164 770 1229 sibi
793 1164 974 1230 faciendum
997 1171 1092 1232 esset.
1137 1189 1190 1230 re-

176 1255 306 1407 .,0..e
328 1257 683 1407 limiti-filiii
700 1253 1081 1408 tttttttttttt*
1100 1255 1189 1408 tlt

175 1365 351 1497 18νὲἔὲἕὲ
364 1364 541 1515 ibbssalquae
565 1431 727 1496 ducendae
751 1431 970 1496 constituisset
993 1437 1026 1497 et
1049 1366 1189 1517 iiqquid,

177 1522 251 1605 quia
275 1542 392 1606 aquam
416 1521 529 1585 ducere
552 1520 736 1604 prohibitus
756 1524 850 1604 esset,
873 1521 1070 1586 siccitatibus
1090 1521 1188 1586 detri-

175 1610 277 1674 menti
305 1611 457 1694 cepisset,
484 1610 584 1674 ucluti
613 1609 641 1673 si
668 1613 762 1692 prata
785 1609 956 1696 arboresve
980 1610 1188 1694 exaruissent,

174 1695 378 1764 restituisset

514 1791 559 1850 Ex
581 1791 690 1850 Iuliani
714 1791 791 1851 libro
814 1791 849 1850 X.

470 1892 521 1957 De
543 1895 693 1976 emptione
715 1894 891 1958 conditione.

264 1997 329 2063 40?
352 1997 393 2063 D.
405 2000 454 2081 19,
466 2001 494 2084 1,
507 2001 557 2082 11,
569 2001 619 2065 15.
650 1999 740 2064 Idem
755 1996 814 2085 (sc.
829 1997 1006 2088 Ulpianus)
1025 2001 1108 2066 libro
1128 2005 1186 2066 tri-

174 2088 321 2171 gonsimo
337 2088 477 2151 secundo
491 2088 531 2152 ad
547 2087 686 2152 edictum
702 2085 751 2172 (P.
762 2084 850 2174 882).
868 2123 905 2134 —
922 2089 1044 2154 ..libro
1060 2090 1184 2157 decimo

174 2176 258 2260 apud
285 2175 452 2241 Minicium
482 2175 528 2240 ait
550 2175 609 2260 (sc.
631 2172 807 2262 Iulianus),
838 2177 865 2240 si
893 2178 962 2260 quis
991 2201 1117 2243 servum
1146 2202 1185 2245 ea

174 2265 362 2329 condicione
389 2263 582 2344 vendiderit,
614 2271 651 2330 ut
677 2265 764 2330 intra
791 2265 929 2350 triginta
956 2267 1023 2332 dies
1050 2268 1184 2352 duplam

172 2354 393 2439 promitteret,
424 2358 538 2437 postea
564 2376 604 2418 ne
632 2353 708 2438 quid
736 2359 968 2437 praestaretur,
997 2360 1029 2421 et
1056 2359 1184 2441 emptor

172 2444 236 2509 hoc
257 2443 328 2508 fieri
348 2443 435 2507 intra
454 2443 539 2507 diem
557 2465 623 2507 non
643 2437 880 2525 desiderauerit,
903 2442 951 2508 ita
970 2443 1097 2510 demum
1115 2467 1183 2510 non

173 2533 275 2598 teneri
298 2532 507 2611 venditorem,
533 2533 561 2596 si
584 2533 736 2616 ignorans
761 2533 901 2598 alienum
924 2532 1080 2616 uendidit,
1103 2538 1183 2600 tunc

173 2622 258 2687 enim
281 2621 314 2686 in
337 2622 400 2688 hoc
422 2618 542 2705 tonarii,
563 2625 601 2684 ut
620 2643 679 2707 per
696 2621 803 2705 ipsum
822 2625 854 2686 ct
871 2642 929 2705 per
946 2621 1093 2686 heredem
1112 2624 1182 2688 eius

173 2716 353 2795 emptorem
386 2711 504 2776 babere
535 2711 654 2776 liceret.
705 2716 756 2793 qui
790 2719 890 2775 autem
923 2715 1052 2775 alienum
1085 2716 1181 2777 sciens

172 2806 319 2881 vendidit,
347 2805 429 2885 dolo,
456 2805 569 2883 inquit,
598 2823 658 2864 non
688 2807 770 2864 caret
797 2808 828 2863 et
854 2803 920 2863 ideo
949 2805 1042 2881 empti
1069 2805 1181 2866 iudicio

172 2894 331 2954 tenebitur.

372 3079 413 3161 4.
448 3085 487 3157 L.
514 3085 755 3159 Nanassos
783 3084 975 3159 Perseus

261 3227 374 3304 origine
403 3227 559 3305 Saepinas,
589 3227 667 3288 filius
699 3229 732 3288 L.
759 3229 889 3301 Neratii,
920 3231 1014 3290 frater
1044 3230 1182 3290 Marcelli

172 3307 224 3398 (D.
239 3317 289 3386 33,
306 3319 334 3394 7,
351 3318 400 3389 12,
414 3315 484 3394 43),
511 3317 679 3393 praefectus
707 3319 814 3377 aerarii
837 3317 972 3394 Saturni,
995 3319 1098 3380 consul
1117 3321 1180 3380 sul-

172 3405 267 3464 fectus
295 3423 363 3464 cum
389 3405 429 3464 Μ.
451 3405 549 3465 Annio
577 3405 655 3466 Vero
684 3399 731 3487 (D.
748 3409 798 3482 48,
814 3409 843 3484 8,
858 3399 894 3488 6)
922 3407 978 3467 sub
1005 3407 1181 3470 Domitiano

244 3527 257 3575 1
277 3521 324 3578 Fr.
342 3521 501 3577 exaruisset.

242 3598 258 3647 2
279 3592 326 3649 Fl.
345 3593 405 3649 fieri
422 3595 522 3650 emend.
538 3594 676 3650 Cuiociue.
