2596 3902
396 215 421 263 4.
440 207 630 264 consoles
648 206 832 263 LONGINUS
1081 204 1120 268 ”ll

414 370 464 437 De
484 371 667 453 {luminibus
683 370 827 454 publicio.

202 496 275 562 141.
305 494 345 562 D.
359 497 412 580 43,
430 498 478 580 12,
495 496 523 577 l,
537 497 567 562 3.
612 494 770 580 Ulpianus
793 495 878 559 libro
903 499 1124 578 sexagensimo

113 590 227 651 octavo
256 585 297 650 ad
325 584 463 651 edictum
487 584 537 671 (P.
552 581 663 670 1510).
689 620 726 630 -
752 582 937 648 Fluminum
966 582 1124 668 quaedam

115 675 244 758 publica
277 678 364 756 sunt,
397 675 553 758 quaedam
585 695 659 738 non.
708 671 873 756 publicum
904 671 1024 737 flumen
1054 694 1125 738 esse

115 761 244 828 Cassius
268 761 394 847 definit,
417 762 500 846 quod
523 782 662 848 perenne
687 761 738 826 sit.

429 939 479 1006 De
500 939 648 1005 tonorum
670 938 808 1004 cessem.

204 1065 277 1130 142.
296 1062 334 1129 D.
344 1064 398 1148 42,
408 1065 438 1145 3,
447 1064 479 1148 4,
491 1067 517 1128 1.
554 1063 645 1128 Idem
663 1060 722 1148 (sc.
741 1061 914 1145 Ulpianus)
935 1063 1019 1126 libro
1034 1064 1124 1147 quin·

135 1153 326 1239 uagensimo
348 1174 435 1218 nono
459 1153 498 1218 ed
518 1152 657 1217 edictum
676 1149 727 1237 (P.
743 1148 854 1237 1380).
873 1186 916 1196 -
935 1148 1073 1215 Sabinus
1093 1154 1126 1214 et

116 1175 244 1308 dassius
258 1242 419 1327 putabant
433 1263 507 1306 eum
522 1242 577 1326 qui
591 1241 685 1305 bonis
700 1241 799 1304 cessit
812 1235 872 1326 (sc.
887 1239 1011 1322 exlege
1025 1236 1125 1324 Iulia)

114 1353 151 1396 ne
174 1331 305 1416 quidem
328 1332 369 1396 ab
395 1329 482 1414 eliis,
506 1330 621 1416 quibus
646 1330 754 1413 debet,
777 1349 873 1414 posse
896 1327 1097 1412 inquietari..

298 1512 351 1572 VI.
384 1512 436 1572 Ad
460 1513 617 1573 edictum
639 1511 821 1590 praetoris
844 1511 941 1571 libri.

201 1637 388 1712 Quamquam
406 1638 462 1697 hoc
480 1655 554 1714 opus
572 1656 591 1696 a
606 1637 854 1710 nullolaudatur,
871 1638 975 1695 tamen
989 1633 1127 1694 Cassium

117 1726 260 1787 eiusmodi
291 1725 385 1785 libros
418 1725 572 1801 scripsisse
606 1725 784 1803 fragmentis
821 1724 1012 1804 quibusdam,
1050 1741 1126 1800 quae

115 1815 185 1875 iuris
218 1814 314 1875 civilis
342 1814 428 1874 libris
456 1814 538 1874 nullo
566 1814 653 1874 modo
682 1814 807 1874 attribui
834 1816 973 1891 possunt,
1006 1812 1127 1873 videtur

115 1902 246 1981 probari3
283 1921 360 1980 quae
396 1904 566 1981 fragmenta
604 1903 749 1963 collocavi
785 1903 948 1963 secundum
983 1901 1126 1979 ordinem,

114 2012 201 2069 quom
224 1993 360 2052 Iulianus
383 1991 415 2051 in
438 1992 535 2052 edicto
559 1992 760 2067 componendo
784 1993 901 2052 statuit.

347 2170 395 2229 Dc
416 2171 581 2230 vadimonio
602 2169 729 2230 Romam
750 2171 892 2244 faciendo.

207 2283 235 2345 1.
267 2278 307 2346 D.
321 2281 352 2365 2,
368 2281 397 2362 l,
413 2281 511 2363 lipr.
556 2277 656 2344 Gaius
683 2279 767 2346 libro
793 2279 899 2365 primo
924 2278 965 2343 ad
988 2279 1128 2344 edictum

114 2368 314 2453 provinciale
343 2367 392 2454 (P.
407 2368 474 2452 56).
498 2404 540 2416 —
564 2367 599 2434 Si
626 2368 711 2433 idem
739 2391 812 2434 cum
839 2369 951 2434 eodem
980 2367 1128 2452 pluribus

116 2458 298 2524 actionibus
331 2460 421 2543 agat,
454 2478 591 2542 quarum
620 2457 819 2542 singularum
848 2455 1014 2541 quantitas
1041 2456 1129 2520 intra

115 2545 371 2612 iurisdictionem
395 2544 566 2611 iudicantis
591 2547 643 2629 sit,
666 2545 867 2610 coacervatio
886 2566 962 2610 vero
982 2543 1128 2609 omnium

117 2636 249 2701 excedat
266 2634 398 2700 modum
416 2635 648 2700 iurisdictionis
667 2635 745 2718 eius,
764 2633 848 2718 apud
868 2655 941 2696 eum
960 2632 1014 2716 agi
1032 2652 1129 2715 posse

115 2721 237 2789 Sabino
260 2721 375 2789 Cassio
397 2722 535 2789 Proculo
558 2721 690 2809 placuit.

203 2842 262 2904 Pro
304 2836 487 2904 ‘iudicantis’
524 2843 617 2903 Lenel
654 2839 762 2902 Gaium
803 2834 976 2902 ‘duumviri'
1014 2830 1129 2922 (potius

114 2926 355 3010 duumvirorum)
380 2933 534 3009 scripsisse
558 2932 674 2992 conicit.

203 3034 234 3098 2.
271 3032 309 3097 D.
327 3033 405 3098 ibid.
423 3036 443 3114 ξ
461 3035 492 3100 2.
521 3070 562 3081 -
592 3032 626 3099 Si
658 3055 724 3098 una
757 3032 842 3098 actio
874 3033 1052 3097 communis
1085 3033 1130 3099 sit

115 3121 258 3205 plurium
281 3143 502 3207 personarum,
524 3122 625 3187 veluti
646 3121 789 3188 familiae
808 3121 1023 3206 erciscundae,
1046 3142 1130 3186 oom-

118 3210 207 3275 muni
232 3210 421 3296 dividundo,
450 3211 563 3276 finium
586 3211 818 3296 regundorum,
844 3215 952 3274 utrum
982 3210 1130 3294 singulae

116 3305 226 3382 partes
255 3300 450 3384 spectandae
478 3304 554 3366 sunt
583 3301 667 3366 circa
694 3299 949 3365 iurisdictionem
978 3298 1046 3364 eius
1074 3298 1131 3382 qui

117 3388 285 3472 cognoscit
309 3438 374 3467 ...,
393 3411 434 3453 an
457 3389 566 3473 potius
590 3393 748 3469 totenes,
772 3386 848 3473 quie
872 3391 904 3452 et
927 3391 999 3452 tota
1020 3407 1072 3449 res
1097 3387 1130 3448 in

116 3476 270 3542 indicium
306 3479 396 3542 venit
433 3481 466 3542 et
502 3478 554 3542 vel
590 3476 647 3542 uni
679 3474 855 3540 adiudicari
887 3479 1009 3557 potest,
1046 3472 1130 3555 quod

118 3561 232 3630 Cassio
256 3613 309 3632 ...
331 3566 445 3650 placet.
