2590 3902
391 219 416 267 4.
440 215 469 270 1..
490 215 673 270 NERATIUS
691 215 839 272 PRISCUS
1053 215 1118 280 335

110 384 180 444 dum
213 376 270 444 est'
301 383 334 446 P.
355 385 451 443 1027.
506 377 642 442 ‘Paulus
670 383 921 459 quemadmodum
948 401 1019 462 ergo
1044 377 1118 443 ...'

175 623 177 628 ,
200 561 258 621 Sed
276 565 348 622 utut
366 580 413 621 res
434 580 465 621 sc
483 561 583 636 habet,
607 579 642 620 ea
659 561 830 637 fragmenta
848 561 884 620 de
903 562 1013 639 quibus
1032 561 1117 621 dubi-

109 651 170 710 tari
191 653 301 727 potest,
324 654 426 710 utrum
448 650 536 709 Pauli
559 668 597 709 an
619 649 739 709 Neratii
763 650 830 727 sint,
854 651 992 710 omittere
1015 650 1117 711 malui

197 738 285 810 Quod
308 738 346 798 ad
368 738 486 798 Neratii
508 739 678 815 fragmenta
701 738 893 815 proponenda
916 740 1034 817 attinet,
1056 741 1116 816 pri·

108 847 191 887 mum
209 828 391 887 monendum
409 831 464 906 eet,
486 827 518 886 in
536 827 625 887 Pauli
643 828 727 887 libris
747 826 785 886 ad
803 827 962 886 Neratium
982 827 1115 906 singulis,

108 921 144 977 ut
170 917 304 977 conicere
331 916 415 995 licet,
443 916 605 992 seperatim
632 916 721 976 editis
749 915 786 975 de
807 914 900 976 variis
922 916 996 975 iuris
1020 916 1116 976 civilis

109 1005 256 1083 capitibus
288 1005 401 1066 dictum
433 1006 534 1064 fuisse.
593 1006 646 1064 scd
677 1006 848 1081 fragmenta
883 1023 937 1080 per
973 1007 1117 1082 quattuor

109 1095 201 1155 libros
239 1094 418 1155 distribuere
460 1113 526 1154 cum
567 1095 636 1170 plus
676 1093 817 1155 audaciae
849 1111 940 1170 quam
972 1093 1116 1152 utilitatis

108 1184 226 1261 habeat,
250 1183 412 1243 sententias
436 1186 612 1261 argumento
631 1183 710 1242 inter
732 1201 764 1243 ee
782 1181 924 1242 finitimas
948 1200 982 1241 ac
1005 1181 1117 1241 similes

110 1272 271 1332 secundum
294 1271 489 1332 Sabinianum
512 1271 647 1331 ordinem
670 1271 886 1348 componendas
909 1271 989 1332 duxi.

520 1497 570 1564 Dc
593 1498 708 1581 (equits.

440 1628 487 1688 Dc
508 1629 663 1702 usofructo
686 1627 785 1702 leonto.

199 1747 228 1811 1.
252 1747 291 1812 D.
305 1747 358 1833 35,
374 1750 401 1827 1,
416 1746 466 1812 96.
507 1746 628 1811 Paulus
651 1746 736 1812 libro
760 1749 866 1830 primo
888 1746 929 1812 ad
947 1744 1117 1812 Neratium

108 1834 154 1919 (P.
176 1835 287 1923 1027).
314 1871 350 1883 -
380 1835 461 1902 Titio
483 1855 558 1902 uste
578 1835 699 1916 fucatis
721 1837 800 1901 acroi
822 1835 938 1920 loqutus
960 1840 1016 1920 cst,
1038 1837 1117 1902 etsi

107 1926 150 1990 ud
170 1945 239 1990 cum
255 1925 416 2008 bercaire
437 1925 568 2006 desset,
587 1924 710 1990 libertos
727 1945 812 1990 servo
830 1926 905 1992 date
923 1929 975 1991 cst.
1013 1925 1116 1991 Titius

6 1991 7 2044 3
107 2015 173 2079 civo
201 2017 343 2078 bombre-
365 2015 495 2080 decessu
541 2013 664 2079 libertus
688 2033 752 2079 oon
774 2014 864 2098 cubi,
886 2015 960 2097 qaia
982 2015 1117 2080 modicia

107 2123 160 2169 nec
182 2103 309 2168 initium
330 2103 450 2185 accepit.

196 2214 369 2292 Sequuntur
391 2214 476 2274 haec:
499 2207 636 2274 ‘Pauluez
660 2232 731 2290 ergo
755 2218 786 2274 et
809 2208 856 2274 si'.

487 2444 534 2504 De
555 2463 613 2506 ceu
635 2447 735 2520 iecore.

7 2569 9 2662 (
195 2565 227 2630 2.
253 2564 292 2631 D.
312 2565 340 2648 7,
360 2565 389 2646 8,
404 2565 456 2630 23.
501 2562 620 2628 Paulus
643 2564 727 2630 libro
751 2565 856 2650 primo
881 2564 920 2629 ad
943 2561 1113 2630 Neratium

7 2669 8 2680 ¹
108 2651 157 2742 (P.
175 2649 288 2739 1023).
314 2689 353 2700 -
377 2651 540 2718 Neratius.
589 2651 741 2719 Usucriac
762 2655 809 2718 rei
830 2655 956 2736 εμεὶεφη
978 2654 1007 2718 is
1029 2654 1116 2719 cuius

104 2743 277 2826 proprietas
298 2747 342 2808 cst
363 2741 448 2822 nullo
470 2743 558 2806 modo
581 2746 766 2808 commutare
784 2747 889 2824 potest.

197 2855 372 2931 Sequuntur
393 2853 479 2913 haec:
503 2846 640 2913 ‘Paulusz
664 2852 865 2913 deteriorem.
880 2898 887 2913 .
902 2847 921 2912 .'

469 3084 517 3144 De
538 3086 630 3159 fundo
653 3086 752 3160 lerata

197 3208 226 3274 3.
248 3204 287 3272 D.
303 3205 355 3288 33,
371 3206 399 3286 7,
414 3205 465 3268 24.
507 3202 627 3270 Paulus
651 3205 736 3270 libro
760 3203 858 3268 tertio
883 3202 922 3268 ad
943 3201 1114 3269 Neratium

109 3295 155 3376 (P.
175 3295 288 3379 1043).
307 3330 345 3342 -
368 3294 510 3378 Fundus,
532 3295 587 3376 qut
609 3295 724 3360 locatos
745 3298 819 3372 crat
843 3291 958 3378 boetus
980 3297 1025 3357 esc
1045 3313 1114 3358 cum

107 3386 324 3462 instructorem·
351 3383 599 3461 tommosam,
626 3384 707 3466 quod
732 3381 854 3448 colonae
880 3382 916 3447 io
940 3401 973 3448 co
998 3380 1117 3465 hebuit,

108 3473 202 3557 locato
224 3474 307 3539 cedit.

195 3584 367 3661 Sequuntur
389 3583 477 3643 baec:
501 3576 638 3642 ‘Paulusr
662 3601 700 3640 an
723 3582 802 3659 quod
817 3628 822 3640 .
839 3629 845 3640 .
861 3574 880 3638 .'
