2590 3902
411 198 436 246 4.
459 192 490 246 L.
509 191 691 248 NERA'I'IUS
710 192 858 248 PRJSCUS
1071 192 1136 258 325

124 363 284 436 acceptum
306 359 449 418 iudicium
472 361 540 421 dolo
559 360 631 438 qnid
650 360 764 436 feeerit,
787 379 851 422 esse
869 360 1087 440 excipiendum
1110 361 1137 422 si

127 467 201 508 vero
224 467 285 508 non
307 447 340 508 in
361 467 424 508 rem
445 467 539 526 suam,
562 450 663 509 dolum
680 455 869 527 praesentem
885 451 917 510 in
935 450 1138 528 exeeptionem

125 536 351 597 eonferendum.
400 539 427 597 si
458 541 560 598 autem
586 538 613 596 is
639 542 816 614 procurator
842 540 897 619 sit,
928 541 975 600 eui
1004 540 1138 600 omnium

125 644 230 685 rerum
253 625 474 686 administratio
497 644 635 687 concessa
657 631 712 704 est,
733 630 805 688 tane
828 628 864 687 de
887 628 968 688 omni
985 628 1054 689 dolo
1071 629 1137 688 eius

126 715 224 790 exeipi
247 732 334 790 posse
356 715 499 775 Neratius
522 716 634 776 soribit.

216 815 269 882 38.
296 815 335 880 D.
349 815 425 882 ibid
439 818 459 897 ξ
475 817 503 882 1.
526 853 568 864 -
591 815 631 880 In
658 818 843 883 universnm
870 821 978 883 autem
999 819 1080 884 haee
1102 819 1136 884 in

127 927 167 969 ea
186 926 221 969 re
238 904 351 989 regula
370 904 531 989 sequenda
545 909 602 987 est,
619 910 657 971 ut
670 907 762 972 dolus
777 906 961 971 omnimodo
975 907 1138 991 puniatur,

127 998 162 1059 et
177 995 299 1058 sitnon
313 994 369 1058 alii
383 994 443 1078 eui,
461 994 517 1059 sed
531 996 603 1079 ipsi,
622 997 678 1080 qui
692 1017 765 1060 eum
779 993 919 1078 admisit,
937 994 1138 1061 damnosus.¹

551 1213 660 1274 Liber
681 1214 718 1275 V.

539 1314 591 1380 De
612 1315 728 1399 meotis.

219 1421 271 1486 39.
299 1419 338 1486 D.
357 1422 410 1504 30,
431 1422 502 1487 124.
547 1421 700 1488 Neratius
728 1422 813 1488 libro
841 1422 954 1508 quinto
976 1419 1137 1486 Membra-

128 1533 253 1576 narum.
276 1545 320 1556 -
344 1508 378 1575 si
401 1510 534 1576 heredes
556 1510 750 1576 nominatim
769 1513 947 1576 enumerati
966 1511 1042 1576 dare
1061 1510 1137 1595 quid

19 1607 20 1614 ’
131 1599 274 1666 damnati
301 1602 390 1678 sunt,
417 1600 550 1685 propius
573 1603 637 1680 est,
664 1606 701 1665 ut
723 1600 834 1665 viriles
857 1603 965 1685 partes
989 1599 1139 1683 debeant,

131 1689 206 1773 quia
229 1709 441 1772 personarum
465 1689 663 1754 enumeratio
686 1687 772 1754 huno
796 1688 945 1754 effectum
967 1689 1080 1774 habet,
1102 1693 1140 1752 ut

19 1801 20 1866 }
131 1781 350 1863 exaequentur
367 1777 401 1840 in
419 1778 527 1864 legato
544 1777 751 1861 praestando,
769 1777 833 1862 qui,
852 1779 881 1842 si
898 1779 1055 1844 nominati
1073 1799 1139 1843 non

19 1875 20 1958 l
131 1870 254 1950 essent,
277 1865 488 1932 hereditarias
511 1870 620 1953 partes
644 1866 785 1932 debituri
808 1871 925 1932 essent.

425 2023 476 2091 De
498 2027 646 2110 empttorte
666 2028 844 2093 venditione.

219 2131 271 2197 40.
299 2131 339 2196 D.
360 2132 410 2216 18,
429 2133 459 2215 3,
479 2132 509 2198 5.
554 2131 706 2198 Neratius
732 2133 818 2199 libro
841 2134 955 2219 quinto
979 2132 1140 2199 Membra-

131 2243 255 2286 narum.
276 2256 314 2268 -
336 2219 423 2306 Lege
436 2221 535 2288 fundo
550 2221 679 2288 vendito
696 2221 793 2308 diota,
810 2226 856 2308 ut,
875 2223 903 2287 si
917 2224 1003 2288 intra
1017 2226 1140 2288 eertum

132 2313 261 2396 tempus
284 2309 424 2395 pretium
447 2310 589 2376 solutum
612 2333 679 2376 non
702 2311 759 2397 sit,
783 2332 835 2376 ree
857 2313 1003 2396 inempta
1026 2312 1078 2396 sit,
1102 2311 1140 2375 de

132 2399 305 2485 fructibus,
337 2420 418 2484 quos
445 2399 576 2465 interim
603 2403 729 2486 emptor
756 2399 965 2485 pereepisset,
996 2398 1058 2464 hoe
1086 2399 1140 2484 agi

19 2487 20 2554 l
132 2487 386 2573 intellegendum
417 2491 479 2572 est,
510 2492 548 2553 ut
580 2492 707 2572 emptor
737 2487 870 2553 interim
903 2508 958 2554 eos
991 2487 1053 2552 sibi
1081 2508 1139 2552 suo

133 2597 277 2662 quosque
312 2577 381 2642 iure
416 2577 609 2662 perciperet3
646 2577 702 2642 sed
738 2577 767 2641 si
802 2575 920 2641 fundus
954 2575 1141 2659 revenisset,

134 2665 246 2731 Aristo
265 2665 471 2731 existimabat
488 2665 650 2732 venditori
669 2664 707 2729 de
725 2665 777 2730 his
796 2663 949 2729 iudicium
966 2663 1002 2727 in
1018 2667 1139 2746 empto·

133 2775 202 2819 rem
226 2753 365 2818 dandum
384 2775 463 2840 esse,
487 2754 562 2839 quia
579 2753 663 2818 nihil
680 2768 779 2838 penes
798 2774 871 2818 eum
889 2751 1027 2818 residere
1047 2773 1141 2836 opor-

19 2833 20 2864 ³
133 2846 218 2908 teret
242 2864 280 2907 ex
302 2865 351 2929 re,
372 2843 408 2907 in
431 2865 495 2928 qua
517 2843 613 2907 fidem
635 2841 814 2908 fefellisset.

222 2955 258 3015 oi.
281 2954 404 3015 Perniee
426 2946 472 3014 11²
493 2977 522 3033 p.
538 2957 651 3032 187sq.

455 3108 506 3175 De
527 3112 673 3176 mandato
695 3109 821 3176 emendi.

220 3217 273 3282 41.
300 3215 339 3281 D.
356 3216 517 3300 17,1,35.
558 3215 711 3282 Neratius
735 3217 820 3283 libro
844 3217 958 3301 quinto
980 3214 1141 3282 Membra·

134 3325 258 3370 narum.
281 3341 325 3352 -
349 3303 383 3370 si
406 3304 550 3390 fundum,
573 3307 628 3390 qui
647 3327 685 3371 ex
703 3310 796 3391 parte
814 3310 889 3370 tuus
909 3309 968 3389 est,
991 3303 1141 3370 mandavi

134 3393 194 3458 tibi
222 3397 259 3458 ut
285 3415 406 3459 emeres
434 3393 528 3478 mihi,
556 3416 667 3459 verum
690 3397 740 3459 est
762 3394 951 3459 mandatum
974 3414 1070 3477 posse
1093 3392 1145 3456 ita

206 3576 220 3622 1
241 3567 290 3623 Εἰ.
309 3567 362 3623 etei
381 3609 387 3624 .
403 3611 410 3624 .
429 3568 579 3623 damnosus
597 3565 698 3622 futuris
717 3566 778 3620 erit.
