2580 3900
465 198 489 249 8.
510 190 662 248 URSFIUS
681 191 803 248 FEROX
1076 192 1138 258 181

451 305 453 339 Ι

218 356 269 423 24.
294 353 332 420 D.
347 355 401 440 24,
414 354 445 439 3,
459 355 510 420 32.
542 353 632 420 Idem
649 351 706 442 (so.
720 350 879 442 Iulianus)
898 353 982 420 libro
1001 355 1139 420 secundo

18 467 19 532 3
130 446 168 511 ad
195 443 347 511 Urseium
374 443 527 510 Ferocem
556 441 604 530 (P.
624 441 713 529 894).
743 481 786 492 -
816 441 851 508 si
881 442 971 526 prior
1003 443 1139 510 maritus

129 533 301 618 posteriori
338 533 423 598 dotis
459 531 589 598 nomine
626 536 793 616 tamquam
831 531 958 598 debitor
994 533 1138 598 mulieris

130 624 237 689 dotem
256 621 450 708 promiserit,
468 641 534 686 non
552 621 625 706 plus
644 643 740 705 quam
760 621 793 686 id
813 621 899 705 quod
918 621 1021 686 facere
1035 621 1142 707 possit

18 793 19 798 γ
130 712 214 778 dotis
237 710 383 776 futurum
407 731 486 776 esse.

18 843 19 892 p
219 799 271 868 25.
295 798 333 863 D.
348 799 401 878 46,
415 799 446 882 3,
460 799 512 863 37.
548 797 637 863 Idem
657 795 887 881 (sclulianus)
901 798 984 864 libro
1000 798 1140 864 secundo

18 933 20 964 v
131 888 171 956 ad
199 886 352 954 Urseium
380 887 532 954 Ferocem
560 883 609 973 (Ρ.
630 884 717 972 996).
740 923 785 932 -
807 885 964 962 Quotiens
992 909 1074 952 unus
1103 890 1142 952 eir

18 1027 19 1062 ,
130 975 346 1060 sponsorclvtc¹
365 997 457 1042 suam
474 979 600 1060 partem
619 976 778 1059 solvisset,
796 980 961 1058 tamquam
975 976 1141 1060 negotium

18 1067 19 1122 ἱ
130 1088 185 1131 reo
211 1067 379 1150 gessisset,
405 1065 537 1149 perinde
559 1063 743 1130 habendum
767 1083 842 1147 esse,
864 1085 901 1128 ac
925 1063 953 1128 si
975 1085 1049 1128 reus
1071 1065 1142 1149 ipse

18 1211 19 1242 ,
131 1156 226 1219 unius
255 1150 430 1236 sponsoris²
456 1155 583 1238 partem
612 1153 777 1238 solvisset,
805 1151 860 1217 sed
884 1156 994 1217 tamen
1016 1156 1053 1217 ut
1075 1175 1142 1218 non

18 1245 20 1320 ζ
133 1265 169 1308 cx
192 1248 282 1308 sorte
305 1242 446 1310 decedat.

216 1337 263 1396 De
287 1336 367 1397 dotis
389 1335 587 1412 promissione
609 1335 729 1396 videtur
751 1337 854 1396 actum
876 1333 977 1396 fuisse.

219 1439 272 1503 26.
300 1436 339 1501 D.
358 1438 411 1520 24,
430 1439 460 1518 3,
478 1437 530 1502 59.
576 1435 721 1502 Iulianus
749 1436 833 1501 libro
858 1436 996 1501 secundo
1021 1435 1061 1500 ad
1084 1434 1142 1501 Ur-

132 1527 233 1592 seium
256 1525 409 1591 Ferocem
433 1523 484 1612 (P.
499 1522 589 1612 895).
615 1563 652 1572 —
677 1525 780 1590 Filiae
807 1546 897 1589 meae
921 1525 1143 1608 emancipatae
1185 1581 1188 1588 .

131 1621 162 1680 et
189 1637 307 1700 aegrae
335 1615 384 1678 vir
412 1614 446 1679 in
473 1614 535 1680 hoc
563 1614 732 1698 repudium
760 1613 865 1697 misit,
893 1617 930 1677 ut
952 1617 1081 1678 mortua
1104 1635 1142 1678 ea

134 1705 242 1770 dotem
264 1704 373 1788 potius
395 1703 566 1768 heredibus
586 1705 654 1767 eius
674 1724 771 1786 quam
790 1702 871 1766 mihi
889 1701 1043 1768 redderet.
1085 1700 1142 1767 Sa-

130 1793 225 1858 binus
259 1793 387 1858 dicebat
415 1791 496 1856 utile
524 1792 603 1856 mihi
631 1793 699 1856 eius
729 1791 816 1856 dotis
840 1791 1067 1874 reciperandae
1095 1792 1142 1856 iu-

131 1883 250 1950 dicium
273 1880 414 1946 dandum
438 1901 524 1961 esse3
548 1879 648 1944 Gaius
671 1880 765 1946 idem.

359 2057 410 2124 De
432 2059 622 2141 adquirendo
643 2077 749 2122 rerum
770 2058 916 2124 domimo.

217 2165 271 2231 27.
293 2163 333 2229 Ι).
346 2164 400 2246 45,
414 2165 444 2247 3,
461 2165 509 2228 14.
545 2163 692 2229 Iulianus
711 2165 795 2230 libro
814 2165 911 2230 tertio
931 2164 970 2228 ad
992 2162 1141 2228 Urseium

133 2255 285 2320 Ferocem
312 2249 362 2340 (P.
380 2249 471 2340 917).
493 2289 537 2300 -—
560 2251 678 2318 Servus
705 2275 796 2318 meus
824 2276 897 2318 cum
925 2253 1010 2338 apud
1037 2252 1153 2318 furem

131 2350 229 2423 esset,
257 2344 322 2408 furi
349 2342 417 2406 dari
443 2341 617 2425 stipulatus
641 2346 700 2407 est.
746 2347 846 2426 negat
866 2343 933 2407 furi
956 2342 1064 2406 deberi
1088 2339 1143 2406 Sa-

131 2433 239 2515 binus,
270 2431 347 2517 quia
374 2452 412 2496 eo
440 2434 600 2516 tempore,
634 2453 698 2514 quo
728 2430 902 2515 stipulatus
930 2435 993 2513 est,
1021 2430 1050 2494 ei
1077 2451 1144 2496 non

134 2524 277 2588 serviret.

218 2615 312 2674 Lenel
329 2613 374 2674 P.:
399 2608 488 2684 ‘Quid
513 2613 539 2672 si
559 2613 636 2674 furis
658 2614 777 2674 nomine
796 2613 943 2688 mancipio
962 2612 1077 2686 accepit
1094 2611 1143 2672 vel

131 2705 292 2763 traditione
314 2703 535 2780 possessionem
557 2706 663 2760 nactus
687 2695 761 2761 est?’

220 2791 302 2862 Quae
334 2794 500 2869 sequuntur
532 2785 600 2850 ‘sed
630 2809 686 2850 nec
719 2807 774 2868 ego
807 2807 843 2847 ex
879 2807 915 2848 ea
947 2787 1141 2864 stipulatione

133 2900 221 2962 agere
243 2883 357 2958 potere.
399 2880 451 2940 sed
470 2881 495 2939 si
514 2880 650 2939 detracta
668 2879 742 2939 furis
759 2896 888 2956 persona
906 2877 1067 2954 stipulatus
1086 2881 1142 2955 est,

135 2971 206 3030 mihi
235 2968 357 3047 quidem
384 2968 552 3045 adquiritur
579 2969 669 3046 actio,
698 2968 750 3028 sed
772 2966 833 3027 furi
855 2985 909 3026 neo
930 2967 1066 3027 mandati
1087 2986 1142 3026 neo

133 3060 192 3118 alie
214 3059 293 3118 actio
317 3057 460 3118 adversus
482 3077 531 3118 me
554 3057 620 3116 dari
642 3051 751 3131 debet',
773 3075 834 3116 non
855 3055 955 3116 Urseii
978 3060 1056 3117 sunt.

220 3159 273 3226 28.
297 3158 336 3226 D.
350 3161 403 3244 41,
418 3161 448 3242 3,
462 3157 515 3226 35.
550 3157 696 3224 Iulianus
714 3159 798 3224 libro
817 3159 914 3224 tertio
934 3158 975 3222 ad
991 3157 1141 3223 Urseium

134 3247 287 3316 Ferocem
319 3245 367 3335 (P.
387 3247 476 3332 913).
503 3285 548 3294 -
576 3245 611 3313 Si
642 3248 754 3332 homo,
787 3247 876 3314 cuins
908 3269 985 3312 usus
1017 3247 1141 3312 fructus

133 3338 260 3421 legatus
284 3343 363 3422 erat,
387 3337 427 3401 ab
450 3336 567 3403 herede
588 3359 761 3421 numquam
780 3357 949 3420 possessus
969 3336 1142 3419 subreptus

206 3501 220 3548 1
242 3494 318 3549 Trr'lv.
337 3491 557 3560 fideiussoribus,
575 3494 648 3562 quod
666 3492 751 3547 Lenel
768 3496 865 3546 servat.

204 3571 220 3620 2
242 3565 317 3622 Trai.
335 3563 514 3620 fideiussoris.
