2596 3902
143 186 208 251 152
227 185 274 242 ΙΙΙ.
285 184 360 240 GAII
369 183 519 241 CLAUDII
528 182 664 240 NERON.
675 183 818 239 GALBAE
828 183 1040 242 1111111111
1050 183 1155 243 CONS.

142 349 256 414 haberi
273 348 429 414 Proculus
453 349 508 414 ait.
545 348 600 413 sed
619 369 685 412 non
703 369 799 432 posse
817 346 983 431 prohiberi
1001 345 1156 433 vicinum,

143 459 207 522 quo
231 439 336 503 minus
359 438 524 502 balineum
547 436 669 502 habeat
692 436 866 501 seeundum
888 436 1046 520 parietem
1070 457 1157 501 com·

142 549 287 604 munem,
320 527 468 610 quamvis
496 548 642 592 umorem
670 527 777 610 capiat
804 525 924 608 paries3
955 546 1021 589 non
1049 526 1156 609 magis

141 638 238 700 qoam
266 615 294 680 si
319 615 371 680 vel
400 616 434 680 in
462 615 605 680 triclinio
634 636 692 679 suo
720 615 773 680 vel
800 615 834 678 in
862 615 1008 679 cubiculo
1038 635 1157 698 aquam

142 704 329 770 effunderet.

507 774 557 840 De
579 775 647 840 tare
668 775 793 840 dotium.

235 881 287 948 51.
309 880 349 946 D.
365 881 462 964 213,
480 882 528 963 15,
549 882 568 945 2
588 884 620 945 et
640 882 734 964 llpr.
772 880 893 946 Paulus
912 881 997 945 libro
1017 877 1158 963 septimo

142 972 184 1038 ad
210 969 365 1036 Sabinum
387 967 438 1058 (P.
459 967 569 1056 1766).
593 1005 634 1018 -·-
659 967 835 1053 Socero„
862 992 935 1036 oum
965 991 1028 1052 quo
1057 990 1158 1033 nurus

142 1061 181 1127 de
205 1061 280 1126 dote
304 1059 385 1144 agit,
408 1058 493 1123 idem
516 1059 620 1124 honor
642 1059 791 1143 habetur,
812 1063 848 1123 ut
869 1059 905 1122 in
928 1058 962 1122 id
986 1057 1158 1123 damnetur

142 1150 227 1234 quod
246 1148 351 1214 iacere
369 1152 485 1232 potest.
506 1150 511 1225 Ι
532 1170 572 1212 ex
589 1147 717 1213 diverso
736 1149 764 1212 si
782 1169 873 1213 socer
887 1170 926 1212 ex
940 1147 1157 1233 promissione

142 1263 162 1304 a
184 1239 302 1303 marito
327 1238 554 1320 conveniatur,
577 1236 660 1301 solet
684 1237 804 1321 quaeri,
826 1259 868 1302 an
890 1236 976 1301 idem
1000 1235 1029 1299 ei
1051 1234 1158 1300 honor

141 1328 309 1393 habendus
329 1326 371 1390 sit
391 1324 447 1411 (sc.
462 1328 498 1389 ut
516 1326 550 1390 in
569 1325 602 1389 id
621 1325 791 1390 damnetur
805 1325 889 1409 quod
904 1324 1010 1390 iacere
1024 1321 1158 1410 potest).

143 1415 297 1482 Neratius
316 1415 408 1479 libris
428 1412 688 1479 Membranarom
708 1419 741 1479 et
756 1413 910 1480 Proculus
929 1413 1076 1478 scribunt
1094 1412 1159 1478 hoc

147 1507 270 1570 iustum
294 1525 373 1568 esse.

232 1593 284 1660 52.
316 1592 396 1659 Ibid.
419 1596 439 1674 ξ
461 1594 489 1657 1.
511 1591 653 1656 -Item
682 1593 709 1656 si
736 1591 852 1657 mulier
880 1614 918 1656 ex
941 1589 1158 1676 promissione

145 1685 368 1760 conveniatur,
395 1682 500 1767 magis
527 1682 650 1765 placuit
673 1680 904 1746 defendendam
928 1701 1001 1744 eam
1024 1700 1081 1762 per
1105 1700 1159 1742 ex·
1294 1681 1295 1710 l

144 1773 335 1856 ceptionem.
385 1771 470 1836 idem
500 1773 534 1834 et
564 1770 720 1835 Proculus
752 1769 799 1834 ait
827 1766 937 1857 [sicuti
967 1789 1040 1834 cum
1068 1768 1159 1833 socia
1294 1777 1295 1800 ¹

144 1861 220 1945 fuit,
262 1860 390 1924 dabitur
429 1860 459 1923 ei
496 1859 655 1944 exceptio,
697 1858 845 1943 quamvis
882 1859 950 1922 iure
988 1857 1077 1923 civili
1114 1855 1161 1921 sit
1294 1865 1295 1904 ³

150 1951 351 2104 Obhggffi).
366 2035 419 2118 45,
435 2038 463 2121 1,
478 2038 530 2103 21·
571 2036 769 2121 Pomponius
794 2036 878 2101 libro
902 2033 1160 2119 quintodecimo

146 2126 187 2192 ad
216 2125 372 2191 Sabinum
400 2122 625 2213 (11610).-
651 2124 686 2190 Si
714 2125 853 2191 divortio
881 2123 970 2190 facto
999 2145 1049 2203 ea,
1078 2144 1162 2206 quae
1294 2187 1295 2190 ,

146 2216 227 2280 nihil
251 2216 285 2280 in
308 2215 382 2279 dote
405 2215 533 2297 habeat,
557 2214 641 2280 dotis
664 2214 792 2278 nomine
816 2216 946 2278 eentum
969 2211 1038 2277 dari
1061 2211 1163 2294 stipu-
1294 2239 1295 2254 .

148 2306 241 2387 letur,
265 2303 317 2368 vel
336 2326 418 2388 quae
436 2308 566 2370 centum
586 2302 752 2367 dumtaxat
770 2302 899 2386 habeat,
917 2301 1055 2366 ducenta
1074 2299 1161 2364 dotis

148 2394 279 2460 nomine
303 2392 373 2458 dari
392 2393 578 2477 stipuletur,
601 2391 757 2457 Proculus
777 2391 832 2474 ait,
856 2391 883 2455 si
903 2390 1040 2455 ducenta
1059 2389 1161 2472 stipu-

149 2483 235 2548 letur
258 2503 340 2568 quae
363 2486 492 2547 centum
515 2481 645 2566 habeat,¹
668 2480 736 2546 sine
760 2480 857 2545 dubio
881 2483 1011 2544 centum
1033 2477 1163 2562 quidem

146 2572 180 2636 in
206 2571 437 2656 obligationem
460 2571 577 2650 venire,
601 2570 666 2634 alia
689 2573 797 2635 autem
819 2572 948 2634 eentum
968 2568 1094 2633 actione
1112 2568 1161 2631 rei

148 2659 294 2728 escariael
319 2659 436 2724 deberi.

237 2747 446 2834 11111213,
457 2749 543 2833 10,1.
566 2747 656 2813 Idem
666 2741 940 2835 (sePomponius)
950 2745 1034 2809 libro
1049 2743 1165 2828 quinto

150 2839 273 2903 decimo
297 2837 337 2902 ad
362 2836 518 2903 Sabinum
543 2836 592 2919 (P.
606 2837 695 2922 616).
720 2871 762 2882 —
788 2834 821 2900 Si
844 2835 894 2900 vir
917 2855 1049 2898 uxorem
1073 2854 1165 2898 suam

150 2927 316 3004 occiderit,
338 2927 385 2990 rei
407 2923 553 2991 uxoriae²
576 2927 736 2992 actionem
761 2924 932 2988 heredibus
955 2922 1064 2988 uxoris
1089 2921 1166 2986 dan-

149 3015 224 3080 dam
247 3035 317 3079 esse
340 3013 495 3080 Proculus
520 3015 574 3079 ait.

340 3162 386 3220 De
409 3161 561 3220 donatione
582 3163 657 3220 inter
680 3162 776 3219 cc'rwm
798 3165 825 3220 ct
845 3177 972 3220 acerem.

239 3261 291 3328 15.
319 3260 358 3326 D.
378 3261 430 3344 24,
451 3261 479 3345 1,
497 3259 549 3345 31,
567 3262 596 3326 7.
641 3261 840 3344 Pomponius
862 3262 946 3326 libro
971 3264 1086 3345 quarto
1111 3261 1165 3325 de·

151 3351 234 3418 cimo
263 3350 302 3414 ad
331 3349 486 3415 Sabinum
514 3348 563 3436 (P.
583 3348 673 3435 601).
697 3385 736 3396 —-
768 3349 861 3427 Quod
888 3351 1055 3435 legatores
1084 3349 1166 3414 mihi

225 3496 239 3542 1
261 3488 336 3545 Trio.
357 3487 438 3544 dotis.

223 3565 239 3614 2
261 3560 337 3617 Trio.
356 3561 390 3615 de
409 3560 482 3616 dote.
