2590 3902
399 170 425 218 4.
447 164 478 218 L.
497 162 680 218 NERATIUS
698 162 845 219 Perseus
1059 164 1124 228 315

108 327 187 391 sint.
226 327 312 412 quod
337 326 376 390 ad
400 347 529 391 causam
553 329 663 390 tamen
680 326 756 390 talis
776 326 868 391 taciti
888 327 1033 412 pignoris
1051 349 1124 414 per-

110 417 209 500 tinet,
231 437 298 481 non
321 414 459 479 multum
483 415 522 478 ab
547 413 677 479 urbanis
700 413 840 498 praediis
864 415 1023 481 differunt.

202 521 245 587 6¹?
264 521 305 586 D.
313 522 366 606 20,
374 521 404 603 2,
412 521 442 586 3.
478 520 636 605 Ulpianus
651 521 734 587 libro
751 523 1010 607 septuagensimo
1025 525 1123 589 tertio

110 612 152 676 ad
187 611 337 676 edictum.
367 645 405 656 -
436 608 471 675 Si
501 609 654 674 horreum
685 609 749 674 fuit
776 611 967 676 conductum
995 613 1045 676 vel
1073 612 1125 678 de-

111 700 293 765 vorsorium
317 699 368 764 vel
394 720 476 781 area,
499 698 632 763 tacitam
657 699 899 764 conventionem
924 699 962 764 de
985 701 1123 768 invectis

111 789 213 854 illatis
237 786 336 852 etiam
359 787 394 852 in
417 788 468 852 his
492 787 597 852 locum
621 786 740 851 habere
763 790 858 871 putat
880 785 1051 854 Neratius.

202 898 350 976 Ulpianus
374 898 459 957 addit
477 892 569 975 ‘quod
585 898 687 959 verius
706 892 771 957 est'.

202 989 416 1065 Fragmentum
435 987 531 1046 eidem
553 987 631 1046 libro
655 987 881 1046 attribuendum
905 985 984 1048 duxi.
1008 1073 1011 1079 Ι

470 1158 520 1224 Dc
543 1159 603 1242 lege
624 1159 765 1241 Aquilia.

204 1269 232 1332 7.
251 1265 289 1331 D.
298 1266 328 1350 9,
336 1266 365 1348 2,
373 1265 426 1330 53.
462 1263 615 1331 Neratius
630 1265 716 1331 libro
730 1265 836 1350 primo
850 1264 1122 1330 Membrcncrum.

114 1355 285 1420 -Boves
314 1354 435 1419 alienos
463 1355 497 1418 in
524 1357 700 1438 angustum
728 1354 834 1419 locum
862 1354 997 1438 coegisti
1021 1375 1122 1438 eoque

113 1445 261 1510 effectum
286 1446 345 1525 est,
367 1447 404 1506 ut
427 1441 640 1507 deicerentur:
663 1443 757 1506 datur
778 1444 863 1507 inte
882 1443 921 1506 ad
942 1443 1121 1526 exemplum

114 1533 195 1618 legis
218 1530 368 1616 Aquiliae
390 1533 425 1594 in
448 1531 569 1596 factum
592 1531 686 1596 actio.

200 1628 236 1688 cf.
258 1626 322 1686 aas
341 1627 370 1701 a,
389 1627 462 1686 219.

419 1796 468 1862 Dc
489 1797 575 1862 bonis
597 1797 811 1863 distrahendis.

29 1955 30 1958 η
200 1907 229 1971 8.
262 1902 302 1970 D.
321 1904 374 1986 27,
390 1904 440 1987 10,
454 1903 484 1968 9.
532 1902 686 1968 Neratius
713 1903 799 1968 libro
826 1906 931 1989 primo
959 1904 1121 1970 Membra-

29 1999 30 2084 ,
112 2017 233 2060 narum.
260 2029 297 2038 -
328 1989 427 2056 Cuius
456 1992 549 2057 bonis
577 1992 794 2057 distrahendis
822 1998 986 2059 curatores
1014 1993 1121 2060 facere

29 2085 30 2120 ³
111 2088 241 2149 senatus
267 2080 429 2166 permisit,
457 2082 525 2145 cius
549 2081 634 2145 bona
657 2080 868 2146 creditoribus
892 2083 1030 2147 vendere
1052 2105 1120 2148 nou

29 2179 30 2184 ’
111 2172 272 2256 permisit,
300 2169 448 2254 quamvis
472 2169 644 2235 creditores
667 2175 744 2252 post
766 2171 799 2234 id
824 2172 1013 2236 beneficium
1035 2171 1121 2238 bona

113 2261 247 2326 vendere
261 2259 410 2341 mallent3
430 2258 513 2323 sicut
527 2259 612 2323 enim
625 2257 753 2344 integra
766 2280 800 2322 re
815 2264 959 2341 potestas
974 2261 1120 2343 ipsorum

110 2357 159 2414 est
186 2355 297 2414 utrum
320 2346 422 2411 velint
445 2347 598 2432 eligendi,
626 2347 674 2411 ita
697 2368 768 2411 cum
793 2347 930 2412 alterum
954 2349 1120 2432 elegerint,

113 2441 212 2504 altero
247 2437 409 2501 abstinere
438 2435 565 2501 debent.
613 2437 778 2520 multoque
807 2437 909 2520 magis
937 2435 970 2499 id
999 2439 1120 2501 servari

110 2549 248 2613 aequum
281 2529 342 2607 cst,
375 2525 403 2588 si
431 2524 528 2588 etiam
556 2524 661 2589 factus
690 2529 740 2587 est
766 2529 908 2607 curator,
939 2545 996 2607 per
1025 2546 1120 2607 quem

111 2616 195 2682 bona
229 2613 500 2691 distraherentur,
534 2613 680 2697 quamvis
713 2613 854 2677 nondum
887 2612 1049 2694 explicato
1081 2634 1120 2678 eo

111 2704 242 2791 negotio
257 2702 435 2767 decesserit.
472 2722 548 2766 num
563 2706 595 2766 et
607 2705 684 2766 tunc
699 2723 738 2765 ex
751 2702 878 2784 integro
893 2701 976 2765 alius
991 2705 1120 2766 curator

111 2792 276 2859 faciendus
299 2794 350 2855 est
371 2811 473 2876 neque
496 2791 590 2855 heres
613 2791 730 2874 prioris
752 2790 909 2855 curatoris
929 2790 1120 2877 onerandus,

112 2903 182 2947 cum
207 2879 349 2946 accidere
372 2879 485 2962 possit,
508 2883 544 2942 ut
565 2881 696 2964 negotio
720 2879 772 2943 vel
795 2882 926 2962 propter
950 2901 1044 2943 sexus
1069 2881 1120 2944 vel

112 2974 243 3054 propter
275 2967 391 3032 aetatis
424 2967 646 3032 infirmitatem
679 2967 731 3031 vel
763 2971 896 3052 propter
927 2967 1120 3052 dignitatem

113 3057 266 3124 maiorem
285 3055 491 3140 minoremve,
512 3078 609 3140 quam
627 3057 661 3120 in
680 3056 788 3140 priore
808 3062 954 3122 curatore
974 3062 1121 3140 spectata

113 3151 192 3230 erat,
219 3145 339 3211 habilis
362 3166 429 3209 non
452 3145 508 3227 sit,
530 3145 658 3228 possint
681 3145 778 3210 etiarn
801 3147 908 3230 plures
931 3147 1065 3211 heredes
1090 3149 1119 3212 ci

115 3237 246 3302 existere
273 3255 376 3319 neque
405 3236 462 3296 aut
488 3254 544 3317 per
573 3255 684 3298 omnes
713 3234 746 3298 id
773 3235 940 3319 negotium
968 3234 1120 3300 adminis-

114 3324 190 3388 trari
213 3321 362 3406 expediat
385 3325 441 3385 aut
464 3322 633 3406 quicquam
658 3321 719 3387 dici
742 3325 855 3407 possit,
878 3345 934 3388 cur
957 3345 1039 3387 unus
1060 3323 1119 3387 ali-

116 3412 180 3495 quis
204 3435 243 3476 ex
265 3410 546 3493 hispotissimum
569 3411 751 3475 onerandus
775 3410 825 3474 sit.

199 3522 245 3582 De
255 3525 425 3583 senatorum
436 3520 522 3580 bonis
529 3520 691 3582 vendendis
699 3518 957 3580 senatusconsulto
966 3521 1118 3594 statuitur,
