<?xml version="1.0" encoding="UTF-8"?>
<!DOCTYPE html PUBLIC "-//W3C//DTD XHTML 1.0 Transitional//EN"
    "http://www.w3.org/TR/xhtml1/DTD/xhtml1-transitional.dtd">
<html xmlns="http://www.w3.org/1999/xhtml" xml:lang="en" lang="en">
 <head>
  <title>
</title>
<meta http-equiv="Content-Type" content="text/html;charset=utf-8" />
  <meta name='ocr-system' content='tesseract 3.04.00' />
  <meta name='ocr-capabilities' content='ocr_page ocr_carea ocr_par ocr_line ocrx_word'/>
</head>
<body>
  <div class='ocr_page' id='page_1' title='image "./iurisprudentiae03bremgoog_0305.png"; bbox 0 0 2590 3902; ppageno 0'>
   <div class='ocr_carea' id='block_1_1' title="bbox 526 219 1136 291">
    <p class='ocr_par' dir='ltr' id='par_1_1' title="bbox 526 219 1136 291">
     <span class='ocr_line' id='line_1_1' title="bbox 526 219 1136 291; baseline 0.007 -17"><span class='ocrx_word' id='word_1_1' title='bbox 526 227 551 274; x_wconf 87' lang='lat'><strong>3.</strong></span> <span class='ocrx_word' id='word_1_2' title='bbox 570 219 733 276; x_wconf 81' lang='lat' dir='ltr'>MINICIUS</span> <span class='ocrx_word' id='word_1_3' title='bbox 1069 225 1136 291; x_wconf 78' lang='grc'><strong>275</strong></span> 
     </span>
    </p>
   </div>
   <div class='ocr_carea' id='block_1_2' title="bbox 23 388 1135 465">
    <p class='ocr_par' dir='ltr' id='par_1_2' title="bbox 23 388 1135 465">
     <span class='ocr_line' id='line_1_2' title="bbox 23 388 1135 465; baseline 0.008 -19"><span class='ocrx_word' id='word_1_4' title='bbox 23 421 26 430; x_wconf 90' lang='lat'>·</span> <span class='ocrx_word' id='word_1_5' title='bbox 127 388 217 447; x_wconf 89' lang='lat' dir='ltr'><strong>situm</strong></span> <span class='ocrx_word' id='word_1_6' title='bbox 249 393 296 448; x_wconf 88' lang='lat' dir='ltr'><strong>est</strong></span> <span class='ocrx_word' id='word_1_7' title='bbox 408 389 562 465; x_wconf 90' lang='lat' dir='ltr'><strong>respoudit</strong></span> <span class='ocrx_word' id='word_1_8' title='bbox 672 390 808 450; x_wconf 90' lang='lat' dir='ltr'><strong>Iulianus</strong></span> <span class='ocrx_word' id='word_1_9' title='bbox 839 395 938 452; x_wconf 88' lang='lat' dir='ltr'><strong>notat:</strong></span> <span class='ocrx_word' id='word_1_10' title='bbox 969 391 1135 455; x_wconf 88' lang='lat' dir='ltr'><strong>videamus&#39;</strong></span> 
     </span>
    </p>
   </div>
   <div class='ocr_carea' id='block_1_3' title="bbox 119 477 1135 1445">
    <p class='ocr_par' dir='ltr' id='par_1_3' title="bbox 124 477 422 554">
     <span class='ocr_line' id='line_1_3' title="bbox 124 477 422 554; baseline 0 -18"><span class='ocrx_word' id='word_1_11' title='bbox 124 477 160 537; x_wconf 90' lang='lat' dir='ltr'><strong>D.</strong></span> <span class='ocrx_word' id='word_1_12' title='bbox 177 479 227 552; x_wconf 89' lang='lat'><strong>33,</strong></span> <span class='ocrx_word' id='word_1_13' title='bbox 244 479 306 554; x_wconf 91' lang='lat' dir='ltr'><strong>3,l</strong></span> <span class='ocrx_word' id='word_1_14' title='bbox 331 477 383 537; x_wconf 92' lang='lat' dir='ltr'><strong>lib.</strong></span> <span class='ocrx_word' id='word_1_15' title='bbox 397 477 422 536; x_wconf 94' lang='lat' dir='ltr'><strong>I.</strong></span> 
     </span>
    </p>

    <p class='ocr_par' dir='ltr' id='par_1_4' title="bbox 123 566 1135 733">
     <span class='ocr_line' id='line_1_4' title="bbox 213 566 1135 646; baseline 0.009 -22"><span class='ocrx_word' id='word_1_16' title='bbox 213 566 350 643; x_wconf 92' lang='lat' dir='ltr'><strong>Denique</strong></span> <span class='ocrx_word' id='word_1_17' title='bbox 368 567 532 626; x_wconf 86' lang='lat' dir='ltr'><strong>&#39;Minicium</strong></span> <span class='ocrx_word' id='word_1_18' title='bbox 558 587 618 628; x_wconf 90' lang='lat' dir='ltr'><strong>nou</strong></span> <span class='ocrx_word' id='word_1_19' title='bbox 645 569 733 626; x_wconf 91' lang='lat' dir='ltr'><strong>modo</strong></span> <span class='ocrx_word' id='word_1_20' title='bbox 764 570 851 629; x_wconf 89' lang='lat' dir='ltr'><strong>civile</strong></span> <span class='ocrx_word' id='word_1_21' title='bbox 877 571 934 646; x_wconf 90' lang='lat' dir='ltr'><strong>ius,</strong></span> <span class='ocrx_word' id='word_1_22' title='bbox 963 572 1015 630; x_wconf 90' lang='lat' dir='ltr'><strong>sed</strong></span> <span class='ocrx_word' id='word_1_23' title='bbox 1042 572 1135 632; x_wconf 86' lang='lat' dir='ltr'><strong>etiam</strong></span> 
     </span>
     <span class='ocr_line' id='line_1_5' title="bbox 123 655 739 733; baseline 0.005 -20"><span class='ocrx_word' id='word_1_24' title='bbox 123 655 316 714; x_wconf 84' lang='lat' dir='ltr'><strong>honorarium</strong></span> <span class='ocrx_word' id='word_1_25' title='bbox 338 657 487 730; x_wconf 77' lang='lat' dir='ltr'><strong>spectasse</strong></span> <span class='ocrx_word' id='word_1_26' title='bbox 510 657 584 716; x_wconf 88' lang='lat' dir='ltr'><strong>satis</strong></span> <span class='ocrx_word' id='word_1_27' title='bbox 607 661 739 733; x_wconf 87' lang='lat' dir='ltr'><strong>apparet.</strong></span> 
     </span>
    </p>

    <p class='ocr_par' dir='ltr' id='par_1_5' title="bbox 119 743 1134 1445">
     <span class='ocr_line' id='line_1_6' title="bbox 214 743 1133 822; baseline 0.009 -20"><span class='ocrx_word' id='word_1_28' title='bbox 214 743 309 814; x_wconf 85' lang='lat' dir='ltr'><strong>Quem</strong></span> <span class='ocrx_word' id='word_1_29' title='bbox 342 762 412 803; x_wconf 93' lang='lat' dir='ltr'><strong>vero</strong></span> <span class='ocrx_word' id='word_1_30' title='bbox 445 763 545 804; x_wconf 88' lang='lat' dir='ltr'><strong>rerum</strong></span> <span class='ocrx_word' id='word_1_31' title='bbox 578 747 711 804; x_wconf 86' lang='lat' dir='ltr'>ordinem</span> <span class='ocrx_word' id='word_1_32' title='bbox 744 748 896 822; x_wconf 88' lang='lat' dir='ltr'><strong>statuerit,</strong></span> <span class='ocrx_word' id='word_1_33' title='bbox 929 765 997 808; x_wconf 91' lang='lat' dir='ltr'><strong>cum</strong></span> <span class='ocrx_word' id='word_1_34' title='bbox 1028 768 1065 808; x_wconf 90' lang='lat' dir='ltr'><strong>ue</strong></span> <span class='ocrx_word' id='word_1_35' title='bbox 1098 751 1133 810; x_wconf 90' lang='lat' dir='ltr'><strong>ds</strong></span> 
     </span>
     <span class='ocr_line' id='line_1_7' title="bbox 122 831 1134 913; baseline 0.009 -23"><span class='ocrx_word' id='word_1_36' title='bbox 122 831 235 891; x_wconf 88' lang='lat' dir='ltr'><strong>Iuliani</strong></span> <span class='ocrx_word' id='word_1_37' title='bbox 261 831 382 910; x_wconf 88' lang='lat' dir='ltr'><strong>quidem</strong></span> <span class='ocrx_word' id='word_1_38' title='bbox 411 832 513 892; x_wconf 90' lang='lat' dir='ltr'><strong>ordine</strong></span> <span class='ocrx_word' id='word_1_39' title='bbox 537 835 610 894; x_wconf 88' lang='lat' dir='ltr'><strong>satis</strong></span> <span class='ocrx_word' id='word_1_40' title='bbox 634 837 762 910; x_wconf 89' lang='lat' dir='ltr'><strong>constet,</strong></span> <span class='ocrx_word' id='word_1_41' title='bbox 792 836 931 912; x_wconf 77' lang='lat' dir='ltr'><strong>cognosci</strong></span> <span class='ocrx_word' id='word_1_42' title='bbox 955 837 1003 895; x_wconf 82' lang='lat' dir='ltr'><strong>vix</strong></span> <span class='ocrx_word' id='word_1_43' title='bbox 1025 841 1134 913; x_wconf 91' lang='lat' dir='ltr'><strong>potest.</strong></span> 
     </span>
     <span class='ocr_line' id='line_1_8' title="bbox 123 921 1134 1000; baseline 0.009 -22"><span class='ocrx_word' id='word_1_44' title='bbox 123 921 155 979; x_wconf 89' lang='lat' dir='ltr'><strong>in</strong></span> <span class='ocrx_word' id='word_1_45' title='bbox 182 921 296 979; x_wconf 87' lang='lat' dir='ltr'><strong>Iuliani</strong></span> <span class='ocrx_word' id='word_1_46' title='bbox 323 921 376 980; x_wconf 92' lang='lat' dir='ltr'><strong>illo</strong></span> <span class='ocrx_word' id='word_1_47' title='bbox 400 922 582 1000; x_wconf 81' lang='lat' dir='ltr'><strong>fragmento,</strong></span> <span class='ocrx_word' id='word_1_48' title='bbox 609 923 689 1000; x_wconf 90' lang='lat' dir='ltr'><strong>quod</strong></span> <span class='ocrx_word' id='word_1_49' title='bbox 712 921 860 999; x_wconf 76' lang='lat' dir='ltr'><strong>Ulpianus</strong></span> <span class='ocrx_word' id='word_1_50' title='bbox 884 924 999 986; x_wconf 91' lang='lat' dir='ltr'><strong>decimo</strong></span> <span class='ocrx_word' id='word_1_51' title='bbox 1021 925 1134 987; x_wconf 90' lang='lat' dir='ltr'><strong>Minicii</strong></span> 
     </span>
     <span class='ocr_line' id='line_1_9' title="bbox 122 1003 1134 1093; baseline 0.007 -25"><span class='ocrx_word' id='word_1_52' title='bbox 122 1010 200 1070; x_wconf 91' lang='lat' dir='ltr'><strong>libro</strong></span> <span class='ocrx_word' id='word_1_53' title='bbox 218 1008 339 1068; x_wconf 89' lang='lat' dir='ltr'><strong>videtur</strong></span> <span class='ocrx_word' id='word_1_54' title='bbox 358 1010 523 1071; x_wconf 85' lang='lat' dir='ltr'><strong>attribuere</strong></span> <span class='ocrx_word' id='word_1_55' title='bbox 546 1006 651 1090; x_wconf 88' lang='lat' dir='ltr'><strong>(snpra</strong></span> <span class='ocrx_word' id='word_1_56' title='bbox 664 1031 692 1087; x_wconf 86' lang='lat' dir='ltr'><strong>p.</strong></span> <span class='ocrx_word' id='word_1_57' title='bbox 709 1003 797 1093; x_wconf 83' lang='lat'><strong>273),</strong></span> <span class='ocrx_word' id='word_1_58' title='bbox 816 1012 852 1070; x_wconf 89' lang='lat' dir='ltr'><strong>de</strong></span> <span class='ocrx_word' id='word_1_59' title='bbox 867 1014 1016 1089; x_wconf 75' lang='lat' dir='ltr'><strong>emptione</strong></span> <span class='ocrx_word' id='word_1_60' title='bbox 1033 1015 1134 1075; x_wconf 89' lang='lat' dir='ltr'><strong>vendi-</strong></span> 
     </span>
     <span class='ocr_line' id='line_1_10' title="bbox 120 1098 1133 1179; baseline 0.006 -21"><span class='ocrx_word' id='word_1_61' title='bbox 120 1099 203 1158; x_wconf 89' lang='lat' dir='ltr'><strong>tione</strong></span> <span class='ocrx_word' id='word_1_62' title='bbox 226 1098 367 1174; x_wconf 85' lang='lat' dir='ltr'><strong>mancipii</strong></span> <span class='ocrx_word' id='word_1_63' title='bbox 390 1099 500 1175; x_wconf 84' lang='lat' dir='ltr'><strong>agitur.</strong></span> <span class='ocrx_word' id='word_1_64' title='bbox 546 1100 578 1158; x_wconf 92' lang='lat' dir='ltr'><strong>in</strong></span> <span class='ocrx_word' id='word_1_65' title='bbox 601 1101 708 1160; x_wconf 89' lang='lat' dir='ltr'><strong>ceteris</strong></span> <span class='ocrx_word' id='word_1_66' title='bbox 736 1119 787 1158; x_wconf 82' lang='lat' dir='ltr'><strong>sex</strong></span> <span class='ocrx_word' id='word_1_67' title='bbox 813 1101 897 1161; x_wconf 90' lang='lat' dir='ltr'><strong>libris</strong></span> <span class='ocrx_word' id='word_1_68' title='bbox 926 1103 963 1160; x_wconf 88' lang='lat' dir='ltr'><strong>ab</strong></span> <span class='ocrx_word' id='word_1_69' title='bbox 991 1103 1133 1179; x_wconf 84' lang='lat' dir='ltr'><strong>epitoma-</strong></span> 
     </span>
     <span class='ocr_line' id='line_1_11' title="bbox 120 1187 1134 1266; baseline 0.006 -20"><span class='ocrx_word' id='word_1_70' title='bbox 120 1189 199 1266; x_wconf 90' lang='lat' dir='ltr'><strong>tore,</strong></span> <span class='ocrx_word' id='word_1_71' title='bbox 217 1189 254 1246; x_wconf 94' lang='lat' dir='ltr'><strong>ut</strong></span> <span class='ocrx_word' id='word_1_72' title='bbox 273 1187 405 1246; x_wconf 90' lang='lat' dir='ltr'><strong>conicere</strong></span> <span class='ocrx_word' id='word_1_73' title='bbox 420 1188 503 1264; x_wconf 90' lang='lat' dir='ltr'><strong>licet,</strong></span> <span class='ocrx_word' id='word_1_74' title='bbox 523 1189 665 1249; x_wconf 88' lang='lat' dir='ltr'><strong>confectis</strong></span> <span class='ocrx_word' id='word_1_75' title='bbox 679 1208 747 1248; x_wconf 91' lang='lat' dir='ltr'><strong>cum</strong></span> <span class='ocrx_word' id='word_1_76' title='bbox 762 1189 822 1248; x_wconf 85' lang='lat' dir='ltr'><strong>alia</strong></span> <span class='ocrx_word' id='word_1_77' title='bbox 835 1193 901 1248; x_wconf 89' lang='lat' dir='ltr'><strong>tum</strong></span> <span class='ocrx_word' id='word_1_78' title='bbox 914 1191 987 1250; x_wconf 91' lang='lat' dir='ltr'><strong>haec</strong></span> <span class='ocrx_word' id='word_1_79' title='bbox 1000 1193 1134 1252; x_wconf 66' lang='lat' dir='ltr'><strong>uastata</strong></span> 
     </span>
     <span class='ocr_line' id='line_1_12' title="bbox 121 1275 1133 1358; baseline 0.005 -23"><span class='ocrx_word' id='word_1_80' title='bbox 121 1276 215 1352; x_wconf 77' lang='lat' dir='ltr'><strong>fuisse</strong></span> <span class='ocrx_word' id='word_1_81' title='bbox 233 1275 384 1336; x_wconf 85' lang='lat' dir='ltr'><strong>videmus:</strong></span> <span class='ocrx_word' id='word_1_82' title='bbox 401 1275 480 1336; x_wconf 90' lang='lat' dir='ltr'><strong>libro</strong></span> <span class='ocrx_word' id='word_1_83' title='bbox 493 1277 510 1336; x_wconf 94' lang='lat' dir='ltr'>I</span> <span class='ocrx_word' id='word_1_84' title='bbox 522 1277 625 1356; x_wconf 81' lang='lat' dir='ltr'><strong>legata</strong></span> <span class='ocrx_word' id='word_1_85' title='bbox 643 1282 673 1338; x_wconf 93' lang='lat' dir='ltr'><strong>et</strong></span> <span class='ocrx_word' id='word_1_86' title='bbox 687 1297 791 1353; x_wconf 86' lang='lat' dir='ltr'><strong>operas</strong></span> <span class='ocrx_word' id='word_1_87' title='bbox 806 1279 991 1358; x_wconf 86' lang='lat' dir='ltr'><strong>libertorum,</strong></span> <span class='ocrx_word' id='word_1_88' title='bbox 1009 1279 1087 1340; x_wconf 90' lang='lat' dir='ltr'><strong>libro</strong></span> <span class='ocrx_word' id='word_1_89' title='bbox 1100 1281 1133 1340; x_wconf 92' lang='lat' dir='ltr'><strong>II</strong></span> 
     </span>
     <span class='ocr_line' id='line_1_13' title="bbox 119 1364 1132 1445; baseline 0.006 -23"><span class='ocrx_word' id='word_1_90' title='bbox 119 1364 333 1440; x_wconf 76' lang='lat' dir='ltr'><strong>usucapionem</strong></span> <span class='ocrx_word' id='word_1_91' title='bbox 361 1367 394 1424; x_wconf 86' lang='lat' dir='ltr'><strong>et</strong></span> <span class='ocrx_word' id='word_1_92' title='bbox 421 1365 594 1444; x_wconf 76' lang='lat' dir='ltr'><strong>servitutes,</strong></span> <span class='ocrx_word' id='word_1_93' title='bbox 620 1366 697 1426; x_wconf 89' lang='lat' dir='ltr'><strong>libro</strong></span> <span class='ocrx_word' id='word_1_94' title='bbox 722 1366 769 1425; x_wconf 92' lang='grc' dir='ltr'><strong>ΙΠ</strong></span> <span class='ocrx_word' id='word_1_95' title='bbox 791 1367 887 1445; x_wconf 87' lang='lat' dir='ltr'><strong>furta,</strong></span> <span class='ocrx_word' id='word_1_96' title='bbox 909 1368 987 1428; x_wconf 89' lang='lat' dir='ltr'><strong>libro</strong></span> <span class='ocrx_word' id='word_1_97' title='bbox 1008 1367 1053 1428; x_wconf 92' lang='lat' dir='ltr'><strong>IV</strong></span> <span class='ocrx_word' id='word_1_98' title='bbox 1080 1369 1132 1428; x_wconf 91' lang='lat' dir='ltr'><strong>ad·</strong></span> 
     </span>
    </p>
   </div>
   <div class='ocr_carea' id='block_1_4' title="bbox 13 1447 1131 1531">
    <p class='ocr_par' dir='ltr' id='par_1_6' title="bbox 13 1447 1131 1531">
     <span class='ocr_line' id='line_1_14' title="bbox 13 1447 1131 1531; baseline 0.006 -21"><span class='ocrx_word' id='word_1_99' title='bbox 13 1447 14 1450; x_wconf 65' lang='grc'>’</span> <span class='ocrx_word' id='word_1_100' title='bbox 119 1453 329 1529; x_wconf 81' lang='lat' dir='ltr'><strong>promissores,</strong></span> <span class='ocrx_word' id='word_1_101' title='bbox 362 1454 543 1531; x_wconf 89' lang='lat' dir='ltr'><strong>emptionem</strong></span> <span class='ocrx_word' id='word_1_102' title='bbox 569 1456 770 1515; x_wconf 89' lang='lat' dir='ltr'><strong>venditionem</strong></span> <span class='ocrx_word' id='word_1_103' title='bbox 799 1458 830 1515; x_wconf 92' lang='lat' dir='ltr'><strong>et</strong></span> <span class='ocrx_word' id='word_1_104' title='bbox 856 1456 1035 1517; x_wconf 85' lang='lat' dir='ltr'><strong>locationem</strong></span> <span class='ocrx_word' id='word_1_105' title='bbox 1062 1475 1131 1517; x_wconf 92' lang='lat' dir='ltr'><strong>con-</strong></span> 
     </span>
    </p>
   </div>
   <div class='ocr_carea' id='block_1_5' title="bbox 116 1541 1131 1978">
    <p class='ocr_par' dir='ltr' id='par_1_7' title="bbox 116 1541 1131 1978">
     <span class='ocr_line' id='line_1_15' title="bbox 120 1541 1131 1625; baseline 0.005 -25"><span class='ocrx_word' id='word_1_106' title='bbox 120 1541 301 1618; x_wconf 86' lang='lat' dir='ltr'><strong>ductionem,</strong></span> <span class='ocrx_word' id='word_1_107' title='bbox 324 1541 401 1602; x_wconf 86' lang='lat' dir='ltr'><strong>libro</strong></span> <span class='ocrx_word' id='word_1_108' title='bbox 419 1541 448 1600; x_wconf 85' lang='lat' dir='ltr'><strong>V</strong></span> <span class='ocrx_word' id='word_1_109' title='bbox 465 1543 513 1603; x_wconf 89' lang='lat' dir='ltr'><strong>ius</strong></span> <span class='ocrx_word' id='word_1_110' title='bbox 536 1543 652 1604; x_wconf 91' lang='lat' dir='ltr'><strong>dotium</strong></span> <span class='ocrx_word' id='word_1_111' title='bbox 675 1545 706 1604; x_wconf 86' lang='lat' dir='ltr'><strong>et</strong></span> <span class='ocrx_word' id='word_1_112' title='bbox 729 1544 936 1620; x_wconf 82' lang='lat' dir='ltr'><strong>stipulationes</strong></span> <span class='ocrx_word' id='word_1_113' title='bbox 955 1546 1131 1625; x_wconf 88' lang='lat' dir='ltr'><strong>praetorias,</strong></span> 
     </span>
     <span class='ocr_line' id='line_1_16' title="bbox 117 1631 1131 1710; baseline 0.006 -21"><span class='ocrx_word' id='word_1_114' title='bbox 117 1631 197 1692; x_wconf 87' lang='lat' dir='ltr'><strong>libro</strong></span> <span class='ocrx_word' id='word_1_115' title='bbox 226 1631 353 1706; x_wconf 90' lang='lat' dir='ltr'><strong>denique</strong></span> <span class='ocrx_word' id='word_1_116' title='bbox 376 1631 421 1689; x_wconf 87' lang='lat' dir='ltr'><strong>VI</strong></span> <span class='ocrx_word' id='word_1_117' title='bbox 444 1632 489 1690; x_wconf 90' lang='lat' dir='ltr'><strong>rei</strong></span> <span class='ocrx_word' id='word_1_118' title='bbox 511 1632 755 1708; x_wconf 80' lang='lat' dir='ltr'><strong>vindicationem,</strong></span> <span class='ocrx_word' id='word_1_119' title='bbox 783 1636 818 1691; x_wconf 89' lang='lat' dir='ltr'><strong>ut</strong></span> <span class='ocrx_word' id='word_1_120' title='bbox 840 1633 973 1710; x_wconf 86' lang='lat' dir='ltr'><strong>videtur,</strong></span> <span class='ocrx_word' id='word_1_121' title='bbox 1001 1639 1031 1694; x_wconf 92' lang='lat' dir='ltr'><strong>et</strong></span> <span class='ocrx_word' id='word_1_122' title='bbox 1053 1635 1131 1695; x_wconf 90' lang='lat' dir='ltr'><strong>inter</strong></span> 
     </span>
     <span class='ocr_line' id='line_1_17' title="bbox 117 1713 1130 1831; baseline 0.004 -51"><span class='ocrx_word' id='word_1_123' title='bbox 117 1719 180 1780; x_wconf 84' lang='lat' dir='ltr'><strong>alia</strong></span> <span class='ocrx_word' id='word_1_124' title='bbox 203 1739 282 1831; x_wconf 70' lang='lat' dir='ltr'><strong>eum,</strong></span> <span class='ocrx_word' id='word_1_125' title='bbox 305 1713 368 1797; x_wconf 71' lang='lat' dir='ltr'><strong>‘qui</strong></span> <span class='ocrx_word' id='word_1_126' title='bbox 390 1723 572 1797; x_wconf 84' lang='lat' dir='ltr'><strong>potestatem</strong></span> <span class='ocrx_word' id='word_1_127' title='bbox 595 1722 640 1780; x_wconf 86' lang='lat' dir='ltr'><strong>sui</strong></span> <span class='ocrx_word' id='word_1_128' title='bbox 663 1740 722 1782; x_wconf 92' lang='lat' dir='ltr'><strong>non</strong></span> <span class='ocrx_word' id='word_1_129' title='bbox 744 1721 882 1798; x_wconf 86' lang='lat' dir='ltr'><strong>faciebat,</strong></span> <span class='ocrx_word' id='word_1_130' title='bbox 905 1741 943 1782; x_wconf 90' lang='lat' dir='ltr'><strong>ne</strong></span> <span class='ocrx_word' id='word_1_131' title='bbox 963 1741 1063 1784; x_wconf 86' lang='lat' dir='ltr'><strong>secum</strong></span> <span class='ocrx_word' id='word_1_132' title='bbox 1081 1723 1130 1801; x_wconf 75' lang='lat' dir='ltr'><strong>agi</strong></span> 
     </span>
     <span class='ocr_line' id='line_1_18' title="bbox 116 1813 1129 1978; baseline 0.007 -23"><span class='ocrx_word' id='word_1_133' title='bbox 116 1813 337 1956; x_wconf 38' lang='lat' dir='ltr'><strong>possetVsidetur</strong></span> <span class='ocrx_word' id='word_1_134' title='bbox 368 1897 446 1958; x_wconf 91' lang='lat' dir='ltr'><strong>libro</strong></span> <span class='ocrx_word' id='word_1_135' title='bbox 477 1898 521 1956; x_wconf 93' lang='lat' dir='ltr'><strong>IV</strong></span> <span class='ocrx_word' id='word_1_136' title='bbox 555 1898 672 1975; x_wconf 91' lang='lat' dir='ltr'><strong>quidem</strong></span> <span class='ocrx_word' id='word_1_137' title='bbox 707 1899 743 1958; x_wconf 89' lang='lat' dir='ltr'><strong>ds</strong></span> <span class='ocrx_word' id='word_1_138' title='bbox 779 1900 926 1977; x_wconf 89' lang='lat' dir='ltr'><strong>mancipio</strong></span> <span class='ocrx_word' id='word_1_139' title='bbox 957 1919 1017 1962; x_wconf 90' lang='lat' dir='ltr'><strong>non</strong></span> <span class='ocrx_word' id='word_1_140' title='bbox 1049 1919 1129 1978; x_wconf 89' lang='lat' dir='ltr'><strong>sano,</strong></span> 
     </span>
    </p>
   </div>
   <div class='ocr_carea' id='block_1_6' title="bbox 114 1981 1128 2508">
    <p class='ocr_par' dir='ltr' id='par_1_8' title="bbox 115 1981 1128 2240">
     <span class='ocr_line' id='line_1_19' title="bbox 117 1981 1128 2071; baseline 0.004 -25"><span class='ocrx_word' id='word_1_141' title='bbox 117 2006 190 2063; x_wconf 87' lang='lat' dir='ltr'><strong>ergo</strong></span> <span class='ocrx_word' id='word_1_142' title='bbox 214 1987 251 2046; x_wconf 89' lang='lat' dir='ltr'><strong>de</strong></span> <span class='ocrx_word' id='word_1_143' title='bbox 279 1986 415 2046; x_wconf 87' lang='lat' dir='ltr'><strong>aedilicio</strong></span> <span class='ocrx_word' id='word_1_144' title='bbox 443 1987 539 2046; x_wconf 91' lang='lat' dir='ltr'><strong>edicto</strong></span> <span class='ocrx_word' id='word_1_145' title='bbox 563 2005 659 2046; x_wconf 91' lang='lat' dir='ltr'><strong>sermo</strong></span> <span class='ocrx_word' id='word_1_146' title='bbox 683 1983 776 2047; x_wconf 88' lang='lat' dir='ltr'><strong>fuiss&#39;c</strong></span> <span class='ocrx_word' id='word_1_147' title='bbox 799 1983 849 2064; x_wconf 87' lang='lat' dir='ltr'><strong>(D.</strong></span> <span class='ocrx_word' id='word_1_148' title='bbox 868 1990 918 2067; x_wconf 79' lang='lat'><strong>21,</strong></span> <span class='ocrx_word' id='word_1_149' title='bbox 939 1993 965 2066; x_wconf 90' lang='lat'><strong>1,</strong></span> <span class='ocrx_word' id='word_1_150' title='bbox 983 1981 1053 2071; x_wconf 86' lang='lat'><strong>50),</strong></span> <span class='ocrx_word' id='word_1_151' title='bbox 1077 1990 1128 2050; x_wconf 91' lang='lat' dir='ltr'><strong>sed</strong></span> 
     </span>
     <span class='ocr_line' id='line_1_20' title="bbox 115 2075 1128 2153; baseline 0.004 -19"><span class='ocrx_word' id='word_1_152' title='bbox 115 2075 261 2151; x_wconf 88' lang='lat' dir='ltr'><strong>mancipii</strong></span> <span class='ocrx_word' id='word_1_153' title='bbox 297 2075 408 2150; x_wconf 90' lang='lat' dir='ltr'><strong>emptio</strong></span> <span class='ocrx_word' id='word_1_154' title='bbox 444 2075 589 2152; x_wconf 85' lang='lat' dir='ltr'><strong>venditio,</strong></span> <span class='ocrx_word' id='word_1_155' title='bbox 627 2075 662 2134; x_wconf 91' lang='lat' dir='ltr'><strong>de</strong></span> <span class='ocrx_word' id='word_1_156' title='bbox 700 2095 760 2153; x_wconf 89' lang='lat' dir='ltr'><strong>qua</strong></span> <span class='ocrx_word' id='word_1_157' title='bbox 795 2077 930 2137; x_wconf 87' lang='lat' dir='ltr'><strong>Iulianus</strong></span> <span class='ocrx_word' id='word_1_158' title='bbox 966 2077 1043 2138; x_wconf 90' lang='lat' dir='ltr'><strong>libro</strong></span> <span class='ocrx_word' id='word_1_159' title='bbox 1075 2079 1128 2139; x_wconf 93' lang='lat' dir='ltr'><strong>illo</strong></span> 
     </span>
     <span class='ocr_line' id='line_1_21' title="bbox 117 2163 920 2240; baseline 0.004 -17"><span class='ocrx_word' id='word_1_160' title='bbox 117 2164 208 2240; x_wconf 82' lang='lat' dir='ltr'><strong>dixit,</strong></span> <span class='ocrx_word' id='word_1_161' title='bbox 230 2181 291 2223; x_wconf 90' lang='lat' dir='ltr'><strong>nou</strong></span> <span class='ocrx_word' id='word_1_162' title='bbox 312 2163 528 2224; x_wconf 87' lang='lat' dir='ltr'><strong>venaliciorum</strong></span> <span class='ocrx_word' id='word_1_163' title='bbox 551 2164 683 2224; x_wconf 88' lang='lat' dir='ltr'><strong>venditio</strong></span> <span class='ocrx_word' id='word_1_164' title='bbox 706 2164 844 2225; x_wconf 90' lang='lat' dir='ltr'><strong>habenda</strong></span> <span class='ocrx_word' id='word_1_165' title='bbox 866 2169 920 2226; x_wconf 87' lang='lat' dir='ltr'><strong>est.</strong></span> 
     </span>
    </p>

    <p class='ocr_par' dir='ltr' id='par_1_9' title="bbox 114 2241 1128 2508">
     <span class='ocr_line' id='line_1_22' title="bbox 205 2241 1128 2332; baseline 0.004 -22"><span class='ocrx_word' id='word_1_166' title='bbox 205 2241 318 2329; x_wconf 69' lang='lat' dir='ltr'><strong>Itaqud</strong></span> <span class='ocrx_word' id='word_1_167' title='bbox 336 2271 404 2312; x_wconf 89' lang='lat' dir='ltr'><strong>cum</strong></span> <span class='ocrx_word' id='word_1_168' title='bbox 426 2252 456 2311; x_wconf 91' lang='lat' dir='ltr'><strong>id</strong></span> <span class='ocrx_word' id='word_1_169' title='bbox 479 2255 600 2314; x_wconf 89' lang='lat' dir='ltr'><strong>tantum</strong></span> <span class='ocrx_word' id='word_1_170' title='bbox 621 2253 712 2313; x_wconf 87' lang='lat' dir='ltr'><strong>liccat</strong></span> <span class='ocrx_word' id='word_1_171' title='bbox 739 2256 886 2332; x_wconf 84' lang='lat' dir='ltr'><strong>statuere,</strong></span> <span class='ocrx_word' id='word_1_172' title='bbox 913 2258 949 2315; x_wconf 90' lang='lat' dir='ltr'><strong>ut</strong></span> <span class='ocrx_word' id='word_1_173' title='bbox 976 2254 1128 2316; x_wconf 84' lang='lat' dir='ltr'><strong>Iulianum</strong></span> 
     </span>
     <span class='ocr_line' id='line_1_23' title="bbox 114 2341 1126 2422; baseline 0.002 -21"><span class='ocrx_word' id='word_1_174' title='bbox 114 2343 161 2401; x_wconf 89' lang='lat' dir='ltr'><strong>ita</strong></span> <span class='ocrx_word' id='word_1_175' title='bbox 192 2345 224 2401; x_wconf 88' lang='lat' dir='ltr'><strong>et</strong></span> <span class='ocrx_word' id='word_1_176' title='bbox 250 2341 404 2400; x_wconf 89' lang='lat' dir='ltr'><strong>Minicium</strong></span> <span class='ocrx_word' id='word_1_177' title='bbox 436 2360 454 2400; x_wconf 85' lang='lat' dir='ltr'><strong>a</strong></span> <span class='ocrx_word' id='word_1_178' title='bbox 485 2343 674 2403; x_wconf 82' lang='lat' dir='ltr'><strong>testamentis</strong></span> <span class='ocrx_word' id='word_1_179' title='bbox 705 2343 861 2402; x_wconf 84' lang='lat' dir='ltr'><strong>exordium</strong></span> <span class='ocrx_word' id='word_1_180' title='bbox 891 2343 1010 2420; x_wconf 91' lang='lat' dir='ltr'><strong>fecisse,</strong></span> <span class='ocrx_word' id='word_1_181' title='bbox 1046 2345 1126 2422; x_wconf 81' lang='lat' dir='ltr'><strong>freg-</strong></span> 
     </span>
     <span class='ocr_line' id='line_1_24' title="bbox 114 2427 1125 2508; baseline 0.002 -19"><span class='ocrx_word' id='word_1_182' title='bbox 114 2433 219 2490; x_wconf 84' lang='lat' dir='ltr'><strong>menta</strong></span> <span class='ocrx_word' id='word_1_183' title='bbox 238 2428 400 2490; x_wconf 89' lang='lat' dir='ltr'><strong>secundum</strong></span> <span class='ocrx_word' id='word_1_184' title='bbox 414 2429 526 2489; x_wconf 88' lang='lat' dir='ltr'><strong>Iuliani</strong></span> <span class='ocrx_word' id='word_1_185' title='bbox 543 2430 636 2491; x_wconf 88' lang='lat' dir='ltr'><strong>libros</strong></span> <span class='ocrx_word' id='word_1_186' title='bbox 654 2449 821 2508; x_wconf 87' lang='lat' dir='ltr'><strong>proponere</strong></span> <span class='ocrx_word' id='word_1_187' title='bbox 839 2429 979 2491; x_wconf 88' lang='lat' dir='ltr'><strong>idoneum</strong></span> <span class='ocrx_word' id='word_1_188' title='bbox 996 2427 1125 2491; x_wconf 74' lang='lat' dir='ltr'><strong>iidetur.</strong></span> 
     </span>
    </p>
   </div>
   <div class='ocr_carea' id='block_1_7' title="bbox 438 2616 803 2942">
    <p class='ocr_par' dir='ltr' id='par_1_10' title="bbox 438 2616 803 2942">
     <span class='ocr_line' id='line_1_25' title="bbox 462 2616 786 2677; baseline 0 -1"><span class='ocrx_word' id='word_1_189' title='bbox 462 2617 507 2676; x_wconf 84' lang='lat' dir='ltr'><strong>Ex</strong></span> <span class='ocrx_word' id='word_1_190' title='bbox 529 2617 639 2676; x_wconf 90' lang='lat' dir='ltr'><strong>Iuliani</strong></span> <span class='ocrx_word' id='word_1_191' title='bbox 661 2617 738 2677; x_wconf 90' lang='lat' dir='ltr'><strong>libro</strong></span> <span class='ocrx_word' id='word_1_192' title='bbox 761 2616 786 2676; x_wconf 82' lang='lat' dir='ltr'>L</span> 
     </span>
     <span class='ocr_line' id='line_1_26' title="bbox 531 2735 715 2820; baseline -0.016 -19"><span class='ocrx_word' id='word_1_193' title='bbox 531 2735 581 2801; x_wconf 83' lang='lat' dir='ltr'><strong>De</strong></span> <span class='ocrx_word' id='word_1_194' title='bbox 603 2736 715 2820; x_wconf 75' lang='lat' dir='ltr'><strong>leputis.</strong></span> 
     </span>
     <span class='ocr_line' id='line_1_27' title="bbox 438 2857 803 2942; baseline -0.005 -26"><span class='ocrx_word' id='word_1_195' title='bbox 438 2857 485 2916; x_wconf 88' lang='lat' dir='ltr'><strong>De</strong></span> <span class='ocrx_word' id='word_1_196' title='bbox 506 2875 563 2916; x_wconf 79' lang='lat' dir='ltr'><strong>usu</strong></span> <span class='ocrx_word' id='word_1_197' title='bbox 584 2857 681 2942; x_wconf 80' lang='lat' dir='ltr'><strong>fructu</strong></span> <span class='ocrx_word' id='word_1_198' title='bbox 704 2857 803 2931; x_wconf 67' lang='lat' dir='ltr'><strong>leuato.</strong></span> 
     </span>
    </p>
   </div>
   <div class='ocr_carea' id='block_1_8' title="bbox 113 2955 1122 3220">
    <p class='ocr_par' dir='ltr' id='par_1_11' title="bbox 113 2955 1122 3220">
     <span class='ocr_line' id='line_1_28' title="bbox 206 2955 1122 3042; baseline 0.003 -22"><span class='ocrx_word' id='word_1_199' title='bbox 206 2957 248 3021; x_wconf 79' lang='lat'><strong>1?</strong></span> <span class='ocrx_word' id='word_1_200' title='bbox 280 2955 318 3022; x_wconf 91' lang='lat' dir='ltr'><strong>D.</strong></span> <span class='ocrx_word' id='word_1_201' title='bbox 334 2959 362 3040; x_wconf 79' lang='lat'><strong>7,</strong></span> <span class='ocrx_word' id='word_1_202' title='bbox 378 2958 472 3040; x_wconf 79' lang='lat'><strong>1,67.</strong></span> <span class='ocrx_word' id='word_1_203' title='bbox 516 2956 661 3023; x_wconf 88' lang='lat' dir='ltr'><strong>Iulianus</strong></span> <span class='ocrx_word' id='word_1_204' title='bbox 676 2956 771 3022; x_wconf 70' lang='lat' dir='ltr'><strong>¹libro</strong></span> <span class='ocrx_word' id='word_1_205' title='bbox 799 2955 903 3042; x_wconf 90' lang='lat' dir='ltr'><strong>primo</strong></span> <span class='ocrx_word' id='word_1_206' title='bbox 931 2978 969 3020; x_wconf 85' lang='lat' dir='ltr'><strong>ex</strong></span> <span class='ocrx_word' id='word_1_207' title='bbox 992 2955 1122 3023; x_wconf 90' lang='lat' dir='ltr'><strong>Minicio</strong></span> 
     </span>
     <span class='ocr_line' id='line_1_29' title="bbox 115 3041 1122 3133; baseline 0.003 -24"><span class='ocrx_word' id='word_1_208' title='bbox 115 3043 165 3129; x_wconf 86' lang='lat' dir='ltr'><strong>(P.</strong></span> <span class='ocrx_word' id='word_1_209' title='bbox 175 3041 265 3133; x_wconf 85' lang='lat'>843).</span> <span class='ocrx_word' id='word_1_210' title='bbox 285 3083 326 3091; x_wconf 93' lang='lat'><strong>-—</strong></span> <span class='ocrx_word' id='word_1_211' title='bbox 346 3045 405 3111; x_wconf 82' lang='lat' dir='ltr'><strong>Oui</strong></span> <span class='ocrx_word' id='word_1_212' title='bbox 428 3067 505 3112; x_wconf 88' lang='lat' dir='ltr'><strong>usus</strong></span> <span class='ocrx_word' id='word_1_213' title='bbox 528 3045 650 3112; x_wconf 87' lang='lat' dir='ltr'><strong>fructus</strong></span> <span class='ocrx_word' id='word_1_214' title='bbox 673 3047 800 3130; x_wconf 84' lang='lat' dir='ltr'><strong>legatus</strong></span> <span class='ocrx_word' id='word_1_215' title='bbox 823 3049 881 3129; x_wconf 92' lang='lat' dir='ltr'><strong>est,</strong></span> <span class='ocrx_word' id='word_1_216' title='bbox 904 3045 1001 3111; x_wconf 88' lang='lat' dir='ltr'><strong>etiam</strong></span> <span class='ocrx_word' id='word_1_217' title='bbox 1020 3045 1122 3113; x_wconf 86' lang='lat' dir='ltr'><strong>invito</strong></span> 
     </span>
     <span class='ocr_line' id='line_1_30' title="bbox 113 3134 803 3220; baseline 0.004 -22"><span class='ocrx_word' id='word_1_218' title='bbox 113 3134 231 3199; x_wconf 89' lang='lat' dir='ltr'><strong>herede</strong></span> <span class='ocrx_word' id='word_1_219' title='bbox 256 3156 329 3199; x_wconf 89' lang='lat' dir='ltr'><strong>eum</strong></span> <span class='ocrx_word' id='word_1_220' title='bbox 352 3138 504 3200; x_wconf 86' lang='lat' dir='ltr'><strong>extraneo</strong></span> <span class='ocrx_word' id='word_1_221' title='bbox 527 3135 663 3200; x_wconf 88' lang='lat' dir='ltr'><strong>vendere</strong></span> <span class='ocrx_word' id='word_1_222' title='bbox 686 3139 803 3220; x_wconf 86' lang='lat' dir='ltr'><strong>potest.</strong></span> 
     </span>
    </p>
   </div>
   <div class='ocr_carea' id='block_1_9' title="bbox 437 3301 803 3376">
    <p class='ocr_par' dir='ltr' id='par_1_12' title="bbox 437 3301 803 3376">
     <span class='ocr_line' id='line_1_31' title="bbox 437 3301 803 3376; baseline 0.003 -17"><span class='ocrx_word' id='word_1_223' title='bbox 437 3301 484 3359; x_wconf 82' lang='lat' dir='ltr'><strong>De</strong></span> <span class='ocrx_word' id='word_1_224' title='bbox 506 3301 679 3360; x_wconf 74' lang='lat' dir='ltr'><strong>dubitatione</strong></span> <span class='ocrx_word' id='word_1_225' title='bbox 700 3301 803 3376; x_wconf 67' lang='lat' dir='ltr'><strong>deputo.</strong></span> 
     </span>
    </p>
   </div>
   <div class='ocr_carea' id='block_1_10' title="bbox 112 3398 1121 3728">
    <p class='ocr_par' dir='ltr' id='par_1_13' title="bbox 112 3398 1121 3728">
     <span class='ocr_line' id='line_1_32' title="bbox 203 3398 1121 3487; baseline -0.004 -21"><span class='ocrx_word' id='word_1_226' title='bbox 203 3401 247 3468; x_wconf 62' lang='lat'><strong>22</strong></span> <span class='ocrx_word' id='word_1_227' title='bbox 273 3399 312 3465; x_wconf 91' lang='lat' dir='ltr'><strong>D.</strong></span> <span class='ocrx_word' id='word_1_228' title='bbox 326 3403 379 3485; x_wconf 85' lang='lat'><strong>33,</strong></span> <span class='ocrx_word' id='word_1_229' title='bbox 392 3402 423 3484; x_wconf 78' lang='lat'><strong>2,</strong></span> <span class='ocrx_word' id='word_1_230' title='bbox 438 3402 489 3466; x_wconf 90' lang='lat'><strong>11.</strong></span> <span class='ocrx_word' id='word_1_231' title='bbox 533 3400 624 3465; x_wconf 89' lang='lat' dir='ltr'><strong>Idem</strong></span> <span class='ocrx_word' id='word_1_232' title='bbox 651 3398 708 3487; x_wconf 89' lang='lat' dir='ltr'><strong>(sc.</strong></span> <span class='ocrx_word' id='word_1_233' title='bbox 722 3399 882 3484; x_wconf 85' lang='lat' dir='ltr'><strong>Iulianus)</strong></span> <span class='ocrx_word' id='word_1_234' title='bbox 908 3400 993 3464; x_wconf 88' lang='lat' dir='ltr'><strong>libro</strong></span> <span class='ocrx_word' id='word_1_235' title='bbox 1016 3401 1121 3483; x_wconf 88' lang='lat' dir='ltr'><strong>primo</strong></span> 
     </span>
     <span class='ocr_line' id='line_1_33' title="bbox 113 3486 1120 3576; baseline -0.004 -23"><span class='ocrx_word' id='word_1_236' title='bbox 113 3512 153 3554; x_wconf 87' lang='lat' dir='ltr'><strong>ex</strong></span> <span class='ocrx_word' id='word_1_237' title='bbox 175 3489 308 3555; x_wconf 89' lang='lat' dir='ltr'><strong>Minicio</strong></span> <span class='ocrx_word' id='word_1_238' title='bbox 333 3488 382 3576; x_wconf 85' lang='lat' dir='ltr'><strong>(P.</strong></span> <span class='ocrx_word' id='word_1_239' title='bbox 398 3486 487 3576; x_wconf 88' lang='lat'>844).</span> <span class='ocrx_word' id='word_1_240' title='bbox 513 3525 550 3536; x_wconf 84' lang='lat'>-</span> <span class='ocrx_word' id='word_1_241' title='bbox 576 3487 797 3553; x_wconf 87' lang='lat' dir='ltr'><strong>Habitationis</strong></span> <span class='ocrx_word' id='word_1_242' title='bbox 825 3489 968 3572; x_wconf 80' lang='lat' dir='ltr'><strong>legatum</strong></span> <span class='ocrx_word' id='word_1_243' title='bbox 996 3488 1030 3549; x_wconf 94' lang='lat' dir='ltr'><strong>in</strong></span> <span class='ocrx_word' id='word_1_244' title='bbox 1057 3486 1120 3550; x_wconf 93' lang='lat' dir='ltr'><strong>sin-</strong></span> 
     </span>
     <span class='ocr_line' id='line_1_34' title="bbox 112 3575 910 3728; baseline -0.009 -84"><span class='ocrx_word' id='word_1_245' title='bbox 112 3579 208 3666; x_wconf 84' lang='lat' dir='ltr'><strong>gulos</strong></span> <span class='ocrx_word' id='word_1_246' title='bbox 234 3600 335 3644; x_wconf 88' lang='lat' dir='ltr'><strong>annos</strong></span> <span class='ocrx_word' id='word_1_247' title='bbox 359 3580 400 3644; x_wconf 90' lang='lat' dir='ltr'><strong>ab</strong></span> <span class='ocrx_word' id='word_1_248' title='bbox 424 3579 518 3644; x_wconf 90' lang='lat' dir='ltr'><strong>initio</strong></span> <span class='ocrx_word' id='word_1_249' title='bbox 542 3577 618 3642; x_wconf 84' lang='lat' dir='ltr'><strong>anni</strong></span> <span class='ocrx_word' id='word_1_250' title='bbox 641 3575 748 3640; x_wconf 88' lang='lat' dir='ltr'><strong>deberi</strong></span> <span class='ocrx_word' id='word_1_251' title='bbox 772 3580 910 3728; x_wconf 45' lang='lat' dir='ltr'><strong>constat,</strong></span> 
     </span>
    </p>
   </div>
   <div class='ocr_carea' id='block_1_11' title="bbox 0 0 1300 3902">
    <p class='ocr_par' dir='ltr' id='par_1_14' title="bbox 0 0 1300 3902">
     <span class='ocr_line' id='line_1_35' title="bbox 0 0 1300 3902; baseline 0 5"><span class='ocrx_word' id='word_1_252' title='bbox 0 0 1300 3902; x_wconf 95' lang='lat' dir='ltr'><strong> </strong></span> 
     </span>
    </p>
   </div>
  </div>
 </body>
</html>
