2570 3904
395 183 831 240 4.c.cASSIUSLONG1NUS
1075 185 1117 248 47

195 349 250 413 41.
273 347 314 412 u.
326 348 377 428 19,
387 350 417 433 a,
427 348 478 414 aa.
519 348 663 412 Iulianus
687 349 771 414 uum
795 353 911 434 quara
931 370 970 413 ex
988 347 1120 414 umero
1244 311 1246 328 ²

108 434 156 523 (P.
176 435 267 522 865).
295 475 339 486 -
367 435 429 512 Qui
460 437 595 502 fundum
624 437 790 503 colendum
818 437 852 501 in
879 437 989 522 plures
1017 458 1120 503 annos

107 527 285 609 locaverat,
318 525 454 592 decessit
482 531 516 591 et
543 548 614 590 eum
642 525 779 590 fundum
805 526 936 611 legavit.
986 522 1119 592 Cassius

107 616 242 699 negavit
269 636 365 697 posse
393 614 466 698 cogi
489 615 653 697 colonum,
680 618 717 679 ut
740 637 813 679 eum
836 615 970 680 fundum
994 615 1120 699 coleret,

109 705 183 788 quia
210 701 294 767 nihil
321 704 448 768 heredis
476 703 657 769 interesset
704 703 789 788 quod
813 704 841 767 si
864 705 997 770 colonus
1019 703 1120 768 vellet
1250 745 1253 786 ,

109 794 213 858 colere
234 798 268 856 et
286 792 327 857 ab
347 813 394 878 eo,
417 792 467 857 cui
487 793 613 877 legatus
633 795 718 857 esset
736 792 863 875 fundus,
883 793 1119 877 prohiberetur,
1251 787 1254 868 'ss

109 903 178 946 cum
206 880 325 946 herede
353 881 515 946 actionem
543 882 691 946 colonum
718 880 850 962 habere,
878 885 911 944 et
937 881 998 946 hoc
1022 881 1120 946 detri-
1253 915 1255 926 =

109 973 253 1034 mentum
287 969 326 1034 ad
358 969 508 1035 heredem
541 970 716 1054 pertinere,
750 968 846 1034 sicuti
878 971 905 1033 si
938 971 1010 1053 quis
1042 992 1120 1057 rem,

110 1081 205 1143 quam
243 1057 441 1124 vendidisset
471 1057 606 1124 necdum
638 1058 838 1143 tradidisset,
878 1057 935 1122 alii
968 1059 1119 1144 legasset,

107 1147 200 1215 heres
225 1148 293 1211 eius
317 1147 455 1232 emptori
478 1153 510 1212 et
533 1147 691 1233 legatario
715 1152 800 1211 esset
823 1146 997 1233 obligatus.

430 1331 478 1389 Dc
498 1331 672 1389 habitatione
694 1331 796 1406 leuata.

195 1451 250 1516 42.
278 1449 317 1514 D.
339 1450 391 1532 34,
412 1449 442 1533 3,
465 1451 515 1514 18.
570 1448 688 1514 Paulus
720 1449 803 1514 libro
835 1471 921 1515 nono
955 1450 995 1513 ad
1025 1448 1119 1515 Plau·

108 1539 187 1605 tium
212 1537 261 1624 (P
283 1535 392 1625 1172).
427 1575 467 1604 —.
503 1535 635 1603 Cassius
664 1537 858 1604 ‚Etiamsi
885 1538 1047 1604 habitatio
1080 1561 1119 1604 eo

109 1626 165 1715 (sc.
190 1624 332 1714 sinendi)
368 1628 464 1693 modo
492 1628 603 1712 legata
636 1632 720 1691 esset
754 1624 800 1712 (ei
831 1627 886 1712 qui
918 1627 1053 1692 fundum
1086 1628 1119 1692 in

16 1779 17 1788 ,
110 1717 362 1802 quinquennium
404 1712 628 1802 conduxerat),
669 1718 848 1801 gratuitam
884 1716 1118 1782 habitationem

107 1805 200 1870 heres
227 1809 393 1890 praestare
421 1804 560 1870 deberet.
607 1806 654 1886 [et
680 1809 847 1887 praeterea
874 1804 996 1888 placuit
1023 1827 1117 1890 agere

107 1916 204 1980 posse
227 1894 378 1960 colonum
401 1915 472 1958 eum
491 1893 608 1958 herede
627 1915 666 1956 ex
684 1898 887 1977 testamento,
910 1899 947 1958 ut
965 1895 1120 1960 liberetur

109 1984 337 2068 conductione,
360 1983 445 2068 quod
468 1982 647 2047 rectissime
670 1981 809 2064 dicitur}

198 2103 387 2180 Quamquam
400 2103 603 2179 fragmentum
618 2101 825 2162 aTriboniano
840 2103 1008 2164 confectum
1021 2107 1120 2165 totum

108 2191 434 2341 dxlloesllfflbffimr'
466 2194 568 2250 tamen
599 2193 695 2250 altera
726 2210 795 2268 pars
823 2192 910 2251 Pauli
942 2193 1043 2268 potius
1075 2193 1118 2253 vi·

467 2371 517 2437 De
535 2373 633 2453 fundo
657 2373 760 2456 apua.

195 2498 248 2563 43.
273 2495 312 2562 D.
328 2497 380 2580 35,
395 2497 424 2579 2,
437 2497 480 2561 49
490 2520 538 2581 pr.
582 2495 672 2563 Idem
698 2495 756 2584 (se.
776 2493 910 2583 Paulus)
932 2497 1017 2563 libro
1041 2498 1118 2563 duo·

107 2587 231 2652 decimo
261 2586 301 2650 ad
329 2586 492 2650 Plautium
521 2584 569 2672 (P.
591 2583 700 2672 1188).
728 2623 770 2632 —
799 2586 944 2650 Plautius
972 2635 980 2650 .
1009 2584 1118 2669 Serve,

108 2696 202 2759 quem
221 2673 284 2739 tibi
302 2675 496 2758 legaveram,
513 2674 648 2739 fundum
668 2674 784 2759 legavi.
820 2674 996 2738 Atilicinus
1010 2673 1041 2738 N
1044 2695 1119 2738 arva

108 2761 246 2828 Sabinus
282 2765 423 2848 primum
459 2765 493 2828 in
528 2785 620 2828 servo
652 2765 810 2827 rationem
842 2761 924 2847 legis
957 2761 1118 2828 Falcidiae

107 2852 290 2917 habendam
314 2856 346 2916 et
370 2856 469 2938 quota
491 2875 565 2937 pars
588 2874 626 2917 ex
646 2874 684 2918 eo
703 2850 878 2934 decederet,
902 2855 1118 2936 campartem

107 2942 140 3006 in
168 2941 269 3006 fundo
298 2941 406 3025 legato
434 2942 581 3006 inutilem
604 2941 761 3024 futuram,
789 2939 901 3005 deinde
925 2962 964 3005 ex
986 2940 1117 3026 reliquis

107 3030 256 3114 partibus
282 3029 374 3094 fundi
401 3030 484 3116 legis
507 3029 668 3095 Falcidiae
695 3028 879 3114 portionem
907 3029 1118 3110 decessurum,

109 3119 191 3183 sicut
220 3141 259 3183 ex
287 3118 437 3183 omnibus
465 3119 590 3204 legatis.
637 3117 781 3200 Cassius,
809 3118 894 3204 quod
923 3141 1014 3184 servo
1041 3142 1118 3203 pars

108 3207 179 3292 lege
198 3206 341 3273 Falcidia
360 3207 503 3293 decedat,
520 3207 659 3291 incipere
680 3229 806 3271 servum
825 3207 895 3271 fieri
914 3229 1117 3273 communem

107 3295 235 3361 heredis
254 3299 288 3360 et
301 3297 460 3382 legatarii,
478 3297 641 3362 communi
657 3301 764 3361 autem
780 3318 871 3361 servo
887 3318 959 3360 cum
974 3296 1117 3379 legatum

109 3385 160 3469 sit,
174 3389 279 3451 totum
294 3386 453 3469 pertinere
466 3385 504 3450 ad
517 3387 648 3470 socium,
663 3386 738 3470 quia
747 3385 781 3448 in
791 3405 829 3448 ea
839 3405 976 3468 persona
987 3379 1117 3464 <s01a>1

178 3565 193 3612 1
214 3558 262 3618 m.
279 3559 310 3614 in
328 3577 390 3616 eam
408 3573 564 3630 perronam.

1249 679 1252 740 l
