2596 3902
153 156 196 220 90
223 156 269 212 111.
285 157 360 212 ean
375 157 522 214 CLAUDII
536 159 671 216 NERON.
684 161 828 216 annana
838 162 944 220 TEMP.
954 164 1051 220 IURIS
1061 165 1163 222 CONS.

483 345 591 404 Liber
613 345 832 406 xv-XXIV?

478 453 522 508 De
539 454 701 508 recreatores
719 455 833 510 activae.

240 553 291 617 24.
316 552 355 617 Ι).
371 553 422 634 14,
438 555 467 630 1,
478 555 506 636 1,
517 554 545 618 9.
580 553 738 637 Ulpianus
752 555 837 619 libro
853 554 1030 622 vicensimo
1046 560 1163 623 octavo

151 643 192 707 ad
219 642 358 707 edictum
383 639 432 727 (P.
452 643 541 724 816).
563 677 608 688 —-
631 644 813 728 ..quaerit
836 642 966 727 Ofilius,
993 646 1021 709 si
1051 647 1091 710 ad
1114 669 1164 712 re·

150 732 318 796 ficiendam
341 752 456 795 navem
480 735 646 796 mutuatus
670 753 820 796 nummos
840 732 874 796 in
894 754 969 797 euos
989 756 1065 798 usus
1085 755 1160 800 con·

150 821 282 885 verterit
305 815 362 906 (sc.
386 816 572 907 magister),
595 842 636 884 an
660 821 692 883 in
717 821 926 884 exercitorem
948 822 1041 886 detur
1063 823 1160 888 actio.

150 913 182 973 et
206 908 261 993 ait,
284 907 312 972 si
334 909 395 972 hac
412 909 484 991 lege
504 910 627 993 accepit
646 909 738 992 quasi
755 909 789 973 in
808 931 924 974 navem
942 910 1160 994 impensurus,

150 1020 225 1063 mox
248 996 387 1062 mutavit
408 998 623 1080 voluntatem,
647 997 750 1062 teneri
776 998 983 1064 exercitorem
1009 999 1164 1085 [imputa-

151 1092 259 1151 turum
280 1086 352 1168 sibi,
378 1086 550 1151 curtalem
569 1086 822 1170 praeposuerit];
846 1087 978 1170 quodsi
1002 1088 1042 1153 ab
1066 1090 1162 1154 initio

150 1175 320 1240 consilium
341 1176 427 1260 cepit
444 1173 617 1238 fraudandi
635 1174 801 1240 creditoris
828 1177 874 1256 [et
896 1176 958 1241 hoc
975 1178 1163 1260 specialiter

148 1286 214 1329 non
234 1265 434 1348 expresserit,
458 1262 543 1346 quod
563 1264 602 1327 ad
621 1263 713 1328 navis
733 1285 863 1328 causam
882 1264 1022 1350 accipit],
1046 1270 1163 1333 contra

151 1375 235 1437 esse,
259 1375 355 1436 quam
379 1351 621 1416 distinctionem
644 1352 761 1416 Pedius
784 1353 912 1436 probat.

235 1473 333 1532 Eisele
357 1473 388 1532 Z.
413 1473 440 1531 (1.
464 1471 590 1532 San-St.
612 1469 724 1550 XVIII,
749 1475 799 1534 20.

484 1633 527 1688 De
544 1634 694 1689 batatoria
712 1635 826 1690 actione.

236 1735 288 1799 25.
312 1734 507 1818 D.14,4,1,
524 1735 552 1798 1.
588 1733 748 1818 Ulpianus
771 1734 855 1798 libro
878 1735 1051 1800 vicensimo
1071 1757 1159 1801 nono

147 1822 187 1886 ad
215 1822 354 1887 edictum
382 1821 432 1909 (P.
451 1819 540 1911 836).
568 1859 610 1868 -
639 1823 730 1887 Licet
756 1822 871 1888 mercis
900 1823 1076 1908 appellatio
1105 1847 1160 1889 an·

148 1912 275 1996 gustior
294 1912 345 1995 sit,
363 1916 400 1975 ut
417 1933 521 1996 neque
541 1912 579 1974 ad
600 1933 709 1976 servos
723 1912 861 1976 fullones
876 1913 926 1976 vel
942 1912 1159 1979 sarcinatores

148 2000 199 2063 vel
223 2004 364 2064 textores
388 2000 438 2064 vel
462 2000 685 2065 venaliciarios
708 2001 882 2085 pertineat,
910 2006 1018 2065 tamen
1041 2001 1158 2067 Pedius

147 2087 231 2153 libro
264 2089 377 2172 quinto
410 2088 530 2154 decimo
564 2087 678 2153 scribit
711 2089 751 2154 ad
782 2110 891 2153 omnes
919 2089 1158 2175 negotiationes

146 2176 376 2260 porrigendum
399 2178 547 2243 edictum.

235 2266 287 2330 26.
311 2264 349 2330 D.
366 2267 416 2348 14,
430 2267 460 2346 4,
476 2268 504 2345 7,
521 2268 549 2333 1.
584 2265 744 2350 Ulpianus
767 2266 851 2330 libro
873 2265 1049 2331 vicensimo
1068 2288 1156 2333 nono

147 2355 186 2418 ad
215 2353 354 2418 edictum
379 2352 427 2440 (P.
447 2353 535 2440 845).
559 2391 603 2402 -
626 2354 709 2431 Quid
731 2356 807 2420 ..si
836 2354 983 2419 dominus
1011 2355 1157 2420 tribuere

145 2443 228 2508 nolit
255 2464 314 2508 nec
340 2441 423 2508 hanc
451 2445 632 2508 molestiam
661 2444 836 2528 suscipere,
866 2443 920 2507 sed
948 2444 1075 2526 peculio
1103 2445 1155 2510 vel

145 2532 302 2597 mercibus
335 2532 446 2596 cedere
479 2538 610 2617 paratus
641 2532 705 2597 sit?
757 2532 871 2596 Pedius
900 2532 999 2596 refert
1027 2533 1156 2598 audien·

147 2622 223 2686 dum
246 2644 328 2686 eum.

565 2708 609 2762 Dc
622 2709 738 2777 peculio.

233 2809 285 2872 27.
309 2807 348 2874 D.
364 2807 415 2889 15,
431 2810 459 2890 1,
473 2809 503 2886 3,
517 2808 547 2872 3.
588 2806 748 2891 Ulpianus
768 2809 853 2874 libro
872 2808 1046 2873 vicensimo
1066 2829 1154 2873 nono

146 2895 185 2958 ad
223 2896 362 2960 edictum
396 2894 445 2979 (Ρ.
470 2893 575 2982 8502).
609 2931 648 2943 -
682 2895 799 2962 Pedius
836 2896 934 2961 etiam
971 2897 1153 2980 impuberes

145 2982 292 3047 dominos
321 2984 359 3048 de
382 2985 506 3068 peculio
531 2983 670 3068 obligari
694 2984 753 3068 aa,
779 3006 843 3049 non
868 2985 954 3048 enim
978 3006 1049 3049 cnm
1073 2985 1153 3068 ipsis

143 3071 364 3154 impuberibus
380 3072 590 3154 contrahitur,
604 3076 641 3137 ut
654 3071 772 3136 tutoris
783 3073 1009 3138 auctoritatem
1020 3079 1154 3158 spectes.

143 3159 228 3224 idem
257 3159 355 3225 adicit
382 3161 542 3244 pupillum
567 3181 633 3225 uon
656 3182 752 3244 posse
777 3182 869 3226 servo
891 3163 1054 3247 peculium
1077 3184 1153 3229 ecn-

145 3248 277 3314 stituere
301 3271 360 3314 nec
383 3249 501 3315 tutoris
526 3248 666 3314 auctorit
687 3252 727 3313 te.

232 3339 284 3403 28.
306 3336 346 3403 D.
363 3338 413 3416 15,
429 3340 457 3420 1,
473 3340 501 3416 7,
517 3339 546 3403 3.
587 3335 746 3421 Ulpianus
770 3338 853 3404 libro
873 3337 1047 3405 vicensimo
1066 3362 1152 3406 nono

144 3426 184 3490 ad
208 3425 347 3491 edictum
370 3425 419 3515 (P.
435 3425 539 3514 852³).
560 3463 598 3474 -
618 3425 783 3511 Pupillum
798 3477 805 3492 .
821 3478 827 3492 .
843 3433 911 3493 tam
934 3428 1036 3493 filium
1055 3450 1153 3513 quam

144 3536 269 3580 servum
302 3517 463 3600 peculium
495 3518 615 3582 habere
647 3538 742 3600 posse
776 3516 891 3582 Pedius
923 3518 1007 3581 libro
1040 3518 1152 3601 quinto
