<?xml version="1.0" encoding="UTF-8"?>
<!DOCTYPE html PUBLIC "-//W3C//DTD XHTML 1.0 Transitional//EN"
    "http://www.w3.org/TR/xhtml1/DTD/xhtml1-transitional.dtd">
<html xmlns="http://www.w3.org/1999/xhtml" xml:lang="en" lang="en">
 <head>
  <title>
</title>
<meta http-equiv="Content-Type" content="text/html;charset=utf-8" />
  <meta name='ocr-system' content='tesseract 3.04.00' />
  <meta name='ocr-capabilities' content='ocr_page ocr_carea ocr_par ocr_line ocrx_word'/>
</head>
<body>
  <div class='ocr_page' id='page_1' title='image "./iurisprudentiae03bremgoog_0109.png"; bbox 0 0 2596 3902; ppageno 0'>
   <div class='ocr_carea' id='block_1_1' title="bbox 380 207 1102 270">
    <p class='ocr_par' dir='ltr' id='par_1_1' title="bbox 380 207 1102 270">
     <span class='ocr_line' id='line_1_1' title="bbox 380 207 1102 270; baseline 0.011 -8"><span class='ocrx_word' id='word_1_1' title='bbox 380 215 404 262; x_wconf 80' lang='lat'>4.</span> <span class='ocrx_word' id='word_1_2' title='bbox 425 209 453 263; x_wconf 89' lang='lat' dir='ltr'>C.</span> <span class='ocrx_word' id='word_1_3' title='bbox 469 207 613 263; x_wconf 79' lang='lat' dir='ltr'>CASSIUS</span> <span class='ocrx_word' id='word_1_4' title='bbox 631 207 816 264; x_wconf 84' lang='lat' dir='ltr'>LONGINUS</span> <span class='ocrx_word' id='word_1_5' title='bbox 1064 209 1102 270; x_wconf 90' lang='lat'>77</span> 
     </span>
    </p>
   </div>
   <div class='ocr_carea' id='block_1_2' title="bbox 27 351 1109 1606">
    <p class='ocr_par' dir='ltr' id='par_1_2' title="bbox 27 351 1107 634">
     <span class='ocr_line' id='line_1_2' title="bbox 27 351 1107 456; baseline 0.001 -19"><span class='ocrx_word' id='word_1_6' title='bbox 27 351 28 368; x_wconf 12' lang='grc' dir='ltr'>χ</span> <span class='ocrx_word' id='word_1_7' title='bbox 99 370 225 437; x_wconf 75' lang='lat' dir='ltr'>Cassius</span> <span class='ocrx_word' id='word_1_8' title='bbox 253 371 368 436; x_wconf 78' lang='lat' dir='ltr'>scribit</span> <span class='ocrx_word' id='word_1_9' title='bbox 392 370 485 452; x_wconf 90' lang='lat' dir='ltr'>idque</span> <span class='ocrx_word' id='word_1_10' title='bbox 512 371 563 435; x_wconf 89' lang='lat' dir='ltr'>ius</span> <span class='ocrx_word' id='word_1_11' title='bbox 586 375 703 436; x_wconf 85' lang='lat' dir='ltr'>nalura</span> <span class='ocrx_word' id='word_1_12' title='bbox 726 377 938 456; x_wconf 84' lang='lat' dir='ltr'>eomparalur.</span> <span class='ocrx_word' id='word_1_13' title='bbox 976 379 1107 455; x_wconf 79' lang='lat' dir='ltr'>apparet</span> 
     </span>
     <span class='ocr_line' id='line_1_3' title="bbox 98 459 1106 544; baseline 0.002 -18"><span class='ocrx_word' id='word_1_14' title='bbox 98 467 206 543; x_wconf 62' lang='lat' dir='ltr'>auum,</span> <span class='ocrx_word' id='word_1_15' title='bbox 233 461 355 544; x_wconf 84' lang='lat' dir='ltr'>inquil,</span> <span class='ocrx_word' id='word_1_16' title='bbox 384 479 421 524; x_wconf 78' lang='lat' dir='ltr'>eu</span> <span class='ocrx_word' id='word_1_17' title='bbox 447 480 480 524; x_wconf 85' lang='lat' dir='ltr'>eo</span> <span class='ocrx_word' id='word_1_18' title='bbox 507 459 665 543; x_wconf 75' lang='lat' dir='ltr'>&lt;quodie</span> <span class='ocrx_word' id='word_1_19' title='bbox 688 461 847 525; x_wconf 73' lang='lat' dir='ltr'>interdicto</span> <span class='ocrx_word' id='word_1_20' title='bbox 869 463 905 526; x_wconf 80' lang='lat' dir='ltr'>cle</span> <span class='ocrx_word' id='word_1_21' title='bbox 927 462 959 526; x_wconf 79' lang='lat' dir='ltr'>vi</span> <span class='ocrx_word' id='word_1_22' title='bbox 981 467 1106 528; x_wconf 73' lang='lat' dir='ltr'>armatu</span> 
     </span>
     <span class='ocr_line' id='line_1_4' title="bbox 98 549 896 634; baseline 0.001 -21"><span class='ocrx_word' id='word_1_23' title='bbox 98 555 241 633; x_wconf 75' lang='lat' dir='ltr'>receptum</span> <span class='ocrx_word' id='word_1_24' title='bbox 266 549 344 631; x_wconf 63' lang='lat' dir='ltr'>est&gt;</span> <span class='ocrx_word' id='word_1_25' title='bbox 366 569 457 634; x_wconf 82' lang='lat' dir='ltr'>ormo</span> <span class='ocrx_word' id='word_1_26' title='bbox 479 549 578 614; x_wconf 78' lang='lat' dir='ltr'>armis</span> <span class='ocrx_word' id='word_1_27' title='bbox 599 549 739 630; x_wconf 78' lang='lat' dir='ltr'>repellere</span> <span class='ocrx_word' id='word_1_28' title='bbox 763 549 857 614; x_wconf 79' lang='lat' dir='ltr'>licere.</span> <span class='ocrx_word' id='word_1_29' title='bbox 894 565 896 572; x_wconf 85' lang='lat'>&#39;</span> 
     </span>
    </p>

    <p class='ocr_par' dir='ltr' id='par_1_3' title="bbox 98 635 1107 1076">
     <span class='ocr_line' id='line_1_5' title="bbox 182 635 1105 724; baseline 0.001 -21"><span class='ocrx_word' id='word_1_30' title='bbox 182 639 236 703; x_wconf 94' lang='grc'>22.</span> <span class='ocrx_word' id='word_1_31' title='bbox 266 637 306 702; x_wconf 87' lang='grc' dir='ltr'>Ι).</span> <span class='ocrx_word' id='word_1_32' title='bbox 319 637 372 719; x_wconf 87' lang='grc'>41,</span> <span class='ocrx_word' id='word_1_33' title='bbox 387 639 417 721; x_wconf 83' lang='grc'>3,</span> <span class='ocrx_word' id='word_1_34' title='bbox 430 638 460 719; x_wconf 87' lang='grc'>4,</span> <span class='ocrx_word' id='word_1_35' title='bbox 475 635 527 702; x_wconf 90' lang='grc'>25.</span> <span class='ocrx_word' id='word_1_36' title='bbox 572 637 693 702; x_wconf 86' lang='lat' dir='ltr'>Paulus</span> <span class='ocrx_word' id='word_1_37' title='bbox 716 639 797 701; x_wconf 91' lang='lat' dir='ltr'>libro</span> <span class='ocrx_word' id='word_1_38' title='bbox 820 639 1105 724; x_wconf 81' lang='lat' dir='ltr'>quinquagensimo</span> 
     </span>
     <span class='ocr_line' id='line_1_6' title="bbox 98 723 1106 814; baseline -0.001 -21"><span class='ocrx_word' id='word_1_39' title='bbox 98 736 209 812; x_wconf 69' lang='lat' dir='ltr'>&#39;quarto</span> <span class='ocrx_word' id='word_1_40' title='bbox 245 726 284 790; x_wconf 88' lang='lat' dir='ltr'>ad</span> <span class='ocrx_word' id='word_1_41' title='bbox 318 726 457 790; x_wconf 79' lang='lat' dir='ltr'>edietum</span> <span class='ocrx_word' id='word_1_42' title='bbox 490 723 539 814; x_wconf 89' lang='lat' dir='ltr'>(P.</span> <span class='ocrx_word' id='word_1_43' title='bbox 561 726 661 810; x_wconf 74' lang='lat'>6740).</span> <span class='ocrx_word' id='word_1_44' title='bbox 695 763 736 772; x_wconf 87' lang='lat'>-</span> <span class='ocrx_word' id='word_1_45' title='bbox 770 725 804 790; x_wconf 82' lang='lat' dir='ltr'>si</span> <span class='ocrx_word' id='word_1_46' title='bbox 836 727 983 793; x_wconf 89' lang='lat' dir='ltr'>dominus</span> <span class='ocrx_word' id='word_1_47' title='bbox 1015 729 1106 794; x_wconf 90' lang='lat' dir='ltr'>fundi</span> 
     </span>
     <span class='ocr_line' id='line_1_7' title="bbox 99 813 1107 900; baseline 0.002 -20"><span class='ocrx_word' id='word_1_48' title='bbox 99 837 313 900; x_wconf 86' lang='lat' dir='ltr'>possessorem</span> <span class='ocrx_word' id='word_1_49' title='bbox 346 815 379 880; x_wconf 78' lang='lat' dir='ltr'>ui</span> <span class='ocrx_word' id='word_1_50' title='bbox 411 816 574 899; x_wconf 76' lang='lat' dir='ltr'>deiecerit,</span> <span class='ocrx_word' id='word_1_51' title='bbox 606 813 738 879; x_wconf 83' lang='lat' dir='ltr'>Cassius</span> <span class='ocrx_word' id='word_1_52' title='bbox 771 817 817 878; x_wconf 84' lang='lat' dir='ltr'>all</span> <span class='ocrx_word' id='word_1_53' title='bbox 848 838 912 879; x_wconf 93' lang='lat' dir='ltr'>non</span> <span class='ocrx_word' id='word_1_54' title='bbox 945 817 1046 882; x_wconf 89' lang='lat' dir='ltr'>videri</span> <span class='ocrx_word' id='word_1_55' title='bbox 1073 819 1107 882; x_wconf 93' lang='lat' dir='ltr'>in</span> 
     </span>
     <span class='ocr_line' id='line_1_8' title="bbox 100 903 1106 989; baseline 0.001 -19"><span class='ocrx_word' id='word_1_56' title='bbox 100 910 292 989; x_wconf 75' lang='lat' dir='ltr'>potestatem</span> <span class='ocrx_word' id='word_1_57' title='bbox 315 904 383 968; x_wconf 89' lang='lat' dir='ltr'>eius</span> <span class='ocrx_word' id='word_1_58' title='bbox 406 904 535 987; x_wconf 84' lang='lat' dir='ltr'>redisse,</span> <span class='ocrx_word' id='word_1_59' title='bbox 558 903 686 988; x_wconf 88' lang='lat' dir='ltr'>quando</span> <span class='ocrx_word' id='word_1_60' title='bbox 709 904 879 969; x_wconf 75' lang='lat' dir='ltr'>interdicto</span> <span class='ocrx_word' id='word_1_61' title='bbox 902 906 985 969; x_wconf 85' lang='lat' dir='ltr'>unde</span> <span class='ocrx_word' id='word_1_62' title='bbox 1003 908 1039 970; x_wconf 81' lang='lat' dir='ltr'>&#39;vi</span> <span class='ocrx_word' id='word_1_63' title='bbox 1057 929 1106 971; x_wconf 86' lang='lat' dir='ltr'>re·</span> 
     </span>
     <span class='ocr_line' id='line_1_9' title="bbox 101 993 729 1076; baseline -0.003 -18"><span class='ocrx_word' id='word_1_64' title='bbox 101 996 270 1059; x_wconf 80' lang='lat' dir='ltr'>stilulurus</span> <span class='ocrx_word' id='word_1_65' title='bbox 295 993 336 1057; x_wconf 82' lang='lat' dir='ltr'>sil</span> <span class='ocrx_word' id='word_1_66' title='bbox 359 994 604 1076; x_wconf 90' lang='lat' dir='ltr'>possessionem.</span> <span class='ocrx_word' id='word_1_67' title='bbox 727 1069 729 1076; x_wconf 27' lang='grc' dir='ltr'>Ι</span> 
     </span>
    </p>

    <p class='ocr_par' dir='ltr' id='par_1_4' title="bbox 100 1080 1109 1503">
     <span class='ocr_line' id='line_1_10' title="bbox 183 1080 1107 1166; baseline -0.001 -18"><span class='ocrx_word' id='word_1_68' title='bbox 183 1083 237 1148; x_wconf 85' lang='grc'>23.</span> <span class='ocrx_word' id='word_1_69' title='bbox 265 1081 303 1146; x_wconf 87' lang='grc' dir='ltr'>Ι).</span> <span class='ocrx_word' id='word_1_70' title='bbox 318 1083 432 1166; x_wconf 87' lang='grc'>43,24,</span> <span class='ocrx_word' id='word_1_71' title='bbox 442 1083 472 1160; x_wconf 85' lang='grc'>3,</span> <span class='ocrx_word' id='word_1_72' title='bbox 483 1083 512 1146; x_wconf 79' lang='grc' dir='ltr'>Ἰ.</span> <span class='ocrx_word' id='word_1_73' title='bbox 558 1081 714 1164; x_wconf 86' lang='lat' dir='ltr'>Ulpianus</span> <span class='ocrx_word' id='word_1_74' title='bbox 738 1080 822 1145; x_wconf 92' lang='lat' dir='ltr'>libro</span> <span class='ocrx_word' id='word_1_75' title='bbox 847 1084 1107 1165; x_wconf 77' lang='lat' dir='ltr'>septuagensimo</span> 
     </span>
     <span class='ocr_line' id='line_1_11' title="bbox 100 1168 1109 1257; baseline -0.001 -22"><span class='ocrx_word' id='word_1_76' title='bbox 100 1173 201 1255; x_wconf 91' lang='lat' dir='ltr'>primo</span> <span class='ocrx_word' id='word_1_77' title='bbox 230 1171 271 1236; x_wconf 89' lang='lat' dir='ltr'>ad</span> <span class='ocrx_word' id='word_1_78' title='bbox 300 1170 438 1235; x_wconf 77' lang='lat' dir='ltr'>edietum</span> <span class='ocrx_word' id='word_1_79' title='bbox 463 1168 512 1257; x_wconf 90' lang='lat' dir='ltr'>(P.</span> <span class='ocrx_word' id='word_1_80' title='bbox 535 1168 659 1256; x_wconf 70' lang='lat' dir='ltr'><strong>1592b).</strong></span> <span class='ocrx_word' id='word_1_81' title='bbox 687 1207 729 1216; x_wconf 94' lang='lat'>—</span> <span class='ocrx_word' id='word_1_82' title='bbox 759 1168 851 1234; x_wconf 89' lang='lat' dir='ltr'>Clam</span> <span class='ocrx_word' id='word_1_83' title='bbox 879 1170 984 1234; x_wconf 85' lang='lat' dir='ltr'>faeere</span> <span class='ocrx_word' id='word_1_84' title='bbox 1007 1171 1109 1236; x_wconf 86' lang='lat' dir='ltr'>videri</span> 
     </span>
     <span class='ocr_line' id='line_1_12' title="bbox 102 1258 1108 1343; baseline -0.001 -19"><span class='ocrx_word' id='word_1_85' title='bbox 102 1258 228 1325; x_wconf 76' lang='lat' dir='ltr'>Cassius</span> <span class='ocrx_word' id='word_1_86' title='bbox 253 1260 366 1324; x_wconf 75' lang='lat' dir='ltr'>scribit</span> <span class='ocrx_word' id='word_1_87' title='bbox 390 1281 462 1324; x_wconf 87' lang='lat' dir='ltr'>eum</span> <span class='ocrx_word' id='word_1_88' title='bbox 476 1261 541 1342; x_wconf 24' lang='lat' dir='ltr'>&#39;qui</span> <span class='ocrx_word' id='word_1_89' title='bbox 564 1260 678 1323; x_wconf 77' lang='lat' dir='ltr'>celavit</span> <span class='ocrx_word' id='word_1_90' title='bbox 706 1259 924 1324; x_wconf 84' lang='lat' dir='ltr'>adversarium</span> <span class='ocrx_word' id='word_1_91' title='bbox 953 1281 1055 1343; x_wconf 90' lang='lat' dir='ltr'>neque</span> <span class='ocrx_word' id='word_1_92' title='bbox 1079 1260 1108 1323; x_wconf 91' lang='lat' dir='ltr'>ei</span> 
     </span>
     <span class='ocr_line' id='line_1_13' title="bbox 101 1348 1109 1431; baseline -0.001 -18"><span class='ocrx_word' id='word_1_93' title='bbox 101 1348 314 1431; x_wconf 79' lang='lat' dir='ltr'>denuntiavit,</span> <span class='ocrx_word' id='word_1_94' title='bbox 346 1349 374 1412; x_wconf 90' lang='lat' dir='ltr'>si</span> <span class='ocrx_word' id='word_1_95' title='bbox 406 1348 502 1414; x_wconf 88' lang='lat' dir='ltr'>modo</span> <span class='ocrx_word' id='word_1_96' title='bbox 534 1348 644 1413; x_wconf 75' lang='lat' dir='ltr'>timuit</span> <span class='ocrx_word' id='word_1_97' title='bbox 673 1348 741 1412; x_wconf 88' lang='lat' dir='ltr'>eius</span> <span class='ocrx_word' id='word_1_98' title='bbox 769 1348 1023 1413; x_wconf 74' lang='lat' dir='ltr'>controversiam</span> <span class='ocrx_word' id='word_1_99' title='bbox 1052 1354 1109 1413; x_wconf 79' lang='lat' dir='ltr'>aul</span> 
     </span>
     <span class='ocr_line' id='line_1_14' title="bbox 101 1437 354 1503; baseline -0.004 0"><span class='ocrx_word' id='word_1_100' title='bbox 101 1437 207 1503; x_wconf 78' lang='lat' dir='ltr'>debuit</span> <span class='ocrx_word' id='word_1_101' title='bbox 229 1437 354 1502; x_wconf 71' lang='lat' dir='ltr'>timere.</span> 
     </span>
    </p>

    <p class='ocr_par' dir='ltr' id='par_1_5' title="bbox 442 1524 766 1606">
     <span class='ocr_line' id='line_1_15' title="bbox 442 1524 766 1606; baseline 0 -16"><span class='ocrx_word' id='word_1_102' title='bbox 442 1531 524 1606; x_wconf 72' lang='lat' dir='ltr'>Quod</span> <span class='ocrx_word' id='word_1_103' title='bbox 545 1532 575 1588; x_wconf 77' lang='lat' dir='ltr'>ul</span> <span class='ocrx_word' id='word_1_104' title='bbox 598 1536 650 1590; x_wconf 78' lang='lat' dir='ltr'>aut</span> <span class='ocrx_word' id='word_1_105' title='bbox 671 1524 766 1591; x_wconf 80' lang='lat' dir='ltr'>olom?</span> 
     </span>
    </p>
   </div>
   <div class='ocr_carea' id='block_1_3' title="bbox 98 1638 1112 2614">
    <p class='ocr_par' dir='ltr' id='par_1_6' title="bbox 98 1638 1112 2614">
     <span class='ocr_line' id='line_1_16' title="bbox 186 1638 1110 1723; baseline -0.004 -16"><span class='ocrx_word' id='word_1_106' title='bbox 186 1647 263 1707; x_wconf 89' lang='lat' dir='ltr'>Cum</span> <span class='ocrx_word' id='word_1_107' title='bbox 281 1646 403 1723; x_wconf 89' lang='lat' dir='ltr'>Ulpiani</span> <span class='ocrx_word' id='word_1_108' title='bbox 425 1646 526 1706; x_wconf 86' lang='lat' dir='ltr'>verbis</span> <span class='ocrx_word' id='word_1_109' title='bbox 544 1645 581 1704; x_wconf 94' lang='lat' dir='ltr'>D.</span> <span class='ocrx_word' id='word_1_110' title='bbox 591 1648 643 1723; x_wconf 84' lang='lat'>43,</span> <span class='ocrx_word' id='word_1_111' title='bbox 659 1648 710 1722; x_wconf 88' lang='grc'>24,</span> <span class='ocrx_word' id='word_1_112' title='bbox 723 1650 772 1723; x_wconf 87' lang='lat'>11,</span> <span class='ocrx_word' id='word_1_113' title='bbox 789 1649 806 1705; x_wconf 83' lang='lat'><strong>6</strong></span> <span class='ocrx_word' id='word_1_114' title='bbox 832 1638 877 1706; x_wconf 76' lang='lat' dir='ltr'>‘Si</span> <span class='ocrx_word' id='word_1_115' title='bbox 897 1646 1007 1706; x_wconf 78' lang='lat' dir='ltr'>tutoris</span> <span class='ocrx_word' id='word_1_116' title='bbox 1025 1645 1110 1704; x_wconf 87' lang='lat' dir='ltr'>iussu</span> 
     </span>
     <span class='ocr_line' id='line_1_17' title="bbox 101 1727 1109 1816; baseline -0.002 -20"><span class='ocrx_word' id='word_1_117' title='bbox 101 1740 150 1796; x_wconf 80' lang='lat' dir='ltr'>aul</span> <span class='ocrx_word' id='word_1_118' title='bbox 176 1736 324 1796; x_wconf 73' lang='lat' dir='ltr'>curatoris</span> <span class='ocrx_word' id='word_1_119' title='bbox 351 1735 467 1795; x_wconf 79' lang='lat' dir='ltr'>faulum</span> <span class='ocrx_word' id='word_1_120' title='bbox 495 1737 535 1793; x_wconf 83' lang='lat' dir='ltr'>sil</span> <span class='ocrx_word' id='word_1_121' title='bbox 557 1727 611 1816; x_wconf 89' lang='lat' dir='ltr'>(so.</span> <span class='ocrx_word' id='word_1_122' title='bbox 629 1735 660 1794; x_wconf 81' lang='lat' dir='ltr'>vi</span> <span class='ocrx_word' id='word_1_123' title='bbox 684 1727 866 1816; x_wconf 76' lang='lat' dir='ltr'>aulolum),</span> <span class='ocrx_word' id='word_1_124' title='bbox 894 1753 960 1794; x_wconf 88' lang='lat' dir='ltr'>oum</span> <span class='ocrx_word' id='word_1_125' title='bbox 983 1735 1109 1811; x_wconf 80' lang='lat' dir='ltr'>placeat,</span> 
     </span>
     <span class='ocr_line' id='line_1_18' title="bbox 101 1823 1110 1902; baseline -0.002 -18"><span class='ocrx_word' id='word_1_126' title='bbox 101 1827 177 1902; x_wconf 89' lang='lat' dir='ltr'>quod</span> <span class='ocrx_word' id='word_1_127' title='bbox 191 1823 314 1885; x_wconf 86' lang='lat' dir='ltr'>Cassius</span> <span class='ocrx_word' id='word_1_128' title='bbox 333 1825 449 1902; x_wconf 82' lang='lat' dir='ltr'>probat,</span> <span class='ocrx_word' id='word_1_129' title='bbox 468 1843 503 1882; x_wconf 85' lang='lat' dir='ltr'>ex</span> <span class='ocrx_word' id='word_1_130' title='bbox 522 1824 591 1883; x_wconf 87' lang='lat' dir='ltr'>dolo</span> <span class='ocrx_word' id='word_1_131' title='bbox 609 1824 718 1883; x_wconf 72' lang='lat' dir='ltr'>tutoris</span> <span class='ocrx_word' id='word_1_132' title='bbox 736 1825 786 1884; x_wconf 81' lang='lat' dir='ltr'>uel</span> <span class='ocrx_word' id='word_1_133' title='bbox 801 1825 946 1884; x_wconf 80' lang='lat' dir='ltr'>curatoris</span> <span class='ocrx_word' id='word_1_134' title='bbox 960 1823 1110 1900; x_wconf 87' lang='lat' dir='ltr'>pupillum</span> 
     </span>
     <span class='ocr_line' id='line_1_19' title="bbox 100 1907 1111 1989; baseline -0.002 -16"><span class='ocrx_word' id='word_1_135' title='bbox 100 1915 145 1973; x_wconf 79' lang='lat' dir='ltr'>rel</span> <span class='ocrx_word' id='word_1_136' title='bbox 158 1914 308 1973; x_wconf 85' lang='lat' dir='ltr'>furiosum</span> <span class='ocrx_word' id='word_1_137' title='bbox 326 1932 386 1972; x_wconf 91' lang='lat' dir='ltr'>non</span> <span class='ocrx_word' id='word_1_138' title='bbox 399 1914 503 1984; x_wconf 77' lang='lat' dir='ltr'>teneri,</span> <span class='ocrx_word' id='word_1_139' title='bbox 522 1912 640 1972; x_wconf 75' lang='lat' dir='ltr'>eveniet</span> <span class='ocrx_word' id='word_1_140' title='bbox 653 1907 699 1971; x_wconf 82' lang='lat' dir='ltr'>ut&#39;</span> <span class='ocrx_word' id='word_1_141' title='bbox 713 1913 834 1989; x_wconf 85' lang='lat' dir='ltr'>probari</span> <span class='ocrx_word' id='word_1_142' title='bbox 847 1912 994 1989; x_wconf 75' lang='lat' dir='ltr'>uideatur,</span> <span class='ocrx_word' id='word_1_143' title='bbox 1014 1911 1111 1972; x_wconf 87' lang='lat' dir='ltr'>Cassii</span> 
     </span>
     <span class='ocr_line' id='line_1_20' title="bbox 100 1993 1110 2083; baseline -0.001 -21"><span class='ocrx_word' id='word_1_144' title='bbox 100 2003 277 2062; x_wconf 74' lang='lat' dir='ltr'>sententiam</span> <span class='ocrx_word' id='word_1_145' title='bbox 295 2003 328 2061; x_wconf 91' lang='lat' dir='ltr'>in</span> <span class='ocrx_word' id='word_1_146' title='bbox 345 2002 420 2061; x_wconf 91' lang='lat' dir='ltr'>iuris</span> <span class='ocrx_word' id='word_1_147' title='bbox 434 2001 530 2062; x_wconf 79' lang='lat' dir='ltr'>uirilis</span> <span class='ocrx_word' id='word_1_148' title='bbox 544 2001 630 2060; x_wconf 90' lang='lat' dir='ltr'>libris</span> <span class='ocrx_word' id='word_1_149' title='bbox 646 2003 831 2077; x_wconf 75' lang='lat' dir='ltr'>propositam</span> <span class='ocrx_word' id='word_1_150' title='bbox 850 1993 892 2083; x_wconf 83' lang='lat' dir='ltr'>(v.</span> <span class='ocrx_word' id='word_1_151' title='bbox 907 2020 998 2077; x_wconf 87' lang='lat' dir='ltr'>supra</span> <span class='ocrx_word' id='word_1_152' title='bbox 1012 2021 1040 2077; x_wconf 89' lang='lat' dir='ltr'>p.</span> <span class='ocrx_word' id='word_1_153' title='bbox 1053 1993 1110 2082; x_wconf 87' lang='grc'>60)</span> 
     </span>
     <span class='ocr_line' id='line_1_21' title="bbox 100 2083 1111 2168; baseline -0.003 -17"><span class='ocrx_word' id='word_1_154' title='bbox 100 2095 203 2166; x_wconf 67' lang='lat' dir='ltr'>postea</span> <span class='ocrx_word' id='word_1_155' title='bbox 234 2091 266 2149; x_wconf 89' lang='lat' dir='ltr'>iu</span> <span class='ocrx_word' id='word_1_156' title='bbox 298 2092 354 2150; x_wconf 87' lang='lat' dir='ltr'>hoo</span> <span class='ocrx_word' id='word_1_157' title='bbox 385 2108 502 2168; x_wconf 87' lang='lat' dir='ltr'>quoque</span> <span class='ocrx_word' id='word_1_158' title='bbox 532 2090 691 2149; x_wconf 78' lang='lat' dir='ltr'>interdicto</span> <span class='ocrx_word' id='word_1_159' title='bbox 723 2091 888 2150; x_wconf 81' lang='lat' dir='ltr'>adhibitam</span> <span class='ocrx_word' id='word_1_160' title='bbox 921 2109 986 2150; x_wconf 87' lang='lat' dir='ltr'>esse</span> <span class='ocrx_word' id='word_1_161' title='bbox 1017 2083 1111 2168; x_wconf 77' lang='lat' dir='ltr'>(‘oum</span> 
     </span>
     <span class='ocr_line' id='line_1_22' title="bbox 99 2171 1111 2260; baseline 0 -22"><span class='ocrx_word' id='word_1_162' title='bbox 99 2171 256 2260; x_wconf 78' lang='lat' dir='ltr'>plaoeat&#39;)‚</span> <span class='ocrx_word' id='word_1_163' title='bbox 285 2179 421 2239; x_wconf 86' lang='lat' dir='ltr'>Cassium</span> <span class='ocrx_word' id='word_1_164' title='bbox 449 2180 486 2239; x_wconf 86' lang='lat' dir='ltr'>de</span> <span class='ocrx_word' id='word_1_165' title='bbox 513 2179 617 2238; x_wconf 86' lang='lat' dir='ltr'>eodem</span> <span class='ocrx_word' id='word_1_166' title='bbox 643 2199 703 2239; x_wconf 91' lang='lat' dir='ltr'>non</span> <span class='ocrx_word' id='word_1_167' title='bbox 729 2179 837 2239; x_wconf 87' lang='lat' dir='ltr'>dixisse</span> <span class='ocrx_word' id='word_1_168' title='bbox 861 2181 986 2256; x_wconf 79' lang='lat' dir='ltr'>apparel</span> <span class='ocrx_word' id='word_1_169' title='bbox 1015 2198 1111 2254; x_wconf 86' lang='lat' dir='ltr'>neque</span> 
     </span>
     <span class='ocr_line' id='line_1_23' title="bbox 100 2266 1112 2346; baseline -0.002 -18"><span class='ocrx_word' id='word_1_170' title='bbox 100 2268 150 2346; x_wconf 88' lang='lat' dir='ltr'>iis,</span> <span class='ocrx_word' id='word_1_171' title='bbox 187 2288 264 2344; x_wconf 85' lang='lat' dir='ltr'>quae</span> <span class='ocrx_word' id='word_1_172' title='bbox 297 2269 457 2328; x_wconf 85' lang='lat' dir='ltr'>lavolenus</span> <span class='ocrx_word' id='word_1_173' title='bbox 492 2268 569 2327; x_wconf 89' lang='lat' dir='ltr'>libro</span> <span class='ocrx_word' id='word_1_174' title='bbox 601 2269 692 2328; x_wconf 76' lang='lat' dir='ltr'>terlio</span> <span class='ocrx_word' id='word_1_175' title='bbox 725 2269 838 2328; x_wconf 87' lang='lat' dir='ltr'>decimo</span> <span class='ocrx_word' id='word_1_176' title='bbox 872 2287 908 2328; x_wconf 81' lang='lat' dir='ltr'>ex</span> <span class='ocrx_word' id='word_1_177' title='bbox 936 2266 1038 2327; x_wconf 89' lang='lat' dir='ltr'>Cassio</span> <span class='ocrx_word' id='word_1_178' title='bbox 1067 2267 1112 2327; x_wconf 83' lang='lat' dir='ltr'>ait</span> 
     </span>
     <span class='ocr_line' id='line_1_24' title="bbox 100 2349 1110 2438; baseline 0.001 -23"><span class='ocrx_word' id='word_1_179' title='bbox 100 2351 147 2438; x_wconf 89' lang='lat' dir='ltr'>(D.</span> <span class='ocrx_word' id='word_1_180' title='bbox 169 2349 397 2438; x_wconf 81' lang='lat' dir='ltr'>50,17‚1aa):</span> <span class='ocrx_word' id='word_1_181' title='bbox 431 2350 548 2434; x_wconf 76' lang='lat' dir='ltr'>‘Neque</span> <span class='ocrx_word' id='word_1_182' title='bbox 575 2357 606 2416; x_wconf 91' lang='lat' dir='ltr'>in</span> <span class='ocrx_word' id='word_1_183' title='bbox 633 2357 792 2417; x_wconf 76' lang='lat' dir='ltr'>interdicto</span> <span class='ocrx_word' id='word_1_184' title='bbox 820 2376 916 2434; x_wconf 87' lang='lat' dir='ltr'>neque</span> <span class='ocrx_word' id='word_1_185' title='bbox 943 2357 975 2415; x_wconf 88' lang='lat' dir='ltr'>in</span> <span class='ocrx_word' id='word_1_186' title='bbox 1003 2357 1110 2416; x_wconf 82' lang='lat' dir='ltr'>ueteris</span> 
     </span>
     <span class='ocr_line' id='line_1_25' title="bbox 99 2443 1110 2522; baseline -0.003 -17"><span class='ocrx_word' id='word_1_187' title='bbox 99 2447 197 2506; x_wconf 84' lang='lat' dir='ltr'>causis</span> <span class='ocrx_word' id='word_1_188' title='bbox 220 2446 336 2522; x_wconf 90' lang='lat' dir='ltr'>pupillo</span> <span class='ocrx_word' id='word_1_189' title='bbox 355 2464 462 2506; x_wconf 86' lang='lat' dir='ltr'>nouere</span> <span class='ocrx_word' id='word_1_190' title='bbox 481 2449 601 2522; x_wconf 76' lang='lat' dir='ltr'>oportet</span> <span class='ocrx_word' id='word_1_191' title='bbox 619 2447 720 2505; x_wconf 91' lang='lat' dir='ltr'>dolum</span> <span class='ocrx_word' id='word_1_192' title='bbox 739 2447 858 2522; x_wconf 82' lang='lat' dir='ltr'>tutoris,</span> <span class='ocrx_word' id='word_1_193' title='bbox 882 2445 944 2505; x_wconf 88' lang='lat' dir='ltr'>sive</span> <span class='ocrx_word' id='word_1_194' title='bbox 968 2443 1110 2504; x_wconf 84' lang='lat' dir='ltr'>solvendo</span> 
     </span>
     <span class='ocr_line' id='line_1_26' title="bbox 98 2529 1112 2614; baseline -0.004 -20"><span class='ocrx_word' id='word_1_195' title='bbox 98 2535 230 2595; x_wconf 72' lang='lat' dir='ltr'>estsine</span> <span class='ocrx_word' id='word_1_196' title='bbox 253 2555 314 2594; x_wconf 90' lang='lat' dir='ltr'>non</span> <span class='ocrx_word' id='word_1_197' title='bbox 336 2529 407 2614; x_wconf 78' lang='lat' dir='ltr'>esl&#39;,</span> <span class='ocrx_word' id='word_1_198' title='bbox 431 2533 526 2594; x_wconf 81' lang='lat' dir='ltr'>Cassii</span> <span class='ocrx_word' id='word_1_199' title='bbox 549 2535 697 2595; x_wconf 72' lang='lat' dir='ltr'>sententia</span> <span class='ocrx_word' id='word_1_200' title='bbox 720 2534 828 2594; x_wconf 87' lang='lat' dir='ltr'>referri</span> <span class='ocrx_word' id='word_1_201' title='bbox 850 2535 979 2594; x_wconf 75' lang='lat' dir='ltr'>videtur.</span> <span class='ocrx_word' id='word_1_202' title='bbox 1023 2533 1112 2591; x_wconf 78' lang='lat' dir='ltr'>aliter</span> 
     </span>
    </p>
   </div>
   <div class='ocr_carea' id='block_1_4' title="bbox 97 2618 686 2684">
    <p class='ocr_par' dir='ltr' id='par_1_7' title="bbox 97 2618 686 2684">
     <span class='ocr_line' id='line_1_27' title="bbox 97 2618 686 2684; baseline 0 -2"><span class='ocrx_word' id='word_1_203' title='bbox 97 2618 218 2684; x_wconf 80' lang='lat' dir='ltr'>iudicat</span> <span class='ocrx_word' id='word_1_204' title='bbox 240 2624 333 2683; x_wconf 83' lang='lat' dir='ltr'>Leusl</span> <span class='ocrx_word' id='word_1_205' title='bbox 356 2624 388 2682; x_wconf 93' lang='lat' dir='ltr'>P.</span> <span class='ocrx_word' id='word_1_206' title='bbox 403 2623 434 2682; x_wconf 93' lang='grc' dir='ltr'>Π</span> <span class='ocrx_word' id='word_1_207' title='bbox 456 2624 509 2684; x_wconf 88' lang='lat' dir='ltr'>ool.</span> <span class='ocrx_word' id='word_1_208' title='bbox 527 2626 589 2683; x_wconf 83' lang='grc'>277</span> <span class='ocrx_word' id='word_1_209' title='bbox 613 2643 641 2683; x_wconf 88' lang='lat' dir='ltr'>u.</span> <span class='ocrx_word' id='word_1_210' title='bbox 658 2626 686 2683; x_wconf 84' lang='lat'>3.</span> 
     </span>
    </p>
   </div>
   <div class='ocr_carea' id='block_1_5' title="bbox 494 2801 723 2876">
    <p class='ocr_par' dir='ltr' id='par_1_8' title="bbox 494 2801 723 2876">
     <span class='ocr_line' id='line_1_28' title="bbox 494 2801 723 2876; baseline -0.004 -15"><span class='ocrx_word' id='word_1_211' title='bbox 494 2801 544 2861; x_wconf 79' lang='lat' dir='ltr'>uu</span> <span class='ocrx_word' id='word_1_212' title='bbox 560 2802 723 2876; x_wconf 78' lang='lat' dir='ltr'>possidetis,</span> 
     </span>
    </p>
   </div>
   <div class='ocr_carea' id='block_1_6' title="bbox 97 2908 1114 3526">
    <p class='ocr_par' dir='ltr' id='par_1_9' title="bbox 97 2908 1114 3526">
     <span class='ocr_line' id='line_1_29' title="bbox 190 2908 1112 2996; baseline -0.001 -22"><span class='ocrx_word' id='word_1_213' title='bbox 190 2911 243 2974; x_wconf 83' lang='lat'>24.</span> <span class='ocrx_word' id='word_1_214' title='bbox 276 2911 314 2976; x_wconf 92' lang='lat' dir='ltr'>D.</span> <span class='ocrx_word' id='word_1_215' title='bbox 333 2913 385 2995; x_wconf 82' lang='lat'>43,</span> <span class='ocrx_word' id='word_1_216' title='bbox 406 2913 456 2995; x_wconf 90' lang='lat'>17,</span> <span class='ocrx_word' id='word_1_217' title='bbox 475 2912 505 2995; x_wconf 88' lang='grc'>3,</span> <span class='ocrx_word' id='word_1_218' title='bbox 524 2910 552 2976; x_wconf 89' lang='grc'>5.</span> <span class='ocrx_word' id='word_1_219' title='bbox 594 2910 755 2996; x_wconf 87' lang='lat' dir='ltr'>Ulpianus</span> <span class='ocrx_word' id='word_1_220' title='bbox 780 2908 863 2972; x_wconf 90' lang='lat' dir='ltr'>libro</span> <span class='ocrx_word' id='word_1_221' title='bbox 887 2908 1112 2994; x_wconf 82' lang='lat' dir='ltr'>sexagensimo</span> 
     </span>
     <span class='ocr_line' id='line_1_30' title="bbox 97 2997 1113 3086; baseline -0.002 -22"><span class='ocrx_word' id='word_1_222' title='bbox 97 3020 185 3064; x_wconf 90' lang='lat' dir='ltr'>nono</span> <span class='ocrx_word' id='word_1_223' title='bbox 216 2998 256 3064; x_wconf 87' lang='lat' dir='ltr'>ad</span> <span class='ocrx_word' id='word_1_224' title='bbox 285 2999 422 3065; x_wconf 82' lang='lat' dir='ltr'>edietum</span> <span class='ocrx_word' id='word_1_225' title='bbox 451 2999 499 3086; x_wconf 87' lang='lat' dir='ltr'>(P.</span> <span class='ocrx_word' id='word_1_226' title='bbox 517 2999 628 3084; x_wconf 83' lang='lat'><strong>1540).</strong></span> <span class='ocrx_word' id='word_1_227' title='bbox 655 3035 692 3045; x_wconf 91' lang='lat'>—</span> <span class='ocrx_word' id='word_1_228' title='bbox 723 3048 752 3063; x_wconf 95' lang='lat'>..</span> <span class='ocrx_word' id='word_1_229' title='bbox 780 2997 958 3080; x_wconf 83' lang='lat' dir='ltr'>videamus,</span> <span class='ocrx_word' id='word_1_230' title='bbox 986 2999 1013 3061; x_wconf 93' lang='lat' dir='ltr'>si</span> <span class='ocrx_word' id='word_1_231' title='bbox 1042 3020 1113 3080; x_wconf 91' lang='lat' dir='ltr'>pro-</span> 
     </span>
     <span class='ocr_line' id='line_1_31' title="bbox 98 3087 1114 3172; baseline 0 -22"><span class='ocrx_word' id='word_1_232' title='bbox 98 3088 197 3153; x_wconf 76' lang='lat' dir='ltr'>ieolio</span> <span class='ocrx_word' id='word_1_233' title='bbox 223 3111 321 3172; x_wconf 86' lang='lat' dir='ltr'>supra</span> <span class='ocrx_word' id='word_1_234' title='bbox 343 3089 442 3154; x_wconf 87' lang='lat' dir='ltr'>vieini</span> <span class='ocrx_word' id='word_1_235' title='bbox 465 3091 569 3153; x_wconf 88' lang='lat' dir='ltr'>solum</span> <span class='ocrx_word' id='word_1_236' title='bbox 592 3110 658 3152; x_wconf 92' lang='lat' dir='ltr'>non</span> <span class='ocrx_word' id='word_1_237' title='bbox 681 3089 749 3152; x_wconf 90' lang='lat' dir='ltr'>iure</span> <span class='ocrx_word' id='word_1_238' title='bbox 772 3087 887 3152; x_wconf 88' lang='lat' dir='ltr'>haberi</span> <span class='ocrx_word' id='word_1_239' title='bbox 910 3088 1047 3168; x_wconf 77' lang='lat' dir='ltr'>dicatur,</span> <span class='ocrx_word' id='word_1_240' title='bbox 1072 3109 1114 3150; x_wconf 84' lang='lat' dir='ltr'>an</span> 
     </span>
     <span class='ocr_line' id='line_1_32' title="bbox 98 3176 1112 3262; baseline -0.002 -22"><span class='ocrx_word' id='word_1_241' title='bbox 98 3177 308 3241; x_wconf 77' lang='lat' dir='ltr'>interdictum</span> <span class='ocrx_word' id='word_1_242' title='bbox 346 3178 394 3242; x_wconf 81' lang='lat' dir='ltr'>uti</span> <span class='ocrx_word' id='word_1_243' title='bbox 429 3178 602 3262; x_wconf 76' lang='lat' dir='ltr'>possidetis</span> <span class='ocrx_word' id='word_1_244' title='bbox 640 3178 683 3241; x_wconf 76' lang='lat' dir='ltr'>sit</span> <span class='ocrx_word' id='word_1_245' title='bbox 719 3176 797 3242; x_wconf 79' lang='lat' dir='ltr'>utile</span> <span class='ocrx_word' id='word_1_246' title='bbox 833 3177 926 3240; x_wconf 82' lang='lat' dir='ltr'>alteri</span> <span class='ocrx_word' id='word_1_247' title='bbox 959 3176 1112 3239; x_wconf 88' lang='lat' dir='ltr'>adversus</span> 
     </span>
     <span class='ocr_line' id='line_1_33' title="bbox 98 3264 1113 3350; baseline -0.002 -21"><span class='ocrx_word' id='word_1_248' title='bbox 98 3266 248 3331; x_wconf 79' lang='lat' dir='ltr'>alierum.</span> <span class='ocrx_word' id='word_1_249' title='bbox 299 3270 332 3330; x_wconf 83' lang='lat' dir='ltr'>el</span> <span class='ocrx_word' id='word_1_250' title='bbox 359 3271 408 3331; x_wconf 81' lang='lat' dir='ltr'>esi</span> <span class='ocrx_word' id='word_1_251' title='bbox 436 3267 519 3350; x_wconf 83' lang='lat' dir='ltr'>apud</span> <span class='ocrx_word' id='word_1_252' title='bbox 548 3265 696 3331; x_wconf 90' lang='lat' dir='ltr'>Cassium</span> <span class='ocrx_word' id='word_1_253' title='bbox 724 3265 861 3330; x_wconf 78' lang='lat' dir='ltr'>relatum</span> <span class='ocrx_word' id='word_1_254' title='bbox 888 3264 1016 3348; x_wconf 82' lang='lat' dir='ltr'>utrique</span> <span class='ocrx_word' id='word_1_255' title='bbox 1044 3285 1113 3328; x_wconf 90' lang='lat' dir='ltr'>esse</span> 
     </span>
     <span class='ocr_line' id='line_1_34' title="bbox 97 3351 1114 3440; baseline -0.002 -23"><span class='ocrx_word' id='word_1_256' title='bbox 97 3353 132 3418; x_wconf 83' lang='lat' dir='ltr'>id</span> <span class='ocrx_word' id='word_1_257' title='bbox 154 3353 261 3440; x_wconf 79' lang='lat' dir='ltr'>utile1,</span> <span class='ocrx_word' id='word_1_258' title='bbox 284 3356 358 3440; x_wconf 90' lang='lat' dir='ltr'>quia</span> <span class='ocrx_word' id='word_1_259' title='bbox 381 3357 464 3421; x_wconf 86' lang='lat' dir='ltr'>alter</span> <span class='ocrx_word' id='word_1_260' title='bbox 488 3356 591 3421; x_wconf 88' lang='lat' dir='ltr'>solum</span> <span class='ocrx_word' id='word_1_261' title='bbox 612 3355 765 3438; x_wconf 82' lang='lat' dir='ltr'>possidel,</span> <span class='ocrx_word' id='word_1_262' title='bbox 789 3354 870 3418; x_wconf 82' lang='lat' dir='ltr'>alter</span> <span class='ocrx_word' id='word_1_263' title='bbox 889 3375 961 3418; x_wconf 86' lang='lat' dir='ltr'>eum</span> <span class='ocrx_word' id='word_1_264' title='bbox 981 3351 1114 3416; x_wconf 88' lang='lat' dir='ltr'>aedibus</span> 
     </span>
     <span class='ocr_line' id='line_1_35' title="bbox 97 3442 310 3526; baseline 0.005 -20"><span class='ocrx_word' id='word_1_265' title='bbox 97 3442 310 3526; x_wconf 84' lang='lat' dir='ltr'>superficiem.</span> 
     </span>
    </p>
   </div>
   <div class='ocr_carea' id='block_1_7' title="bbox 171 3581 383 3638">
    <p class='ocr_par' dir='ltr' id='par_1_10' title="bbox 171 3581 383 3638">
     <span class='ocr_line' id='line_1_36' title="bbox 171 3581 383 3638; baseline 0.019 -4"><span class='ocrx_word' id='word_1_266' title='bbox 171 3587 187 3634; x_wconf 92' lang='lat'>1</span> <span class='ocrx_word' id='word_1_267' title='bbox 208 3581 255 3637; x_wconf 85' lang='lat' dir='ltr'>Fl.</span> <span class='ocrx_word' id='word_1_268' title='bbox 274 3581 383 3638; x_wconf 80' lang='lat' dir='ltr'>inutile.</span> 
     </span>
    </p>
   </div>
   <div class='ocr_carea' id='block_1_8' title="bbox 0 0 1306 3902">
    <p class='ocr_par' dir='ltr' id='par_1_11' title="bbox 0 0 1306 3902">
     <span class='ocr_line' id='line_1_37' title="bbox 0 0 1306 3902; baseline 0 0"><span class='ocrx_word' id='word_1_269' title='bbox 0 0 1306 3902; x_wconf 95' lang='lat' dir='ltr'> </span> 
     </span>
    </p>
   </div>
  </div>
 </body>
</html>
