2596 3902
522 231 547 280 7.
565 224 751 281 PROCULUS
1070 225 1139 291 ι135

128 411 199 454 eom
220 389 360 456 insulam
375 389 478 472 fulsit,
496 411 591 472 quem
607 388 755 454 dominus
770 388 863 473 quasi
876 389 982 472 imper
997 390 1139 474 sumptui

125 479 338 563 dereliquerit
365 479 417 542 vel
447 500 542 562 quem
571 477 634 542 sibi
660 478 873 543 necessariam
901 499 966 543 non
990 478 1139 568 putavit?

123 569 275 647 coeant,
294 567 407 652 inquit,
424 568 584 632 donicum
602 568 767 632 meandum
781 567 934 632 Labeonis
950 569 1139 652 minutium,

123 677 193 722 cum
223 657 389 739 comique
416 657 507 722 liceat
532 661 562 720 et
588 657 698 720 domni
726 655 832 737 infecti
857 656 982 721 nomine
1005 677 1070 721 reon
1092 658 1140 722 de·

123 747 304 828 relinquere.

214 839 400 899 Sententiam
423 838 473 898 hio
494 839 647 917 proposui,
671 858 739 899 cum
762 839 862 898 locum
880 839 976 916 magis
999 839 1138 899 idoneum

123 947 264 989 nescmm.

215 1031 268 1095 13.
291 1029 330 1094 Ι).
344 1031 375 1113 3,
389 1029 420 1113 5,
436 1030 486 1095 10.
524 1028 722 1112 Pomponius
741 1029 824 1093 libro
842 1028 1017 1094 vicensimo
1032 1030 1138 1113 primo

124 1118 164 1183 nd
187 1117 342 1193 Quintum
367 1118 510 1184 Mucium
534 1114 584 1204 (P.
598 1118 687 1202 278).
713 1155 751 1164 —
778 1115 813 1182 Si
838 1118 971 1201 negotia
995 1117 1138 1183 absentis

124 1211 158 1271 et
190 1206 373 1291 ignorantis
407 1228 515 1292 geres,
548 1212 581 1271 et
612 1207 739 1291 culpem
772 1212 805 1271 et
837 1206 946 1271 dolum
973 1210 1139 1291 proestare

124 1295 232 1361 debes.
274 1297 330 1361 sed
352 1294 508 1362 Proculus
531 1296 694 1361 interdum
717 1296 814 1360 etiem
839 1317 949 1360 casum
973 1299 1139 1378 praestare

124 1385 250 1469 debere,
269 1386 371 1450 veluti
390 1384 419 1450 si
437 1407 558 1452 nouum
576 1385 754 1470 negotium,
772 1384 858 1468 quod
875 1404 941 1448 uon
961 1386 1005 1448 sit
1023 1382 1137 1448 solitus

124 1474 242 1538 absens
270 1473 389 1558 fecere,
420 1477 458 1539 tu
484 1473 615 1539 nomine
643 1473 711 1538 cius
740 1494 848 1557 geras,
880 1473 981 1537 veluti
1008 1473 1138 1538 venales

124 1562 268 1628 novicios
287 1562 461 1628 coemendo
482 1563 533 1628 vel
551 1563 695 1648 aliquam
713 1562 968 1647 negotiationem
987 1561 1136 1628 ineundo.

124 1672 199 1716 nom
232 1652 260 1715 si
293 1651 367 1736 qnid
402 1650 554 1717 damnum
586 1673 626 1716 ex
657 1673 696 1716 ea
724 1673 759 1715 rc
787 1655 938 1716 secutum·
959 1651 1071 1733 fuerit,
1107 1656 1140 1716 te

125 1744 285 1824 sequetur,
304 1741 430 1806 lucrum
448 1761 524 1806 vero
544 1741 724 1824 absentem3
744 1740 830 1824 quod
849 1740 926 1804 siin
941 1740 1135 1824 quibusdum

125 1827 248 1894 lucrum
270 1828 392 1895 fectum
415 1829 527 1913 fuerit,
555 1831 590 1894 in
613 1829 806 1914 quibusdem
830 1827 993 1912 domnum,
1020 1830 1136 1894 absens

124 1938 261 2000 pensare
286 1918 412 1984 lucrum
436 1940 510 1984 cum
533 1918 652 1984 domno
676 1917 781 1984 debet

212 2029 430 2106 Fragmentum
452 2029 559 2090 iisdem
582 2031 668 2091 libris
690 2031 810 2092 videtur
834 2029 1069 2092 attribuendum.

525 2165 576 2231 De
596 2167 744 2233 societate.

218 2271 268 2336 14.
296 2271 337 2337 D.
357 2274 408 2355 17,
427 2273 457 2357 2,
477 2272 529 2355 65,
547 2272 577 2338 5.
622 2272 742 2338 Paulus
770 2273 854 2339 libro
877 2275 1068 2360 trigensimo
1093 2297 1138 2339 se

126 2360 229 2425 cundo
258 2360 298 2424 ed
326 2362 466 2427 edictum
495 2360 542 2445 (P.
560 2357 652 2449 495).
677 2397 716 2409 -
744 2362 853 2428 Labeo
874 2363 1138 2446 ..posteriorum

125 2448 217 2514 libris
242 2449 381 2534 scripsit,
405 2451 434 2515 si
456 2451 690 2515 renuntiaverit
713 2451 860 2517 societati
881 2473 964 2516 unus
984 2473 1023 2516 cx
1041 2451 1138 2516 sociis

125 2559 163 2603 eo
186 2542 342 2624 tempore,
365 2561 428 2625 quo
452 2538 601 2604 interfuit
624 2539 703 2604 socii
725 2562 791 2605 non
813 2539 921 2603 dirimi
941 2540 1139 2621 societatem,

125 2629 327 2692 committere
350 2649 423 2692 eum
446 2629 483 2692 in
505 2650 564 2712 pro
587 2628 674 2693 socio
695 2629 835 2712 aetione3
858 2649 933 2691 nam
953 2629 981 2692 si
1000 2629 1137 2692 emimus

124 2714 286 2799 mancipio
324 2716 406 2781 inite
443 2718 610 2799 societate,
647 2714 759 2780 deinde
791 2715 955 2781 renunties
987 2715 1068 2780 mihi
1100 2737 1138 2782 eo

125 2807 282 2888 tempore,
305 2827 367 2889 quo
389 2806 525 2870 vendere
544 2805 707 2889 mancipia
725 2827 790 2870 non
810 2804 947 2889 expedit,
971 2805 1033 2870 hoc
1052 2827 1138 2887 casu,

126 2894 202 2978 quia
234 2891 426 2959 deteriorem
460 2916 591 2961 causam
625 2916 731 2959 mecm
759 2894 853 2979 facis,
889 2895 993 2960 teneri
1020 2898 1051 2958 te
1079 2917 1137 2980 pro

127 2982 213 3047 socio
248 2981 375 3048 iudicio.
425 2982 583 3050 Proculus
613 2984 675 3050 hoo
704 2984 752 3048 ita
780 3005 890 3048 verum
918 3005 988 3049 esse
1018 2985 1076 3068 ait,
1108 2985 1136 3049 si

127 3071 290 3136 societatis
313 3092 378 3136 non
401 3072 531 3137 intersit
554 3073 662 3137 dirimi
679 3075 882 3157 societatem
907 3095 1034 3159 semper
1053 3075 1138 3139 enim

127 3179 191 3225 non
215 3159 258 3242 id,
282 3158 366 3243 quod
389 3161 543 3244 privatim
561 3163 696 3227 interest
715 3162 809 3227 unius
829 3184 867 3227 ex
887 3163 992 3247 sociis,
1016 3164 1138 3228 servari

128 3249 222 3333 solet,
246 3248 301 3313 sed
325 3249 410 3333 quod
435 3250 583 3315 societati
607 3250 744 3337 expedit.

532 3390 583 3458 De
604 3395 729 3476 nuptie.

214 3497 266 3568 15,
289 3496 330 3561 D.
345 3499 374 3579 1,
388 3499 419 3582 9,
434 3499 463 3581 t,
479 3500 507 3565 1.
548 3496 708 3583 Ulpianus
732 3497 818 3563 libro
841 3498 947 3582 primo
971 3497 1010 3558 ad
1033 3502 1136 3576 legem

126 3582 243 3650 Iulium
282 3590 314 3650 et
344 3586 481 3671 Pupiam
514 3582 563 3672 (P.
588 3581 714 3671 totth).
746 3621 790 3632 -
822 3585 991 3648 ..Labeo
1023 3579 1136 3642 scribit
1248 3633 1253 3635 ,
