2590 3902
404 223 428 272 t.
451 217 482 270 L.
501 205 685 274 NERATIUS
703 218 853 276 PRISCUS
1067 218 1132 285 345

407 403 454 464 De
475 405 613 464 mundato
636 405 747 464 emendi
768 408 852 466 serui.

211 504 264 570 30.
292 502 332 570 D.
353 506 403 590 17,
424 508 451 588 1,
471 507 524 590 26,
543 506 573 570 7.
618 505 738 571 Paulus
766 507 849 573 libro
873 508 1062 593 trigensimo
1087 532 1132 574 se·

122 594 226 659 cundo
256 594 296 658 ad
325 594 466 659 edictum
490 593 539 678 (P.
557 592 649 680 488).
673 630 714 641 -
740 645 768 659 ..
788 617 858 660 cum
887 618 1009 679 servus,
1037 620 1132 682 quem

123 682 280 748 mandatu
307 705 379 748 meo
408 705 547 767 emerus,
574 683 694 749 furtum
723 684 784 748 tibi
808 683 953 770 fecisset,
979 684 1132 753 Neratius

123 772 170 836 ait
198 771 344 837 mandati
372 772 499 838 actione
527 777 560 837 te
588 777 846 855 consecuturum,
873 777 910 838 ut
938 796 1048 840 servus
1071 776 1133 841 tibi

122 882 226 926 noxas
253 860 403 943 dedatur,
431 861 459 926 si
487 867 598 926 tamen
621 861 690 926 sine
714 862 888 946 culpatus
910 863 942 927 id
966 862 1132 948 acciderit3

124 949 209 1034 quod
243 949 272 1013 si
304 972 365 1037 ego
398 950 530 1016 scissem
562 951 660 1015 talem
693 971 764 1014 esse
797 971 924 1015 servum
955 972 1016 1016 nec
1042 975 1133 1037 prae·

123 1038 286 1123 dixissem,
304 1045 341 1104 ut
358 1039 466 1124 possis
484 1060 684 1123 praecavere,
701 1045 780 1104 tunc
795 1039 909 1123 quanti
923 1042 980 1103 tua
994 1040 1132 1126 intersit,

124 1131 253 1193 tantum
275 1127 337 1192 tibi
359 1127 520 1211 praestari
543 1127 692 1211 oportet*

213 1233 266 1299 31.
288 1232 328 1298 D.
342 1236 395 1318 21,
413 1238 440 1318 1,
454 1233 507 1318 25,
521 1233 551 1299 3.
587 1232 746 1318 Ulpianus
765 1235 848 1300 libro
867 1235 972 1320 primo
992 1235 1033 1300 ad
1052 1235 1134 1300 edic-

123 1327 193 1388 tum
223 1323 375 1388 aedilium
398 1322 556 1388 curulium
580 1319 629 1409 (P.
649 1322 759 1408 1773).
783 1358 825 1370 -
847 1322 1074 1389 Procuratoris
1096 1324 1134 1388 fit

124 1411 246 1476 mentio
270 1411 305 1475 in
327 1411 387 1478 hac
407 1412 534 1476 actione
553 1409 611 1497 (sc.
631 1411 868 1498 redhibitoria).
905 1413 960 1478 sed
979 1412 1133 1479 Neratius

124 1506 368 1584 procuratorem
386 1501 439 1565 hio
459 1522 531 1565 eum
550 1501 771 1586 accipiendum
790 1502 846 1588 ait,
862 1523 928 1568 non
948 1503 1133 1588 quemlibet,

8 1607 10 1676 j
126 1588 181 1654 sed
210 1589 262 1654 cui
285 1587 433 1654 universa
455 1589 589 1674 negotia
612 1593 669 1654 aut
690 1589 722 1655 id
746 1591 867 1676 ipsum,
894 1597 1027 1677 propter
1050 1591 1134 1677 quod

8 1699 9 1766 ᾗ
126 1678 266 1743 deterius
294 1677 416 1743 factum
447 1680 491 1743 sit
518 1677 574 1763 (sc.
602 1676 828 1766 mancipium),
860 1681 1048 1748 mandatum
1076 1686 1134 1744 est.

485 1873 535 1940 De
556 1876 776 1940 commuuione.

412 2016 415 2023 ·
449 2004 596 2065 Fomitiue
619 2005 812 2065 erciscundae.

221 2106 272 2171 32.
300 2103 340 2170 D.
356 2105 408 2186 10,
421 2105 451 2190 2,
468 2104 518 2184 18,
535 2106 563 2170 7.
608 2103 770 2190 Ulpianus
792 2107 876 2172 libro
899 2129 986 2175 nono
1010 2108 1134 2173 decimo

128 2195 167 2259 ad
199 2195 339 2261 edictum
373 2192 422 2278 (P.
441 2191 545 2281 633¹).
573 2231 615 2241 -
717 2195 746 2260 si
778 2196 848 2280 quis
881 2193 938 2281 (sc.
966 2196 1134 2284 heredum)

128 2281 214 2348 Titio
247 2282 392 2348 debitum
421 2282 569 2368 solverit,
600 2305 640 2348 ne
667 2284 787 2370 pignus
816 2284 951 2368 veniret,
981 2284 1135 2350 Neratius

130 2371 242 2437 scribit
260 2371 404 2436 familiae
424 2371 627 2438 erciscundae
646 2371 764 2438 iudicio
784 2393 855 2437 eum
875 2394 970 2457 posse
990 2374 1136 2458 experiri.

464 2535 616 2597 ommuni
638 2538 804 2600 dividunda.

217 2638 270 2703 33.
294 2637 333 2703 D.
344 2640 396 2722 10,
410 2638 440 2722 3,
456 2639 485 2719 7,
502 2639 530 2702 1.
566 2637 654 2702 Idem
670 2637 726 2720 (sc.
741 2635 916 2725 Ulpianus)
930 2639 1014 2704 libro
1033 2639 1137 2704 ricen-

129 2728 211 2792 simo
230 2727 271 2791 ad
290 2728 430 2792 edictum
449 2723 499 2814 (P.
514 2727 603 2812 642).
621 2762 659 2773 -
675 2725 707 2791 N
709 2727 828 2792 oratius
843 2727 957 2792 scribit
970 2727 1137 2810 arbitrum,

129 2816 157 2881 si
178 2815 368 2901 regionibus
390 2816 525 2880 fundum
548 2837 614 2880 non
636 2816 829 2898 vectigalem
853 2816 990 2881 diuisum
1012 2816 1136 2881 duobus

129 2905 368 2988 adiudicaverit,
390 2926 487 2990 posse
512 2904 603 2990 qussi
626 2905 660 2968 in
679 2903 802 2969 duobus
821 2904 928 2970 fundis
949 2905 1136 2973 servitutem

128 3015 346 3147 Πηρο1111).
360 3081 438 3146 suu
451 3084 471 3163 s
486 3082 514 3146 e.
536 3119 574 3132 -
594 3081 645 3148 nx
665 3080 855 3166 quibusdam
870 3131 877 3146 .
891 3129 899 3146 .
914 3083 1018 3148 eausa
1037 3083 1136 3168 (uei)

128 3170 302 3236 vindicatio
325 3175 439 3252 cessat,
463 3171 491 3235 si
514 3177 623 3237 tamen
645 3172 733 3236 iusta
756 3192 852 3237 causa
875 3175 924 3236 est
942 3172 1137 3257 possidendi,

128 3260 208 3325 utile
232 3259 393 3326 communi
412 3259 586 3326 dividundo
605 3261 770 3345 competit,
787 3264 824 3326 ut
842 3265 921 3345 puta
940 3261 967 3325 si
986 3281 1138 3326 excausa

129 3348 231 3414 debiti
245 3348 353 3414 'soluti
374 3346 507 3432 fiducio¹
529 3349 741 3433 possideatur.

219 3436 278 3502 ‘Fu
296 3446 313 3502 7
330 3440 349 3520 ξ
366 3445 384 3504 3
400 3461 505 3503 comm.
519 3443 579 3504 div.
596 3445 646 3520 10,
661 3445 680 3502 3
704 3443 745 3503 ist
768 3444 857 3503 allam
875 3443 1043 3504 Anscheine
1061 3443 1138 3502 nach

205 3601 219 3649 1
240 3595 317 3651 Trio.
336 3613 368 3652 ex
387 3610 472 3650 causa
489 3593 608 3650 indebiti
627 3592 711 3650 soluti
729 3611 782 3652 res.
817 3595 918 3651 emend.
938 3593 1039 3650 Keller.
