2570 3904
168 205 210 270 48
239 206 285 259 ΙΠ.
301 204 377 259 GAII
392 205 538 260 CLAUDII
549 205 684 260 111111οΝ.
695 204 839 295 GALBA}
850 205 1064 261 ramulanis
1076 205 1179 263 CONS.

167 370 313 452 legatum
333 368 508 433 consistere
527 369 640 451 possit.
676 389 740 452 666
758 369 884 434 6611666
903 370 1001 433 66661
1020 391 1059 433 ex
1077 369 1180 435 fundo

167 462 294 541 partem
317 457 399 541 legis
422 456 585 522 Falcidiae
610 459 822 523 decessuram.

254 578 336 637 Haec
354 580 531 654 sequuntur:
550 572 674 638 ‘Paulus
689 626 694 638 .
711 577 806 638 066611
825 578 974 638 sententia
991 578 1106 638 utimur
1123 575 1180 640 ...'

255 668 290 727 uf.
314 667 436 726 Perniue
459 668 487 745 Ι,
504 669 576 728 394.

379 847 425 904 De
448 847 540 919 faudo
563 863 628 904 eum
649 847 838 904 lustramenta
861 846 959 919 lupulo.

255 965 307 1029 44.
338 963 620 1047 1).33,1,12,11.
659 962 820 1047 Ulpianus
839 964 923 1029 libro
942 964 1117 1029 vicensimo
1139 965 1181 1030 ad

167 1053 322 1121 Sabinum
347 1051 395 1140 (P.
410 1050 520 1140 2609).
547 1089 586 1103 —
610 1051 659 1116 Ea
687 1102 729 1132 ..‚
757 1073 839 1136 6666
868 1053 938 1117 6616
962 1053 1180 1139 eontinentur,

165 1144 373 1208 instrumenti
396 1142 486 1207 fundi
510 1163 574 1206 non
599 1163 667 1206 esse
691 1138 824 1206 Cassius
848 1141 970 1227 scribit,
998 1141 1098 1208 661611
1122 1143 1180 1206 ha·

165 1233 336 1298 rundineta
358 1236 391 1295 et
414 1231 539 1316 salicta,
562 1235 737 1314 antequam
756 1250 849 1294 66666
868 1231 943 1314 6161,
966 1231 1041 1314 6616
1059 1230 1179 1295 166166

165 1322 258 1386 fundi
280 1323 531 1386 instrumentum
554 1341 624 1383 esse
647 1341 714 1384 666
737 1323 854 1403 potest.

253 1411 306 1476 45.
342 1409 382 1474 D.
400 1409 453 1492 33,
472 1408 501 1490 1,
522 1409 572 1490 12,
592 1409 643 1474 13.
693 1406 850 1492 Ulpianus
881 1407 958 1472 ibid.
984 1444 1029 1455 -
1147 1414 1181 1473 61

165 1521 241 1564 6666
268 1501 483 1563 instrumento
508 1496 564 1582 (se.
587 1493 692 1584 fundi)
717 1498 863 1581 exemplo
887 1496 996 1581 apium
1020 1498 1180 1562 contineri

165 1587 304 1653 Sabinus
327 1591 359 1650 et
383 1584 514 1650 Cassius
538 1589 741 1670 putaverunt.

254 1707 348 1766 611).
371 1709 422 1778 33,
443 1710 470 1784 7,
492 1709 530 1765 11
560 1706 719 1766 Iavolenus
747 1707 824 1765 libro
853 1706 982 1766 secundo
1005 1701 1044 1765 ex'
1064 1704 1179 1766 Cassio.

164 1796 280 1855 Eadem
311 1797 388 1855 ratio
421 1799 467 1854 est
498 1796 530 1853 in
562 1795 680 1872 661166,
713 1814 789 1871 6666
821 1796 852 1855 16
883 1795 991 1854 insulis
1020 1796 1179 1856 maritimis

164 1885 448 2032 ἃΙιΠήΠ1166066611
467 1975 623 2048 sententia,
646 1972 678 2031 id
695 1972 880 2048 6666116661
899 1992 953 2048 pro
973 1975 1054 2032 66616
1077 1973 1180 2052 habet,

165 2062 340 2122 616661666
364 2063 520 2136 referatur,
543 2062 643 2122 666616
662 2108 668 2121 .
688 2063 725 2120 de
744 2063 849 2121 avibus
867 2063 977 2139 legatis
996 2080 1094 2121 sermo
1114 2081 1180 2123 6666

164 2154 277 2228 potest,
301 2151 336 2209 de
360 2151 469 2226 quibus
492 2150 575 2210 Paul.
591 2150 618 2210 S.
636 2153 668 2225 3,
685 2152 717 2228 6,
735 2153 783 2210 16.

535 2329 582 2386 De
604 2329 686 2387 66666
708 2329 809 2402 tepula.

252 2447 305 2513 46.
328 2446 365 2512 Ι).
381 2448 476 2530 33,1,
494 2449 543 2531 12,
559 2447 611 2512 16.
656 2445 814 2530 Ulpianus
837 2447 913 2514 ibid.
937 2443 988 2532 (P.
1003 2445 1114 2534 2610).
1135 2485 1179 2495 -—

231 2538 393 2602 sententia
414 2536 519 2603 Cassii
542 2587 567 2600 ..
590 2536 644 2620 qui
668 2535 902 2601 (116616116166
925 2536 1178 2602 instrumentum

163 2630 196 2690 et
232 2631 456 2692 6666666166
493 2621 552 2713 (66.
584 2621 712 2712 domus)
750 2625 888 2690 multum
923 2626 1091 2710 interesse3
1129 2625 1180 2689 in·
1276 2685 1277 2692 ,

162 2717 335 2780 strumenti
358 2716 444 2780 enim
467 2737 504 2780 ea
528 2736 611 2798 6666,
635 2736 716 2799 6666
741 2714 782 2778 ad
805 2716 941 2779 tutelam
964 2714 1078 2779 domus
1102 2736 1178 2798 per·

162 2806 276 2886 tinent,
300 2805 496 2888 ornamenti,
520 2826 601 2888 quae
626 2804 665 2868 ad
690 2804 900 2888 voluptatem,
926 2802 1022 2867 sicuti
1045 2804 1176 2869 tabulas
1275 2825 1277 2862 τ

162 2893 275 2973 pietas.
1274 2893 1276 2900 '

251 3007 287 3063 af.
304 3003 389 3061 Paul.
409 3003 437 3061 S.
458 3006 486 3078 3,
507 3006 535 3080 6,
555 3004 596 3062 56
700 3021 734 3061 66
762 3001 870 3077 661166
899 3002 1004 3062 domus
1032 3003 1179 3063 munitior
1274 2991 1276 3046 Ϊ

163 3091 211 3149 661
233 3093 302 3150 1616
323 3091 361 3150 61
384 3091 519 3150 incendio
542 3094 721 3166 praestatur.

250 3211 302 3274 47.
337 3211 374 3275 D.
388 3210 465 3274 ibid.
480 3211 499 3289 §
516 3210 567 3275 11.
590 3245 634 3255 -
657 3207 741 3273 Vela
769 3257 797 3273 ..
824 3208 938 3276 Oiliuia
966 3211 1177 3277 instrumenti
1272 3207 1275 3296 ξ

163 3319 232 3362 6666
256 3295 402 3382 Cassius,
430 3321 511 3382 quae
539 3299 612 3363 ideo
639 3301 809 3384 parantur,
836 3321 876 3363 ne
905 3299 1050 3364 aedificia
1078 3305 1177 3366 vento

162 3387 213 3450 661
235 3387 347 3470 pluvia
369 3387 528 3452 laborent.
1272 3381 1274 3410 ⁵

250 3475 302 3541 48.
327 3476 364 3541 D.
379 3476 455 3540 ibid.
470 3478 552 3558 620.
576 3513 618 3522 -
642 3477 690 3541 De
713 3476 794 3542 66116
817 3499 898 3562 quae
921 3477 955 3540 in
978 3476 1174 3560 hypaethris
1271 3509 1273 3576 Ι

162 3565 389 3650 extenduntur,
416 3567 494 3631 item
523 3564 650 3652 dehis,
678 3588 761 3650 quae
786 3570 862 3631 sunt
885 3566 968 3630 61666
992 3566 1174 3651 66166666,
1270 3579 1273 3638 1

1270 3673 1272 3710 l

1269 3721 1272 3808 1

1264 3815 1271 3871 1
