2570 3904
1069 186 1134 256 xix

113 375 233 450 potest,
256 370 283 431 si
312 369 350 430 ad
377 367 479 447 pridra
505 368 694 430 recurrimus,
744 370 815 446 post
842 369 936 430 verba
965 369 1045 429 enim
1067 369 1136 430 illst

113 455 311 538 ‘consequens
334 461 389 535 est,
412 461 448 518 ut
468 460 504 518 de
522 458 757 536 magistratuum
774 458 947 518 nominibus
966 461 998 518 et
1017 458 1132 536 origine

114 541 339 628 cognoscamus'
365 545 385 623 ξ
406 549 446 607 14
470 547 512 608 sic
534 547 654 623 incipit:
683 541 798 616 ‘Quod
823 547 867 607 ad
889 547 1132 626 magistratus

114 631 273 716 attinet',
308 655 385 716 quse
413 637 506 696 verba
535 636 573 696 ad
602 635 694 695 aliam
723 655 786 696 rem
818 636 960 697 videntur
996 639 1136 713 spectare

114 746 192 805 quae
237 726 310 787 olim
350 745 416 786 cum
452 725 680 804 magistratibus
713 725 870 786 coniuncte
911 725 1008 804 iisque
1045 744 1133 802 prae-

112 817 207 876 misse
226 815 334 877 iuerat.
367 832 443 891 qnae
461 833 510 875 res
529 814 627 891 qualis
645 814 747 890 fuerit,
765 814 888 890 Ulpiani
901 813 1133 890 Institutionum

112 907 285 985 fragmento
317 903 480 980 indicatur,
511 903 565 963 ubi
593 904 666 964 haec
693 902 839 982 leguntur
866 897 915 983 (D.
937 897 1134 983 1,1,1,n):

112 989 226 1054 ‘Huius
256 992 351 1053 studii
380 993 456 1052 duae
485 995 556 1052 sunt
583 993 760 1070 positiones,
789 992 942 1068 publicum
972 996 1003 1053 et
1033 992 1134 1069 priva·

112 1087 188 1143 tum.
239 1082 395 1159 publicum
423 1081 472 1141 ius
504 1084 551 1141 est
583 1081 663 1159 quod
694 1081 734 1140 ad
767 1083 882 1142 statum
908 1082 953 1148 rei
981 1082 1134 1142 Romanae

10 1247 11 1254 ¹
113 1175 246 1249 spectet,
345 1170 499 1247 publicum
524 1171 572 1230 ius
594 1170 631 1230 in
655 1169 782 1248 sacris,
805 1169 843 1228 in
869 1171 1133 1246 sacerdotibus,

10 1319 12 1342 ,
112 1262 152 1321 in
164 1260 446 1340 magistratibus
461 1253 658 1320 consistit'.
686 1258 833 1319 accedunt
846 1257 994 1336 imprimis
1010 1277 1131 1336 ecquae

113 1351 224 1410 Festus
247 1370 277 1426 p.
297 1349 359 1408 245
385 1349 421 1408 de
443 1348 571 1426 publicis
595 1348 688 1408 saeris
710 1350 742 1408 et
764 1348 869 1408 Livius
892 1347 908 1406 Ι
932 1349 974 1408 20
1001 1347 1037 1407 de
1060 1366 1137 1424 pou*

10 1445 12 1492 F
112 1439 230 1499 tificum
258 1437 357 1498 officio
386 1439 525 1497 tradunt:
553 1431 687 1514 ‘publica
715 1430 811 1498 sacra'
841 1429 896 1516 (sc.
921 1429 1020 1517 sunt),
1045 1429 1135 1513 ‘quae
1195 1435 1203 1446 “

113 1528 235 1605 publico
263 1529 387 1604 sumptu
415 1546 469 1603 pro
492 1527 604 1604 populo
627 1526 718 1604 fiunt,
742 1545 879 1604 quaeque
902 1545 956 1602 pro
980 1524 1134 1585 montibus

113 1616 204 1694 pagis
226 1615 306 1676 euris
329 1615 456 1692 sacellis;
481 1618 514 1675 at
536 1615 663 1694 privetu,
688 1634 764 1694 quae
783 1634 838 1692 pro
861 1615 989 1692 singulis
1008 1613 1136 1674 homini·

115 1705 175 1764 bus
200 1704 322 1765 familiis
351 1704 496 1783 gentibus
518 1697 616 1765 fiunt'
663 1698 845 1780 ‘pontificem
870 1749 903 1764 ..
927 1704 1133 1764 Numam

114 1813 154 1854 ex
170 1793 310 1870 patribus
328 1794 404 1872 legit
422 1794 509 1871 eique
528 1811 612 1858 sacra
631 1793 731 1854 omnia
750 1794 901 1871 exscripta
917 1793 1134 1871 exsignataque

113 1882 270 1956 attribuit,
294 1883 403 1960 quibus
432 1883 553 1960 hostiis,
576 1882 685 1960 quibus
710 1883 828 1960 diebus,
857 1882 995 1960 adquae
1019 1882 1135 1959 templa

11 1973 13 2038 f
113 1990 200 2034 sacre
223 1973 341 2050 fierent,
369 1976 460 2050 atque
484 1973 561 2032 unde
584 1972 617 2031 in
640 1989 691 2032 eos
715 1974 852 2048 sumptus
876 1971 1005 2048 pecunia
1028 1989 1134 2050 eroga·

113 2066 207 2122 retur.
270 2065 371 2122 cetera
403 2080 522 2139 quoque
555 2061 655 2121 omnia
686 2061 808 2137 publice
839 2061 1022 2139 privataque.
1050 2077 1134 2120 sacra

113 2150 266 2229 pontificis
296 2149 380 2210 scitis
404 2150 545 2227 subiecit,
573 2152 609 2210 ut
633 2153 725 2228 esset,
753 2170 812 2228 quo
836 2151 1007 2210 consultum
1030 2149 1133 2226 plebes

113 2240 245 2316 veniret,
281 2258 318 2298 ne
350 2238 422 2317 quid
454 2238 548 2301 divini
580 2239 654 2300 iuris
685 2239 870 2318 neglegendo
903 2239 1019 2316 patrios
1056 2237 1134 2298 ritus

113 2329 352 2407 peregrinosque
375 2328 567 2388 adsciscendo
589 2328 777 2406 turbaretur3
800 2348 857 2388 nec
878 2329 1022 2388 caelestes
1046 2326 1134 2386 modo

115 2417 315 2477 caerimonias
352 2416 404 2477 sed
445 2417 526 2477 iuste
566 2436 685 2496 quoque
730 2418 868 2477 funebria
911 2415 1139 2494 placandosque

112 2524 217 2566 manes
242 2509 277 2566 ut
305 2505 384 2566 idem
411 2506 547 2583 pontifex
572 2506 721 2582 edoceret,
750 2525 886 2585 quaeque
913 2505 1051 2582 prodigia
1073 2503 1135 2562 ful·

113 2595 246 2707 minibup
274 2593 372 2658 aliove
400 2613 459 2673 quo
481 2595 549 2656 visu
572 2596 664 2656 missa
687 2595 911 2672 susciperentur
934 2598 1027 2671 atque
1050 2609 1136 2651 cura·¹

114 2687 231 2745 rentur.

13 2843 14 2850 ,
204 2773 428 2850 Responsorum
446 2773 539 2851 igitur
555 2771 779 2850 spontifieibus
793 2770 935 2831 datorum
950 2769 1009 2828 duo
1024 2787 1135 2847 genere

13 2855 15 2926 l
115 2879 182 2922 esse
211 2865 350 2938 apparet:
378 2881 471 2923 unum
500 2882 604 2923 eorum
627 2880 704 2940 quae
727 2859 868 2939 privatis,
892 2859 1022 2919 alterum
1045 2857 1133 2936 idque

14 2955 16 3002 l
115 2950 280 3026 principale
308 2970 425 3030 eorum,
452 2971 530 3030 quae
552 2951 627 3029 regi,
651 2950 893 3030 magistratibus,
919 2948 1039 3011 senatui
1063 2949 1134 3009 date

14 3021 16 3050 ¹
117 3043 196 3099 sunt.
228 3040 386 3117 utriusque
404 3040 523 3119 generis
543 3042 678 3116 exempla
695 3041 745 3101 vel
762 3039 850 3100 hodie
870 3041 982 3100 extant.
1014 3057 1085 3098 nam
1103 3041 1135 3098 et

117 3128 159 3188 sic
182 3127 328 3204 scriptum
351 3129 502 3192 videmusr
525 3122 568 3189 ‘in
592 3148 627 3189 eo
651 3130 701 3208 qui
725 3129 757 3189 in
775 3147 851 3190 nave
869 3131 1002 3207 necatus,
1025 3126 1132 3186 deinde

14 3225 16 3236 ’
117 3215 148 3276 in
170 3236 254 3278 mare
276 3218 428 3296 proiectus
451 3221 540 3296 esset,
564 3218 696 3279 decrevit
714 3218 747 3279 P.
765 3211 894 3278 Mucius'
915 3209 945 3298 (l
964 3237 993 3293 p.
1014 3208 1079 3298 33).
1103 3217 1135 3275 et

118 3307 241 3367 alteriue
264 3308 383 3386 generis
406 3309 542 3385 exempla
559 3306 634 3367 haec
657 3310 740 3367 suut:
764 3301 808 3366 Ῥ.
832 3305 978 3367 Scaevola
1000 3305 1134 3381 pontifex
1259 3377 1261 3384 γ

118 3395 264 3457 maximus
293 3415 351 3473 pro
380 3397 506 3476 collegio
539 3396 706 3474 respondit:
739 3395 819 3476 quod
850 3396 882 3454 in
913 3394 979 3454 loco
1012 3393 1132 3469 publico

119 3483 263 3565 Licinnia,
289 3484 345 3546 cai
368 3485 440 3564 filie,
463 3485 581 3546 iniussu
603 3485 709 3561 populi
732 3483 910 3558 dedicasset,
934 3499 1051 3541 sacrum
1073 3495 1134 3535 non

16 3581 17 3584 ’
120 3567 257 3635 viderier'
282 3569 313 3654 (1
337 3595 366 3651 p.
387 3567 453 3657 33),
477 3575 508 3635 et
530 3577 699 3650 praetorem
723 3572 775 3648 qui
797 3564 1051 3694 diebus*uefastis
1074 3561 1135 3618 tris

877 3662 896 3714 b
