2580 3900
195 225 258 291 192
274 226 320 284 ΠΙ.
331 225 406 282 esu
417 224 564 280 CLAUDII
574 221 709 280 NERON.
719 221 864 279 GALBAE
874 222 979 278 ΤΕΜΡ.
989 221 1088 279 IURIS
1098 222 1206 280 CONS.

629 405 678 472 De
699 407 774 472 dote.

282 519 328 579 De
351 518 420 579 dote
443 518 590 594 promissa
613 538 641 578 v.
655 519 743 596 Resp.
760 519 789 577 3.

454 678 502 738 De
522 696 622 738 rerum
645 683 809 738 acutorum
831 680 949 738 actione.

283 781 312 845 9.
332 778 371 845 D.
382 780 434 864 25,
444 781 561 866 2,6pr.
596 780 717 845 Paulus
736 779 820 845 libro
840 780 978 864 septimo
999 779 1039 844 ad
1054 777 1213 845 Sabinum

194 866 244 955 (P.
261 865 371 958 1775).
401 906 440 917 -
471 865 595 935 Oontra
622 890 739 933 nurum
767 919 800 934 ..
829 889 939 934 socero
966 867 1028 933 hoc
1055 868 1214 934 iudicium

195 957 253 1045 (sc.
273 980 380 1023 rerum
408 954 607 1044 amotarum)
631 957 771 1022 dandum·
795 957 968 1022 Atilicinus
992 961 1026 1021 et
1048 955 1214 1023 Fulcinius

194 1048 296 1132 aiunt,
319 1049 469 1132 quotiens
493 1047 559 1112 filio
583 1046 725 1111 familias
745 1046 802 1112 dos
823 1046 899 1111 deta
918 1050 980 1128 est3
1004 1067 1151 1112 socerum
1171 1048 1214 1112 ob

193 1158 246 1202 res
271 1136 402 1201 divortii
419 1159 522 1206 ,causa
546 1138 672 1201 amotas
695 1135 775 1200 furti
799 1156 895 1221 agere
917 1157 983 1200 non
1005 1155 1110 1219 posse.

570 1299 617 1361 De
639 1303 837 1363 mooubtuotu.

287 1403 337 1469 10.
356 1402 394 1468 D.
405 1403 457 1488 25,
468 1403 497 1488 7,
510 1405 538 1488 1,
550 1406 578 1469 1.
613 1401 774 1488 Ulpianus
792 1403 876 1468 libro
896 1401 1036 1467 secundo
1050 1402 1091 1468 ad
1105 1403 1215 1487 legem

192 1491 313 1558 Iuliam
338 1496 370 1557 et
392 1492 527 1576 Papiam
551 1490 602 1579 (P.
619 1489 728 1580 1985).
753 1528 794 1540 —
819 1489 901 1558 Cum
924 1490 1082 1557 Atilicino
1107 1493 1214 1558 sentio

194 1587 227 1646 et
253 1585 333 1665 puto
361 1581 461 1646 solas
481 1603 535 1647 eas
563 1582 597 1646 in
625 1581 842 1648 concubinatu
868 1577 1000 1646 haberi²
1024 1602 1118 1665 posse
1143 1582 1215 1646 sine

194 1675 283 1736 metu
306 1670 465 1756 criminis,
487 1670 522 1734 in
545 1693 625 1755 quas
649 1675 797 1756 stuprum
820 1691 886 1735 non
909 1670 1134 1736 committitur.

500 1836 547 1896 De
569 1838 713 1896 commum
735 1835 902 1896 diuidundo.

283 1944 310 1984 v.
329 1924 419 2001 Resp.
438 1927 468 1984 4.

564 2007 614 2074 De
636 2007 838 2074 semitertius.

285 2116 334 2179 11.
362 2113 401 2179 D.
416 2115 446 2198 8,
460 2114 535 2201 3,5,
550 2115 578 2180 1.
623 2110 784 2199 Ulpianus
811 2114 895 2180 libro
919 2115 1058 2199 septimo
1086 2114 1215 2182 decimo

180 2203 235 2272 ¹ad
267 2203 408 2268 edietum
436 2201 485 2292 (P.
505 2201 608 2290 5960).
636 2239 679 2251 --
706 2202 861 2270 Neratius
892 2203 985 2270 libris
1013 2225 1052 2268 ex
1078 2202 1214 2272 Plautio

195 2292 242 2356 ait
277 2313 336 2358 neo
372 2293 524 2358 haustum
555 2315 615 2358 nee
648 2293 819 2378 appulsum
850 2294 977 2379 pecoris
1008 2314 1067 2358 noc
1105 2300 1215 2360 cretae

195 2381 380 2447 eximendae
399 2382 560 2468 calcisque
579 2381 763 2467 coquendae
781 2383 833 2447 ius
846 2403 943 2466 posse
957 2382 993 2446 in
1007 2381 1114 2448 alieno
1131 2404 1214 2468 esse,

195 2471 258 2536 nisi
277 2471 411 2536 fundum
429 2473 574 2537 vicinum
592 2472 720 2556 habeat,
744 2474 777 2536 et
794 2470 856 2536 hoc
874 2469 1048 2536 Proculum
1066 2474 1099 2535 et
1117 2471 1216 2538 Atili·

194 2559 303 2626 einum
326 2561 527 2627 existimasse
551 2560 606 2624 ait.

284 2651 335 2716 12.
367 2649 406 2714 D.
422 2651 452 2728 8,
465 2651 496 2732 3,
509 2648 562 2715 35.
611 2648 734 2715 Paulus
762 2648 847 2715 libro
877 2648 991 2733 quinto
1020 2647 1144 2714 decimo
1173 2650 1215 2714 ad

193 2738 359 2804 Plautium
380 2738 428 2823 (P.
441 2738 550 2826 1212).
569 2774 612 2785 —
631 2739 804 2804 Atilicinus
824 2737 871 2803 ait
889 2735 1060 2802 Gaesarem
1081 2734 1215 2806 Statilio

194 2825 303 2893 Tauro
331 2828 536 2912 rescripsisse
563 2827 598 2892 in
624 2827 705 2894 haec
731 2829 842 2893 verba:
876 2825 933 2891 ‘Hi
961 2826 1017 2911 qui
1045 2847 1083 2890 ex
1111 2825 1215 2894 fundo

196 2914 328 2982 Sutrino
356 2939 475 3000 aquam
504 2917 617 2981 ducere
645 2917 735 2981 soliti
763 2920 852 3000 sunt,
884 2916 1034 2981 adierunt
1059 2937 1112 2980 me
1140 2938 1215 2999 pro·

193 3008 435 3089 posueruntque
463 3027 594 3088 aquam,
622 3026 685 3089 qua
707 3026 765 3088 per
788 3005 913 3090 aliquot
935 3025 1036 3069 annos
1063 3003 1114 3069 usi
1137 3011 1216 3072 sunt

195 3114 234 3156 ex
253 3091 353 3175 fonte,
374 3094 429 3177 qui
448 3097 498 3158 est
516 3093 550 3156 in
568 3092 667 3156 fundo
687 3090 829 3177 SutrinO,
847 3093 962 3159 ducere
980 3113 1047 3158 non
1065 3095 1214 3177 potuisse

193 3180 1214 3354 ututtu:urezenuelt“neturus

193 3292 402 3443 neglegentiisJ
425 3320 481 3424 aut
504 3292 599 3443 talpa
622 3293 691 3424 suatl
703 3321 892 3444 amiserant,
918 3360 974 3425 sed
997 3359 1073 3445 quia
1096 3357 1214 3426 ducere

194 3467 259 3510 non
272 3450 435 3531 poterant,
451 3448 503 3513 his
517 3447 751 3514 restitueretur.
787 3471 924 3534 quorum
938 3448 1020 3514 mihi
1033 3450 1212 3533 postulatio

267 3591 281 3640 1
303 3585 350 3642 Εἰ.
368 3587 479 3644 habere.
