2602 3906
190 205 256 270 540
556 201 833 260 ADDITAMENTA.

279 365 346 431 42?
373 365 413 430 D.
427 367 479 448 34,
492 369 523 449 4,
537 368 567 446 6,
582 368 612 430 2.
644 365 763 432 Paulus
788 367 872 431 libro
896 365 1010 450 quinto
1035 365 1074 430 ad
1092 364 1201 451 legem

188 455 309 520 Iuliam
333 459 365 521 et
386 455 531 540 Papiam.
547 491 589 502 -—
611 457 681 520 ..si
705 477 764 539 pro
786 455 885 520 fundo
909 454 1018 520 decem
1041 454 1202 539 legentur,

190 543 321 628 quidem
344 548 460 628 putant
481 567 548 608 non
571 565 642 609 esse
665 543 849 627 ademptum
871 544 960 627 prius
985 544 1139 629 legatum.

278 634 331 698 43.
359 632 397 697 D.
416 633 469 715 33,
488 634 518 718 7,
538 634 579 698 12
589 657 636 718 pr.
676 631 835 718 Ulpianus
862 631 946 697 libro
975 631 1129 697 vicesimo
1161 632 1202 696 ad

191 719 355 787 Sabinum.
365 757 408 770 -
421 722 610 798 Quaesitum
630 727 688 804 est,
703 744 743 786 en
757 720 953 786 frumentum
969 721 1054 805 quod
1068 721 1201 785 cibariis

190 811 351 875 cultorum
370 817 521 894 paratum
538 810 631 893 foret,
649 813 863 875 instrumento
883 811 1018 875 cederet.
1053 815 1086 874 et
1102 810 1202 893 pluri·

190 899 340 964 misnen
362 899 478 983 placet,
502 899 579 982 quia
602 902 849 964 consumeretur.

277 989 330 1052 44.
355 986 393 1052 D.
412 988 489 1052 ibid.
512 1024 556 1034 —
578 987 661 1053 Item
683 988 847 1053 nonnullis
870 986 975 1052 visum
995 991 1045 1052 est
1062 987 1203 1052 frumen·

188 1080 273 1159 tum,
299 1077 385 1162 qnod
413 1077 537 1141 serendi
560 1097 658 1141 causa
680 1076 863 1160 depositum
887 1079 950 1160 est,
981 1077 1202 1141 instrumento

189 1165 357 1230 contineri.

445 1278 492 1336 De
515 1279 616 1337 monus
638 1279 826 1336 instrumento
849 1277 947 1351 leuato.

278 1387 331 1452 45.
367 1386 407 1452 D.
430 1386 505 1453 ibid.
530 1388 617 1467 §la
639 1423 684 1434 —
706 1386 844 1452 Acetum
867 1407 1008 1471 quoque,
1037 1387 1124 1472 quod
1150 1409 1204 1452 ex·

190 1475 377 1561 stinguendi
390 1475 530 1540 incendii
544 1498 640 1541 eausa
654 1479 798 1559 paratur,
811 1476 890 1540 item
906 1480 1059 1540 centones
1073 1475 1206 1561 sifones,

190 1564 345 1648 [perticae
370 1586 495 1650 quoque
524 1572 556 1629 et
583 1566 702 1646 scalae]
731 1569 764 1630 et
785 1565 961 1630 formiones
985 1567 1019 1627 et
1045 1565 1205 1650 spongias

189 1659 223 1718 et
246 1675 336 1718 amas
360 1659 393 1717 et
417 1675 530 1738 scopas
554 1653 712 1719 contineri
735 1653 879 1738 plerique
980 1652 1081 1718 aiunt.

279 1747 315 1806 cf.
339 1747 379 1824 n,
399 1749 417 1806 2
441 1769 470 1824 p.
490 1749 562 1808 305.

561 1908 608 1966 De
624 1925 706 1982 penu
726 1908 826 1981 leuato.

279 2017 331 2081 46.
358 2017 398 2081 D.
412 2017 469 2100 33,
484 2017 518 2094 9,
532 2017 567 2101 5,
583 2018 611 2082 1.
651 2016 772 2081 Paulus
795 2016 877 2081 libro
902 2020 1017 2102 quarto
1030 2017 1083 2080 ad
1108 2015 1203 2083 Sabi·

190 2126 278 2169 uum.
296 2140 339 2149 —
359 2155 388 2170 ..
409 2105 540 2189 quidem
563 2110 765 2191 negaverunt
786 2105 878 2190 piper
900 2110 933 2169 et
955 2106 1146 2190 ligusticum
1172 2111 1205 2171 et

190 2214 319 2258 careum
343 2200 376 2258 et
394 2194 478 2258 laser
497 2197 530 2257 et
549 2198 656 2259 cetera
674 2194 860 2259 huiusmodi
878 2194 912 2257 in
931 2215 1016 2278 penu
1035 2215 1100 2259 non
1121 2216 1204 2260 esse.

277 2286 366 2346 Pauli
389 2288 479 2363 plena
501 2287 593 2348 verba
616 2292 700 2348 sunt:
724 2282 815 2363 ‘quod
838 2287 959 2364 quidam
1047 2308 1108 2348 non
1128 2307 1203 2364 esse,

188 2375 393 2453 improbatum
416 2370 482 2438 est'.

276 2469 330 2533 47.
349 2467 476 2553 Gell.4,
492 2471 520 2553 1,
535 2470 563 2533 2.
581 2469 741 2554 —Ligna
760 2490 884 2553 quoque
904 2472 937 2533 et
957 2467 1065 2554 virgas
1085 2472 1120 2533 et
1134 2491 1203 2534 ear·

189 2558 290 2622 bones
319 2558 435 2642 quibus
464 2558 672 2624 conficeretur
699 2579 814 2641 penus,
847 2556 1039 2642 quibusdam
1067 2558 1114 2622 ait
1144 2556 1204 2643 (sc.

188 2645 351 2712 Masurius
376 2644 529 2735 Sabinus)
552 2647 654 2712 videri
677 2667 747 2716 esse
769 2646 803 2710 in
825 2667 918 2731 penu.

275 2735 342 2802 48?
356 2735 395 2800 D.
411 2735 464 2822 35,
477 2737 507 2819 2,
519 2740 547 2818 1,
557 2738 586 2803 8.
618 2734 738 2800 Paulus
755 2735 840 2799 libro
859 2735 1016 2820 singulari
1036 2736 1076 2800 ad
1090 2737 1203 2819 legem

187 2823 373 2890 Falcidiam.
393 2861 435 2872 —
459 2875 494 2890 ..
517 2826 544 2890 si
572 2826 618 2890 ila
644 2825 789 2909 legatum
813 2823 855 2888 sit
883 2823 986 2888 ‘heres
1010 2845 1101 2889 meus
1126 2823 1202 2889 Seio

186 2933 305 2997 penum
339 2913 431 2996 dato,
468 2915 495 2978 si
530 2936 596 2980 non
629 2912 764 2995 dederit,
796 2912 904 2977 decem
937 2909 1034 2997 dato',
1067 2913 1203 2997 quidam

187 3006 306 3083 putant
328 3002 512 3066 omnimodo
535 3003 569 3066 in
592 3003 700 3086 legato
719 3000 827 3066 decem
847 3022 929 3085 esse,
952 3023 1070 3085 penum
1091 3007 1202 3067 autem

188 3089 302 3152 mortis
325 3111 423 3154 causa
445 3091 517 3174 oapi
540 3111 598 3154 nec
621 3093 655 3153 in
680 3090 856 3155 Falcidiam
879 3090 1039 3174 imputare
1058 3090 1091 3154 id
1110 3090 1203 3155 here-

188 3175 261 3239 dem
283 3198 388 3260 posse.

545 3271 592 3330 De
613 3273 713 3331 ovibus
736 3273 843 3346 leyutta

276 3378 328 3441 49.
351 3377 390 3442 D.
404 3379 458 3461 32,
472 3379 525 3461 81,
538 3381 569 3444 4.
605 3379 806 3446 Modestinus
829 3382 912 3446 libro
935 3403 1021 3447 nono
1040 3381 1205 3448 Differen-

186 3466 316 3530 tiarum.
335 3502 377 3512 -
401 3466 520 3538 Ovibus
548 3469 664 3552 legatis
691 3490 794 3552 neque
823 3490 925 3555 agnos
954 3492 1057 3555 neque
1081 3473 1203 3537 arietes

188 3554 347 3618 contineri
370 3555 497 3637 quidam
522 3605 550 3620 ..
575 3557 769 3621 existimant.
