2590 3902
376 233 399 279 4.
424 225 454 280 L.
474 225 657 280 NERATIUS
676 225 823 280 PRISCUS
1037 225 1101 289 319

94 388 255 454 succidere
284 392 440 472 quantum
470 388 509 452 ad
533 389 628 452 villae
651 384 857 454 refectionem
880 393 974 474 putat
997 411 1101 474 posse,

93 478 346 558 quemadmodum
386 477 509 561 calcem,
554 476 672 561 inquit,
714 499 836 560 coquere
870 479 917 544 oei
951 478 1101 544 baronum

91 567 192 646 fodore
215 567 340 631 aliudue
361 567 438 648 quid
459 567 599 648 aedificio
620 569 825 632 necessarium
847 588 972 633 sumere.

181 655 232 720 18.
252 652 291 720 D.
299 655 327 737 7,
335 656 420 738 1,44.
454 653 606 719 Neratius
623 655 705 719 libro
720 656 817 720 tertio
831 655 1101 720 Membranarum
1118 671 1121 676 '

96 779 131 790 -
165 741 432 808 Usufructuarius
465 766 583 809 novum
615 743 786 809 tectorium
817 744 1010 828 parietibus,
1046 745 1101 830 qui

94 833 186 896 rudes
224 831 377 910 fuissent,
413 835 577 917 imponere
609 855 674 897 non
706 835 826 915 potest,
864 834 937 916 qnia
968 834 1101 898 tametsi

94 921 258 986 meliorem
278 921 452 986 excolendo
472 921 652 985 aedificium
673 921 793 986 domini
813 943 943 986 eausam
957 923 1100 986 facturus

95 1014 189 1092 esset,
216 1031 282 1074 non
309 1016 418 1074 tamen
441 1009 474 1074 id
499 1012 567 1073 iure
591 1030 649 1074 suo
672 1009 777 1074 facere
800 1013 922 1094 potest,
951 1010 1100 1093 aliudque

95 1103 141 1162 est
162 1099 249 1163 tueri
272 1098 358 1184 quod
382 1099 560 1182 accepisset
583 1099 670 1164 aliud
692 1120 812 1164 novum
834 1097 967 1164 facera¹

423 1275 473 1340 De
496 1276 632 1341 lebertoto
653 1277 768 1341 relicto.

180 1382 231 1446 19.
259 1380 298 1445 D.
312 1383 365 1466 40,
380 1383 409 1463 7,
427 1384 475 1448 17.
524 1381 677 1448 Neratius
705 1382 788 1447 libro
816 1383 913 1447 tertio
942 1381 1099 1448 Membra-

21 1521 22 1530 ,
94 1492 214 1536 narum.
241 1507 278 1517 -
306 1469 339 1536 si
368 1471 476 1537 decem
503 1471 613 1536 heredi
636 1471 789 1553 dedisset,
815 1471 922 1536 iussus
946 1474 996 1536 est
1019 1471 1101 1536 liber

94 1581 168 1628 esse.
204 1559 312 1625 decem
335 1560 435 1625 habet
454 1565 486 1625 et
503 1560 694 1625 tantundem
713 1559 843 1625 domino
863 1560 970 1625 debet:
993 1560 1099 1625 dando

21 1691 22 1698 κ
93 1647 171 1714 baec
195 1648 304 1713 decem
327 1669 393 1714 non
416 1649 615 1714 liberabitur.
652 1671 727 1713 nam
746 1649 831 1732 quod
851 1649 1042 1714 statulibero
1061 1671 1100 1713 ex

21 1797 22 1802 ,
93 1739 217 1820 peculio
234 1760 292 1803 suo
308 1736 383 1802 dare
397 1739 572 1823 explendae
588 1737 785 1804 condicionis
801 1760 899 1803 causa
914 1759 1100 1803 concessum

94 1831 146 1910 est,
169 1828 218 1892 ita
241 1825 446 1912 interpretari
469 1826 631 1910 debemus,
653 1831 773 1892 utnon
793 1827 890 1892 etiam
910 1849 1005 1892 exeo
1025 1826 1100 1892 dare

92 1917 207 1999 possit,
240 1915 325 1999 quod
358 1921 449 1980 extra
480 1916 641 1999 peculium
672 1919 730 1982 est.
780 1937 839 1981 nec
867 1938 918 1980 me
945 1917 1101 2001 praeterit

92 2003 149 2070 hos
176 2025 328 2070 nummos
355 2004 533 2090 peculiares
557 2027 651 2088 posse
675 2002 750 2088 diei,
778 2006 939 2089 quamvis,
967 2005 994 2070 si
1017 2005 1099 2069 nihil

91 2097 260 2176 praeterea
293 2115 402 2159 servus
434 2092 569 2176 habeat,
601 2093 761 2177 peculium
789 2094 913 2158 nullum
942 2094 993 2160 sit.
1044 2094 1099 2161 sed

92 2181 233 2247 dubitari
260 2203 326 2246 non
352 2185 493 2266 oportet,
523 2183 600 2266 quin
628 2183 706 2247 baec
734 2204 825 2248 mens
850 2182 947 2247 fuerit
969 2182 1002 2248 id
1025 2205 1099 2248 con·

91 2271 304 2354 stituentium,
318 2275 355 2335 ut
370 2271 463 2356 quasi
478 2293 516 2336 ex
529 2271 724 2355 patrimonio
740 2293 797 2336 suo
813 2270 908 2335 dandi
922 2271 1099 2336 eo'nomine

91 2381 182 2425 servo
206 2362 355 2443 potestas
378 2363 471 2442 esset,
496 2359 572 2444 quia
594 2360 627 2424 id
650 2360 788 2425 maxime
813 2360 882 2424 sine
904 2359 1023 2424 iniuria
1046 2362 1100 2424 do·

90 2450 250 2514 minorum
279 2446 410 2513 concedi
437 2447 613 2513 videbatur.
658 2448 743 2533 quod
772 2449 800 2512 si
822 2447 908 2512 ultra
931 2447 1003 2531 quis
1026 2469 1099 2532 pro·

91 2537 264 2622 gradietur,
281 2557 347 2601 non
365 2537 502 2601 multum
522 2537 634 2622 aberit,
654 2537 731 2623 quin
750 2536 848 2600 etiam
868 2557 922 2600 eos
941 2557 1100 2614 nummos,

91 2648 169 2710 quos
187 2625 319 2690 domino
334 2624 539 2713 subripuerit,
558 2626 661 2691 dando
678 2624 902 2690 statuliberum
917 2623 1099 2688 condicioni

92 2714 332 2780 satisfacturum
357 2714 526 2778 existimet.

385 2889 435 2956 De
457 2892 606 2975 emptione
627 2891 803 2956 sorditiem.

178 2998 232 3063 20.
255 2997 293 3061 D.
306 2997 500 3081 19,1‚31pr.
541 2997 695 3063 Neratius
719 2997 802 3063 libro
821 2996 919 3062 tertio
938 2995 1098 3062 Membra·

91 3108 213 3151 nerum.
243 3083 344 3150 —Si
372 3108 409 3150 ea
436 3108 502 3169 res,
529 3107 626 3171 quam
654 3110 692 3152 ex
720 3091 827 3171 empto
853 3089 1018 3170 praestare
1046 3087 1099 3152 de·

92 3176 215 3258 bebam,
236 3175 268 3239 vi
286 3175 366 3238 mibi
385 3174 534 3259 adempta
552 3175 662 3260 fuerit,
682 3176 828 3260 quamvis
847 3197 918 3240 eam
938 3175 1098 3241 custodire

93 3264 269 3347 debuerim,
297 3268 405 3328 tamen
428 3264 560 3348 propius
585 3269 647 3347 est,
674 3272 712 3329 ut
733 3265 815 3329 nihil
840 3265 976 3350 amplius
1001 3287 1098 3349 quam

94 3353 233 3418 octones
265 3352 505 3436 persequendae
536 3352 603 3416 eius
636 3353 794 3438 praestari
827 3376 845 3417 a
878 3375 928 3417 me
962 3353 1098 3436 emptori

95 3445 254 3527 oporteat,
281 3441 356 3526 quia
384 3440 530 3506 custodia
557 3441 708 3506 adversus
732 3443 796 3505 vim
820 3463 935 3526 parum
958 3441 1096 3525 proficit.

162 3603 176 3651 1
196 3597 243 3653 Fi.
263 3613 299 3651 an
317 3613 420 3652 norum
438 3597 551 3652 faceret.
