2590 3902
155 210 224 274 -310
260 210 292 263 V.
311 207 460 263 NERVAE
480 206 526 262 ΕΤ
546 207 698 263 TRAIANI
716 206 822 264 Tune.
841 205 938 263 IURIS
957 205 1136 262 CONSULTI

245 373 274 439 3.
298 371 338 438 D.
348 371 455 453 ibide
469 373 495 436 1.
517 407 555 417 -
577 369 638 436 Sed
663 375 695 434 et
713 371 742 435 si
760 374 890 435 eurator
909 392 928 434 a
946 373 1049 435 matre
1067 374 1170 435 testa·

157 465 265 526 mento
290 460 384 526 datus
408 461 451 525 sit
473 461 549 526 filiis
573 460 650 545 eius,
673 459 801 524 deereto
824 458 1034 525 confirmatur
1057 481 1096 524 ex
1119 459 1169 524 in-

156 549 337 633 quisitione.

570 677 678 737 Liber
700 676 753 738 IV.

525 778 574 844 De
596 778 798 844 servitutibus,

243 890 273 951 4.
298 886 335 950 D.
346 887 376 970 8,
386 885 499 970 3‚2pr.
540 882 695 950 Neratius
718 884 801 949 libro
823 888 938 969 quarto
957 883 1171 969 Regularum
1224 903 1227 908 ·

155 1011 197 1023 -
212 975 418 1040 Rustioorum
437 974 642 1059 praediorum
661 973 832 1038 servitutes
847 975 935 1038 sunt:
949 972 1045 1037 lieere
1068 973 1168 1038 altius

155 1064 269 1130 tollere
293 1069 325 1129 et
348 1063 476 1128 officere
499 1062 661 1147 praetorio
682 1061 790 1146 vieini,
814 1061 864 1125 vel
885 1062 1027 1127 eloaeam
1045 1061 1168 1126 habere

156 1154 252 1220 licere
271 1176 329 1237 per
346 1152 444 1218 vieini
462 1151 593 1216 domum
612 1150 664 1215 vel
682 1151 890 1234 praetorium,
912 1151 964 1215 vel
982 1153 1168 1235 protectum

153 1243 273 1308 habere
297 1243 399 1306 linere.

242 1331 272 1396 5.
296 1329 335 1396 D.
345 1329 450 1410 ibide
464 1331 491 1394 1.
513 1364 551 1375 —
574 1327 687 1412 Aquae
711 1326 824 1393 duetus
848 1331 882 1392 et
903 1326 1038 1392 haustus
1062 1349 1167 1412 aquae

156 1441 214 1505 per
237 1419 373 1484 eundem
395 1420 501 1483 loeum
524 1421 562 1481 ut
582 1414 725 1500 dueatur,
749 1416 846 1480 etiam
866 1416 1013 1500 pluribus
1033 1416 1167 1482 eoneedi

158 1505 208 1594 (in
227 1508 298 1594 iure
311 1503 426 1594 aedil)
445 1509 563 1590 potest.
587 1505 822 1590 potestatium,
841 1510 878 1569 ut
897 1504 1032 1569 diversis
1051 1505 1165 1570 diebus

155 1598 207 1661 vel
230 1596 318 1661 horis
343 1595 487 1661 dueatur.
533 1593 560 1658 si
583 1614 686 1678 aquae
705 1593 817 1658 duetus
836 1594 888 1659 vel
906 1594 1042 1659 haustus
1062 1615 1166 1678 aquae

154 1684 317 1749 sufficiens
347 1687 411 1768 est,
437 1687 545 1768 potest
573 1687 605 1746 el
632 1683 778 1766 pluribus
812 1703 869 1766 per
896 1681 1031 1747 eundem
1058 1682 1166 1748 locum

155 1773 286 1837 concedi
309 1770 358 1860 (in
380 1773 448 1837 iure
472 1769 588 1857 aedil),
611 1774 703 1836 utet
726 1771 840 1835 iisdem
865 1771 978 1836 diebus
1001 1770 1052 1836 vel
1074 1771 1165 1836 horis

153 1860 296 1925 dueatur.

575 1970 682 2030 Liber
704 1971 740 2030 V.

381 2072 432 2138 De
454 2073 641 2156 metuende
663 2092 768 2137 rerum
790 2073 934 2138 domimo.

241 2179 271 2244 6.
302 2177 520 2262 D.41,1,15.
562 2176 652 2242 Idem
672 2174 731 2264 (se.
749 2174 918 2265 Neratius)
941 2178 1024 2243 libro
1049 2178 1163 2263 quinto

152 2266 359 2351 Regularum.
384 2302 425 2314 -
450 2266 514 2343 Qui
537 2316 567 2332 ..
590 2269 625 2332 in
651 2268 723 2350 ripa
750 2266 891 2332 fluminis
915 2266 1073 2352 aedificat,
1096 2289 1165 2334 non

153 2378 246 2422 suurn
268 2355 358 2422 feeit.

242 2447 270 2511 7.
294 2445 333 2510 D.
344 2446 397 2530 41,
407 2446 436 2530 3,
446 2446 498 2511 40.
539 2443 692 2509 Neratius
716 2444 801 2511 libro
824 2444 937 2528 quinto
956 2444 1165 2530 Regularum.

152 2569 195 2581 -—
205 2533 362 2620 Coeptam
377 2533 605 2620 usucapionem
620 2533 798 2598 adefuneto
809 2555 903 2617 posse
913 2537 947 2598 et
957 2538 1030 2598 ante
1041 2533 1165 2600 aditam

148 2623 362 2690 hereditatem
384 2624 513 2708 impleri
535 2623 747 2689 constitutum
769 2626 828 2687 est.

565 2825 675 2884 Liber
698 2824 749 2883 VI.

445 2927 496 2993 De
517 2927 666 3008 emptione
687 2925 862 2990 venditione.

237 3036 267 3099 8.
291 3034 538 3115 D.41‚1,13pr.
574 3029 728 3095 Neratius
748 3029 830 3094 libro
850 3032 940 3094 sexto
955 3029 1163 3116 Regularum.

149 3159 189 3170 -
221 3120 256 3187 Si
283 3125 473 3205 procurator
500 3140 567 3182 rem
596 3118 675 3182 mihi
703 3118 818 3182 emerit
845 3140 883 3183 ex
912 3118 1064 3184 mandato
1088 3141 1162 3186 meo

151 3213 243 3296 eique
267 3210 309 3274 sit
332 3208 452 3273 tradita
476 3229 546 3272 meo
570 3207 715 3290 nomine,
738 3205 914 3272 dominium
938 3208 1018 3272 mihi
1040 3206 1087 3293 [id
1111 3214 1164 3275 est

149 3299 348 3384 proprietas]
374 3295 552 3380 adquiritur
576 3295 673 3359 etiam
697 3296 869 3379 ignoranti.

238 3388 268 3452 9.
291 3385 330 3451 D.
344 3385 423 3450 ibid.
438 3387 458 3465 ξ
475 3386 502 3450 1.
529 3420 567 3430 -
590 3382 635 3448 Et
657 3387 748 3449 tutor
769 3383 885 3467 pupilli
907 3384 1049 3469 pupillae
1073 3385 1162 3449 simi·

150 3477 226 3542 liter
258 3479 295 3540 ut
327 3478 517 3560 procurator
549 3471 682 3537 emendo
713 3472 844 3536 nomine
873 3471 988 3558 pupilli
1015 3472 1161 3556 pupillae

149 3565 382 3649 proprietatem
405 3562 471 3628 illis
494 3559 636 3646 adquirit
659 3561 756 3626 etiam
778 3560 1015 3645 ignorantibus.
