2570 3904
398 219 423 268 4.
443 213 472 269 C.
488 212 632 268 CASSIUS
650 211 833 268 LONCINUS
1080 212 1120 275 13

107 381 312 460 posteriorum
335 400 454 457 quoque
475 381 552 440 iuris
578 381 780 440 consultorum
803 381 889 440 libris
912 388 1028 441 veteres
1052 399 1121 440 sen·

107 470 220 530 tentiae
235 489 305 529 eum
318 469 451 528 tenuisse
465 470 593 547 legimns
604 465 686 548 (Vat.
697 471 733 529 fr.
747 475 760 528 1
775 465 831 529 ‘ita
845 472 875 529 et
884 472 1002 531 veteres
1012 472 1120 545 putant

109 563 142 620 et
163 557 291 618 Sabinus
311 564 342 617 et
361 556 482 618 Cassius
506 551 662 618 scribunt'.
704 559 738 616 D.
755 561 805 635 41,
821 561 850 632 2,
870 560 955 637 3,18
976 552 1121 636 ‘plerique

109 646 250 712 'veterum
265 650 296 708 et
306 645 434 706 Sabinus
449 651 479 706 et
489 646 609 706 Cassius
625 693 648 706 ..
663 641 898 723 responderunt'.
930 647 966 706 D.
978 648 1029 723 35,
1040 650 1069 724 2,
1079 650 1118 707 31

107 732 287 796 ‘seeundum
316 733 411 794 Cassii
442 738 473 795 et
503 738 639 795 veterum
671 729 872 815 opinionem').
931 755 985 795 neo
1020 738 1121 794 tamen

108 844 221 902 magna
249 823 452 882 intercedente
479 842 570 883 cauea
605 827 741 885 veterum
773 824 940 899 opinionem
971 823 1121 883 interdum

109 913 282 990 relinquere
302 912 450 973 dubitavit
469 903 518 994 (D.
539 916 567 990 2,
586 914 616 988 4,
635 915 664 985 4,
682 914 701 970 2
726 905 860 990 ‘quidam
879 960 885 971 .
904 959 911 973 .
931 957 937 972 .
962 914 1048 972 aiunt
1070 957 1121 972 ...

108 1003 168 1062 boo
203 1003 320 1063 veteres
358 1001 542 1060 existimasse
579 1001 760 1076 Pomponius
797 1001 902 1077 refert,
943 1001 995 1060 sed
1030 1001 1121 1062 Caius

110 1090 235 1151 Cassius
261 1134 319 1149 ...
343 1089 424 1166 dicit,
448 1089 526 1166 quod
549 1135 555 1149 .
576 1137 582 1149 .
605 1089 760 1149 honestius
783 1092 830 1148 eet
853 1081 941 1170 ..’).

201 1177 235 1247 Q.
264 1178 394 1254 Mucius,
426 1179 510 1237 1111111
543 1179 621 1254 apud
649 1178 792 1237 Sabinum
825 1195 913 1253 saepe
946 1178 1056 1238 mentio
1087 1177 1123 1236 fit

3 1259 4 1262 ¹
114 1260 200 1350 (Π1
227 1287 255 1342 p.
276 1259 368 1348 322),
395 1267 426 1325 in
454 1264 549 1326 Cassii
580 1267 700 1343 quidem
730 1267 907 1343 fragmentis
938 1284 998 1324 non
1028 1266 1122 1325 nomi·

110 1360 217 1433 natur3
242 1355 340 1415 Servii
354 1354 480 1431 Sulpicii
498 1359 658 1432 utrumqne
674 1355 821 1415 rationem
835 1355 976 1414 habuisse
990 1356 1122 1430 apparet.

112 1448 203 1520 atque
234 1446 270 1502 ut
297 1443 425 1503 Sabinus
456 1443 538 1503 illius
571 1444 734 1503 sententias
762 1445 837 1502 alies
864 1442 1015 1519 probavit,
1048 1443 1122 1502 alias

112 1533 218 1592 reiecit
246 1525 280 1613 (l.
305 1527 357 1612 1.),
393 1533 437 1590 ita
470 1531 590 1592 Cassius
623 1533 759 1592 Servium
795 1531 882 1592 modo
922 1535 1040 1592 secutus
1078 1534 1125 1590 est

115 1615 168 1701 (D.
183 1623 233 1698 40,
250 1625 278 1699 7,
294 1623 323 1697 3,
340 1623 358 1679 2
383 1615 462 1700 ‘oum
481 1666 488 1681 .
504 1668 510 1680 .
528 1639 629 1683 veram
653 1625 791 1697 putemus
818 1621 997 1681 sententiam
1020 1619 1124 1696 Servii,

113 1709 278 1783 videamus,
303 1728 342 1768 an
356 1755 362 1768 .
377 1755 385 1770 .
400 1757 406 1770 .
421 1710 544 1785 proinde
567 1710 686 1769 defendi
707 1713 828 1786 potest.
844 1757 850 1771 .
866 1755 872 1769 .
888 1714 919 1769 et
940 1710 984 1770 ita
1003 1709 1123 1768 Cassius

112 1817 231 1876 qnoque
263 1791 407 1880 scribit'),
435 1799 522 1858 modo
550 1817 618 1858 oum
641 1797 750 1859 Sabino
772 1799 897 1876 reliquit
919 1791 998 1879 (oei.
1014 1801 1043 1876 2,
1058 1800 1122 1857 244

112 1881 133 1946 ‘.
144 1930 169 1947 ..
184 1886 354 1964 quaeritur:
373 1886 494 1948 Servius
509 1935 515 1947 .
528 1933 550 1946 ..
565 1889 662 1964 putat,
681 1933 688 1946 .
704 1934 710 1946 .
726 1933 733 1946 .
748 1887 875 1947 Sabinus
890 1891 921 1946 et
935 1887 1056 1947 Cassius
1071 1932 1077 1946 .
1093 1929 1100 1946 .
1115 1933 1121 1946 .

111 1968 260 2058 putent').
310 1973 390 2034 Ofilii
427 1994 545 2053 quoque
581 1980 705 2053 uterque
737 1977 885 2037 rationem
917 1976 1033 2052 hebuit;
1072 1977 1124 2034 sed

114 2064 239 2125 Caesius
268 2065 299 2123 in
327 2083 385 2124 uuo
413 2065 582 2140 fragmento
604 2065 695 2141 idque
717 2065 775 2139 ita,
799 2068 832 2124 ut
854 2064 1032 2124 sententiam
1059 2064 1123 2123 eius

113 2154 266 2229 improbet
288 2144 530 2235 (1).2,1,11,2
554 2149 616 2213 ‘...
635 2156 819 2232 utrum...,
848 2154 928 2230 quod
951 2151 1039 2212 Ofilio
1063 2201 1069 2213 .
1090 2197 1123 2214 ..

111 2242 226 2319 placet,
344 2260 382 2300 an
402 2285 435 2302 ..
457 2287 476 2316 .,
505 2242 585 2318 quod
612 2240 714 2301 Cassio
736 2286 742 2301 .
763 2287 769 2302 .
788 2289 795 2303 .
816 2235 951 2324 plaeet').
997 2241 1124 2318 denique

114 2330 265 2402 Trebatii,
305 2330 356 2407 qni
387 2331 420 2388 in
452 2329 555 2390 sabini
586 2331 763 2409 fragmentis
795 2349 943 2409 nusquam
974 2331 1123 2403 laudatur,

112 2437 293 2496 responsum
307 2418 427 2478 Cassius
446 2419 559 2497 attulit,
578 2420 657 2497 quod
671 2419 805 2480 Labeoni
824 2422 988 2497 opponeret
1007 2411 1058 2499 (D.
1074 2421 1124 2494 30,

113 2510 145 2584 5,
161 2512 178 2567 1
200 2501 313 2619 ‘Labeo
332 2508 376 2567 ait
388 2552 396 2567 .
410 2553 419 2570 .
433 2554 440 2568 .
455 2507 631 2568 Trebatium
649 2527 719 2569 vero
733 2508 920 2585 respondisse
935 2552 942 2567 .
957 2553 964 2567 .
979 2552 988 2568 .
1002 2507 1123 2566 Cassius

112 2596 236 2656 scrisit
264 2641 271 2654 .
345 2633 346 2637 =

172 2587 374 2744 pLabeonem
398 2684 428 2742 in
452 2685 517 2746 aliis
541 2685 698 2745 sententiis
720 2687 846 2761 uterque
865 2686 984 2744 secutus
1009 2673 1059 2764 (D.
1075 2683 1126 2759 36,

102 2776 247 2851 .2,12,1
277 2768 298 2833 ³.
312 2821 340 2834 ..
365 2774 547 2850 quaestionis
574 2773 642 2834 fnit.
692 2777 723 2833 et
750 2772 851 2833 Labeo
881 2776 911 2832 et
938 2771 1067 2831 Sabinus
1096 2774 1127 2831 et

113 2862 223 2922 Celsus
239 2865 270 2921 et
284 2861 404 2922 Cassius
420 2866 450 2922 et
464 2863 616 2923 Iulianus.
628 2856 674 2922 ..'.
705 2862 743 2922 D.
755 2864 783 2938 7,
795 2864 823 2939 8,
835 2864 887 2941 12,
902 2865 920 2920 1
941 2855 1080 2920 ‘Sabinus
1095 2864 1126 2920 et

113 2949 239 3010 Cassius
260 2953 291 3010 et
308 2950 409 3011 Labeo
424 2997 430 3011 .
444 2994 453 3011 .
467 2944 511 3033 3),
528 2953 560 3011 in
575 2952 641 3012 aliis
661 2954 836 3028 aspernatus
855 2954 904 3011 est
922 2945 1000 3032 (Gai.
1018 2953 1046 3028 2,
1062 2953 1123 3011 231

111 3035 226 3099 *nostri
245 3042 516 3118 prae'eeptores...,
535 3041 588 3100 sed
605 3035 780 3101 Labeo...''.
817 3040 853 3100 ef.
872 3040 907 3100 D.
927 3043 977 3114 35,
995 3042 1067 3118 1,6,
1084 3033 1127 3122 1).

112 3131 181 3188 tum
205 3129 238 3186 in
262 3127 330 3186 aliis
353 3129 434 3188 solus
459 3129 589 3188 Sabinus
609 3129 778 3190 Labeonem
801 3132 919 3190 secutus
938 3133 985 3189 est
1005 3121 1046 3209 (v.
1060 3129 1124 3188 Π1

114 3237 144 3293 p.
165 3207 259 3297 323),
287 3216 319 3275 in
342 3217 408 3276 11111
433 3217 554 3277 01111111
577 3209 658 3298 (Gai.
679 3221 787 3294 3,140
811 3213 921 3278 ‘Labeo
941 3261 1008 3296 ...,
1041 3219 1126 3277 euius

115 3305 288 3380 opinionem
321 3303 444 3365 Cassius
476 3299 604 3382 probat’.
658 3307 694 3366 D.
719 3310 769 3384 28,
794 3310 827 3380 2,
852 3308 924 3383 6pr.
957 3301 1000 3366 ‘et
1026 3306 1126 3366 Labeo

115 3397 149 3452 et
181 3393 304 3454 Cassius
341 3395 475 3454 scribunt
489 3387 512 3478 ).
566 3395 692 3472 denique
723 3397 755 3454 in
787 3396 854 3455 eliis
886 3396 967 3454 solus
999 3393 1127 3453 Sabinus

114 3481 289 3543 Labeonem
317 3483 441 3560 reliquit
468 3476 502 3566 (l.
530 3475 583 3566 1.),
614 3485 646 3544 in
673 3484 740 3544 aliis
769 3483 888 3543 Cassius
912 3475 963 3562 (D.
984 3485 1034 3557 13,
1055 3483 1124 3554 6,1

117 3565 231 3634 ‘Labeo
263 3572 385 3649 quidem
417 3573 461 3632 ait
483 3616 492 3632 .
511 3619 518 3632 .
538 3619 559 3650 .,
591 3573 643 3633 sed
669 3576 705 3631 ut
731 3573 858 3647 apparet
876 3615 884 3629 .
902 3614 910 3630 .
928 3613 949 3638 .,
976 3568 1064 3639 idque
1098 3567 1129 3620 et
