2602 3906
174 213 241 278 462
277 213 310 268 V.
330 211 480 266 NERVAE
501 213 547 266 ET
565 211 717 268 TRAIANI
735 213 841 270 TEMP.
861 213 956 268 IURIS
976 213 1159 270 CONSULTI

268 376 317 440 14.
355 375 392 440 D.
412 376 464 457 21,
484 377 513 454 2,
533 375 584 440 60.
642 375 814 442 Iavolenus
851 377 933 442 libro
971 377 1111 442 secundo
1150 399 1190 443 ex

176 465 315 530 Plautio.
341 499 379 510 ψ-
404 463 442 529 Si
468 465 504 528 iu
531 466 702 530 venditione
728 467 842 530 dictum
868 467 1009 544 nonsit,
1036 471 1192 548 quantum

175 554 360 618 uenditorem
378 573 437 636 pro
457 555 600 618 evictiouc
611 559 772 636 praestare
790 560 931 639 oporteat,
953 555 1033 620 nibil
1050 557 1191 621 uenditor

170 643 340 725 praestabit
355 647 481 724 praeter
498 644 644 724 simplam
662 644 816 708 evictionis
833 645 955 708 nominc
972 649 1002 709 et
1018 664 1054 709 ca
1072 649 1190 710 natura

175 752 213 796 ea
234 736 332 813 empto
354 732 484 796 actionis
505 730 560 796 boc
581 733 663 814 quod
683 734 815 798 interest.

433 873 483 938 Dc
504 874 662 938 verboram
684 875 924 956 oblipationibus.

266 980 316 1045 15.
341 978 379 1044 D.
393 980 446 1062 45,
462 981 492 1064 3,
506 981 558 1045 34.
593 979 766 1045 Iavolenus
779 981 864 1047 libro
879 981 1018 1046 secundo
1035 981 1075 1046 ad
1090 981 1188 1046 Plau·

175 1068 266 1133 tium.
283 1106 321 1114 —
336 1068 376 1133 Si
392 1089 497 1134 servm
511 1074 686 1134 testamento
699 1072 917 1154 manumissus,
930 1091 1000 1135 cum
1012 1091 1044 1136 se
1058 1070 1188 1135 liberum

174 1178 236 1222 esse
258 1159 414 1241 ipuoraret
435 1163 464 1222 et
485 1159 520 1222 in
537 1179 633 1223 causa
650 1159 838 1223 hereditaria
857 1164 1001 1242 maneret,
1020 1161 1188 1242 pecaniam

173 1246 276 1312 borecli
303 1248 469 1328 stipulatas
491 1251 546 1325 cst,
572 1247 654 1313 nibil
675 1247 827 1312 debebitur
848 1248 1019 1328 heredibus,
1047 1250 1076 1314 si
1097 1250 1187 1313 modo

173 1337 298 1400 scierint
328 1356 397 1400 eum
426 1341 600 1401 testamento
627 1338 867 1420 manumissam,
899 1339 974 1420 quia
1000 1358 1064 1402 non
1086 1343 1189 1419 potest

173 1426 271 1489 uideri
297 1425 412 1490 iustam
439 1426 610 1490 sevitutem
636 1427 763 1491 servisse
787 1428 841 1504 iis,
867 1428 922 1508 qui
943 1427 1033 1491 illum
1057 1427 1187 1490 liberum

173 1533 234 1578 esse
261 1535 323 1579 uon
349 1514 541 1596 ipnorobaut.
585 1515 681 1579 drsmt
700 1516 728 1580 is
750 1512 789 1580 α1
811 1535 906 1580 causa
928 1517 1006 1594 eius,
1033 1517 1089 1598 qui
1110 1515 1188 1580 liber

173 1607 291 1684 emptus
314 1602 392 1667 bona
413 1604 474 1680 fide
495 1605 596 1688 seruit,
618 1605 693 1685 quia
715 1605 751 1668 in
772 1624 805 1668 eo
827 1609 856 1668 et
876 1605 975 1686 ipsius
997 1608 1026 1668 et
1041 1605 1187 1686 emptoris

173 1692 360 1756 mistimatio
376 1693 530 1757 consentit.
557 1697 686 1758 celerum
700 1694 737 1778 is,
755 1694 809 1774 qui
821 1693 878 1758 scit
889 1691 1042 1758 bominem
1057 1693 1187 1758 liberum

173 1799 242 1859 esse,
264 1782 405 1860 quamvis
427 1781 480 1846 ille
501 1783 706 1847 condicionem
723 1802 813 1847 suam
832 1783 955 1867 ionorct,
978 1783 1188 1863 repossidere

173 1869 295 1949 quidem
317 1889 387 1933 eum
403 1875 504 1951 potest
524 1871 629 1935 oidni.

588 2053 694 2113 Liber
717 2053 772 2112 ΙΙΙ.

431 2153 482 2218 De
503 2154 662 2218 verborum
684 2155 925 2237 abdicationibus.

263 2258 313 2323 16.
336 2257 375 2322 D.
389 2258 442 2338 45,
456 2259 486 2344 2,
500 2259 530 2324 2.
571 2258 741 2325 Iavolenus
765 2261 848 2325 libro
868 2261 966 2325 tertio
986 2283 1024 2324 ex
1044 2259 1184 2325 Plautio.

171 2385 215 2394 —
234 2345 314 2414 (lum
332 2349 392 2413 duo
411 2349 537 2413 eundern
548 2349 715 2431 pecaniam
732 2354 789 2414 aut
800 2350 1002 2432 promiserint
1019 2355 1076 2414 aut
1087 2351 1185 2432 stipu-

172 2437 231 2502 loti
261 2442 345 2516 scrut,
376 2438 443 2519 ipso
474 2438 543 2502 iure
568 2443 597 2503 et
620 2438 737 2522 sinouli
763 2439 799 2503 in
825 2439 957 2504 solidum
985 2439 1130 2503 debentur
1156 2443 1186 2503 et

170 2527 287 2610 sinpuli
304 2527 424 2605 debent·
443 2528 565 2610 ideoque
575 2528 720 2610 petitione
733 2528 997 2610 acceptilationeve
1012 2529 1108 2592 unius
1121 2532 1185 2592 tota

170 2617 299 2681 soluitur
321 2616 473 2699 obliquiu.
596 2688 646 2754 De
667 2709 750 2770 aqua

262 2796 311 2860 ll.
338 2793 378 2858 D.
393 2795 423 2874 8,
438 2796 468 2877 6,
482 2795 512 2860 9.
558 2793 727 2860 Iavolenus
749 2795 834 2858 libro
858 2795 955 2858 tertio
980 2816 1020 2859 ex
1043 2792 1181 2859 Plautio.

170 2918 214 2931 -
236 2883 331 2966 Aqua
357 2885 386 2948 si
411 2885 445 2948 in
463 2888 585 2966 partem
607 2885 722 2968 aqucpr'
743 2883 883 2964 intlunit,
910 2884 1034 2948 etiamsi
1055 2904 1118 2948 uon
1140 2883 1186 2948 ad

170 2972 283 3036 ultima
306 2973 370 3037 loca
386 2974 535 3054 peruenit,
558 2973 697 3038 omnbus
719 2977 821 3038 tamen
840 2971 982 3054 partibus
999 2977 1180 3055 usurpatur.

586 3172 694 3232 Liber
716 3171 768 3233 IV.

538 3271 589 3338 De
609 3273 817 3341 condictlorn?

259 3378 310 3444 18.
334 3376 371 3442 D.
389 3379 439 3462 12,
453 3380 483 3458 6,
496 3377 550 3446 46.
586 3378 675 3444 Idem
689 3375 747 3466 (sc.
761 3378 947 3468 Iavolenus)
961 3381 1048 3446 libro
1064 3385 1180 3465 quarto

170 3489 210 3532 ex
228 3466 365 3533 Plautio.
386 3505 430 3515 -
455 3468 516 3550 Qui
537 3469 655 3535 heredis
677 3469 799 3534 nornine
822 3471 920 3553 bonta
941 3491 1005 3536 non
1023 3470 1124 3536 debita
1142 3490 1180 3536 ea

241 3594 255 3643 1
275 3588 323 3644 Fl.
341 3589 404 3645 isto.
