2580 3900
190 187 252 252 188
268 186 316 242 111.
328 186 402 242 GAII
414 186 562 242 CLAUDII
570 185 707 242 NERON.
718 183 864 242 GALRAE
874 184 981 243 TEMP.
991 184 1088 241 IURIS
1099 185 1209 243 CONS.

188 349 412 433 redderentur,
456 351 489 414 et
523 349 560 414 hi
594 349 729 414 uniones
762 350 857 434 culpa
889 352 946 416 tua
978 349 1135 433 perierint
1174 353 1210 416 et

187 437 358 522 pecuniam
384 441 487 522 petas.
532 442 640 504 exstat
661 436 787 503 Nervae
815 441 849 503 et
871 438 1019 503 Atilicini
1044 438 1209 506 sententia

188 526 363 591 dicentium
386 527 433 592 ita
454 547 524 591 esse
547 523 768 611 excipiendum
790 525 833 592 ‘si
856 527 942 592 inter
965 548 1016 590 me
1036 532 1069 591 et
1087 533 1120 592 te
1139 548 1208 594 non

189 615 354 700 convenit,
381 620 418 681 ut
445 615 553 681 soluta
580 617 717 699 pecunia
745 616 882 682 uniones
904 615 985 682 mibi
1007 614 1208 683 reddantur?

457 813 496 876 H.
529 807 813 896 Digestorum(‘?)
837 814 936 876 libri.

277 937 432 1000 Eiusmodi
450 939 520 999 libri
540 959 719 1017 quamquam
737 958 796 999 non
815 938 926 998 diserte
945 939 1117 1018 laudantur,
1132 941 1208 1020 quin

188 1027 226 1094 ab
255 1027 398 1088 Atilicino
426 1028 500 1087 editi
527 1029 600 1101 sint,
632 1029 682 1088 vix
708 1032 808 1104 potest
835 1028 973 1089 dubitari.
1022 1029 1097 1089 baec
1125 1031 1208 1090 enim

187 1116 343 1195 leguntur:
366 1111 538 1178 ‘Atilicinus
560 1111 740 1195 quibusdam
757 1110 986 1193 placuisseait'
1009 1117 1044 1178 D.
1062 1119 1091 1194 5,
1106 1120 1138 1195 3,
1153 1121 1206 1182 43.

188 1200 363 1266 ‘Atilicinus
395 1206 439 1264 ait
466 1203 624 1266 Caesarem
652 1253 684 1266 ..
712 1205 899 1282 rescripsisse
931 1205 962 1265 in
991 1208 1064 1266 haec
1098 1201 1207 1268 verba'

187 1293 224 1355 D.
241 1297 274 1373 8,
290 1297 324 1373 3,
340 1296 390 1355 35.
433 1293 468 1354 de
496 1294 595 1372 operis
618 1293 718 1354 indole
739 1294 797 1354 hoc
819 1297 939 1356 tantum
961 1295 1125 1356 verisimile
1149 1300 1206 1370 est,

188 1383 276 1442 illurn
302 1401 447 1460 responsa
474 1385 505 1443 ct
528 1401 583 1442 sua
605 1387 637 1442 et
660 1383 787 1444 aliorum
810 1383 885 1442 iuris
908 1383 1113 1444 consultorum
1136 1404 1206 1462 pro·

186 1472 333 1548 posuisse.
382 1471 502 1532 Nervae
529 1470 633 1532 Sabini
657 1470 751 1532 Cassii
777 1471 911 1552 Proculi,
939 1474 991 1550 qui
1018 1491 1106 1550 saepe
1136 1492 1206 1536 cum

186 1560 331 1622 Atilicino
354 1560 505 1620 coniuncti
522 1560 694 1635 laudantur,
719 1561 883 1620 sententias
905 1580 942 1620 ex
960 1559 1094 1620 Atilicini
1113 1581 1205 1638 opere

187 1651 362 1726 desumptas
380 1667 446 1709 csse
463 1649 602 1724 Krueger
615 1671 643 1726 p.
660 1651 722 1710 156
742 1649 855 1709 iudicat
872 1669 968 1727 neque
982 1649 1065 1711 Icers
1079 1645 1206 1730 (Pauly-

187 1737 335 1798 Wissowa
348 1738 380 1797 II
392 1758 421 1814 p.
433 1739 518 1800 2075
526 1730 584 1819 sq.)
598 1739 758 1816 improbat.
790 1739 894 1815 itaque
912 1738 1049 1799 Atilicini
1062 1738 1204 1816 Digesto·

186 1845 255 1885 rum
270 1825 341 1886 libri
353 1830 460 1903 postea
474 1825 561 1886 Ursei
575 1831 605 1886 et
619 1827 733 1886 Plautii
746 1827 886 1904 operibus
901 1827 1048 1890 similibus
1062 1827 1206 1889 videntur

187 1910 354 1974 oblitterati
387 1932 450 1976 esse
478 1907 529 1994 (cf.
552 1915 669 1976 Ferrini
691 1916 710 1978 l.
734 1934 758 1975 c.
776 1936 805 1992 p.
823 1908 894 1998 88),
923 1935 999 1994 quse
1027 1916 1204 1978 coniectura

187 2021 222 2062 eo
246 2003 417 2078 adiuvatur,
440 2005 520 2080 quod
542 2004 680 2064 Atilicini
702 2004 868 2065 sententiaa
890 2009 955 2066 tam
977 2004 1062 2064 libris
1085 2006 1124 2065 sd
1149 2006 1204 2065 Sa·

186 2090 290 2150 binum
318 2095 349 2151 et
376 2094 414 2151 cd
440 2092 539 2171 legem
566 2093 676 2152 Iulium
702 2093 887 2171 Papiumque
913 2093 1084 2172 Poppaeam
1113 2113 1205 2171 quam
1249 2139 1252 2145 -

187 2181 224 2238 ad
248 2180 378 2240 edictum
400 2182 581 2243 referuntur.

275 2269 311 2328 In
347 2268 483 2330 Atilicini
523 2270 701 2348 fragmentis
742 2289 957 2348 nonuunquam
996 2270 1131 2347 partium
1173 2275 1205 2332 et

189 2357 364 2435 fundorum,
390 2358 559 2436 dequibus
583 2377 679 2419 sermo
703 2363 762 2437 est,
790 2378 862 2419 vera
883 2361 1004 2420 nomina
1027 2359 1203 2421 afferuntur.

186 2445 349 2508 laudantur
372 2448 451 2508 enim
470 2443 601 2508 ‘Gnaeus
620 2441 784 2510 Domitius'
803 2440 854 2529 (D.
870 2450 922 2525 33,
937 2451 967 2530 8,
983 2451 1011 2524 6,
1026 2441 1070 2529 4),
1090 2447 1203 2510 fimdus

186 2534 341 2611 Sutrinos,
369 2538 512 2598 esculus
536 2537 618 2598 fonte
642 2537 731 2598 vicini
753 2556 862 2614 aquam
885 2537 992 2598 ducere
1015 2537 1099 2598 soliti
1122 2543 1203 2618 sunt,

186 2628 216 2684 et
246 2623 382 2686 Caesaris
411 2625 592 2702 rescriptum
623 2627 662 2686 sd
692 2625 845 2686 Statilium
878 2626 1012 2686 Taurum
1042 2625 1078 2685 de
1109 2626 1203 2686 fontis

185 2713 268 2774 illius
290 2733 355 2776 usu.

227 2833 230 2840 ·
274 2802 456 2880 Fragmenta
487 2802 651 2862 secundum
680 2823 727 2864 res
759 2806 905 2865 tractatus
937 2801 1083 2880 disposite
1116 2803 1204 2864 Sabi·

185 2889 310 2951 nianum
332 2893 490 2968 praecipue
512 2891 644 2952 ordinem
668 2895 787 2953 secutus
809 2911 951 2968 propono.

371 3062 422 3128 De
443 3083 527 3128 servo
542 3064 673 3148 propre
695 3029 800 3128 iterate
820 3064 1014 3130 iststituesdo.

275 3186 304 3249 1.
327 3184 497 3270 1.2,14pr.
516 3221 561 3232 -
578 3184 722 3250 Heredes
745 3185 914 3252 instituere
935 3187 1129 3271 permissum
1148 3192 1200 3254 est

184 3277 253 3336 tam
277 3274 396 3340 liberos
420 3274 567 3340 homines
590 3295 687 3359 quam
711 3295 821 3340 servos
844 3280 912 3340 tam
930 3277 1079 3361 proprios
1099 3298 1196 3360 quam

185 3359 318 3428 alienos.
349 3363 498 3447 proprios
513 3367 619 3428 autern
634 3362 712 3428 olim
726 3363 856 3450 quidem
871 3365 1044 3432 secundum
1053 3365 1197 3449 plurium

186 3449 364 3516 sententias
396 3472 462 3517 non
494 3451 588 3516 aliter
620 3474 717 3537 quam
750 3475 822 3519 cum
854 3454 1005 3519 libertate
1036 3458 1122 3520 recte
1152 3452 1201 3520 in·

185 3539 320 3605 stituere
349 3539 475 3606 licebat.
525 3540 622 3606 hodie
649 3563 725 3608 vero
754 3542 853 3608 etiam
881 3542 950 3608 sine
978 3542 1130 3608 libertate
1161 3565 1200 3608 ex
