2580 3900
491 221 515 269 3.
537 213 754 270 OCTAVENUS
1061 213 1126 277 213

112 377 158 461 Is,
188 379 245 462 qui
274 395 391 461 operas
419 381 475 441 aut
501 378 536 441 in
566 377 710 462 singulas
739 398 793 441 eas
820 379 941 441 certam
970 399 1129 442 summam

112 466 277 550 promisit,
311 466 351 530 ad
384 465 468 530 hano
499 467 604 550 legem
637 462 696 553 (sc.
717 465 844 530 Aeliam
872 464 1031 552 Sentium)
1064 488 1129 531 non

22 565 23 638 ξ
113 559 272 638 pertinet,
305 554 458 638 quoniam
490 576 604 638 operas
631 555 826 638 praestando
854 559 962 636 potest
989 555 1130 620 liberari.

22 659 23 668 ¹
114 644 197 709 idem
213 643 399 709 Octauenus
418 644 537 727 probat
551 649 583 707 et
598 643 707 708 adicit:
727 644 874 728 obligare
888 643 952 709 sibi
966 643 1131 730 libertum,

22 813 24 818 ,
116 737 150 797 ut
172 732 353 797 mercedem
377 753 550 815 operarum
573 733 690 815 capiat,
712 733 740 796 is
762 733 970 816 intellegitur,
996 733 1049 818 qui
1068 733 1130 798 hoc

115 822 219 887 solum
248 823 332 904 agit,
359 826 397 885 ut
424 822 536 905 utique
564 821 743 885 mercedem
766 821 888 906 capiat,
916 822 1045 886 etiamsi
1070 823 1129 887 sub

116 912 211 975 titulo
235 931 408 993 operarum
432 931 502 974 eam
527 909 701 993 stipulatus
723 909 830 974 fuerit.

203 1022 241 1082 cf.
261 1021 298 1081 D.
314 1025 343 1100 7,
358 1024 388 1095 8,
404 1024 455 1098 12,
471 1023 489 1080 6
513 1021 594 1080 infra
614 1021 653 1081 fr.
668 1025 717 1082 10.

411 1194 460 1258 De
482 1195 631 1276 emptione
652 1194 832 1259 venditione.

201 1319 231 1384 8.
256 1318 479 1402 D.l8,6,8pr.
506 1317 596 1382 Idem
627 1340 669 1382 sc.
683 1317 818 1404 Paulus)
837 1318 921 1383 libro
936 1316 1130 1401 trigensimo

115 1409 210 1472 tertio
244 1407 285 1470 ad
315 1407 453 1473 edictum
483 1407 533 1492 (P.
552 1404 642 1473 513.
670 1443 714 1453 —
741 1405 933 1472 Necessario
964 1405 1130 1470 sciendum

22 1525 24 1580 p
117 1501 177 1574 est,
205 1495 335 1581 quando
363 1496 505 1580 perfecta
532 1498 576 1560 sit
604 1496 739 1581 emptio,
768 1500 846 1561 tunc
874 1496 959 1560 enim
984 1496 1131 1580 sciemus,

22 1605 23 1670 ᾗ
117 1586 203 1650 cuius
228 1584 407 1669 periculum
431 1585 487 1667 sit3
510 1607 584 1650 num
603 1585 748 1669 perfecta
766 1585 931 1668 emptione
950 1581 1131 1669 periculum

22 1711 24 1740 l
116 1674 355 1758 ademptorem
374 1674 535 1757 respiciet.
573 1677 605 1737 et
624 1673 651 1737 si
670 1673 702 1736 id
721 1674 807 1758 quod
823 1673 961 1738 venierit
975 1676 1132 1757 appareat

22 1769 23 1852 l
116 1763 189 1846 quid
213 1763 307 1845 quale
330 1768 488 1846 quantum
512 1763 564 1846 sit,
588 1762 631 1826 sit
654 1765 687 1827 et
707 1763 855 1846 pretium,
877 1767 910 1828 et
928 1783 1008 1847 pure
1027 1762 1127 1845 venit,

22 1857 23 1874 ³
115 1850 258 1935 perfecta
275 1855 325 1915 est
338 1852 469 1934 emptio.
492 1851 578 1935 quod
593 1850 620 1914 si
635 1851 695 1915 sub
711 1851 899 1917 condicione
913 1872 965 1916 res
981 1851 1131 1930 venierit,

116 1941 143 2004 si
167 1940 298 2026 quidem
322 1938 474 2004 defecerit
496 1939 654 2024 condicio,
682 1940 772 2004 nulla
794 1944 845 2005 est
868 1941 1004 2025 emptio,
1032 1941 1129 2006 sicuti

115 2050 170 2094 nec
190 2029 372 2113 stipulatio.
400 2028 484 2112 quod
501 2028 529 2092 si
543 2028 711 2112 exstiterit,
725 2028 881 2094 Proculus
896 2032 929 2093 et
944 2027 1130 2096 Octauenus

117 2118 272 2203 emptoris
299 2138 368 2181 esse
391 2117 571 2201 periculum
596 2117 697 2182 aiunt.

201 2207 232 2270 9.
258 2205 298 2270 D.
317 2204 477 2290 19,1,55.
523 2204 721 2290 Pomponius
745 2207 830 2272 libro
855 2206 979 2272 decimo
1002 2205 1133 2291 Epistu-

116 2294 217 2360 larum
247 2292 296 2380 (P.
313 2291 402 2382 197).
428 2331 465 2340 -
492 2292 526 2358 Si
555 2317 680 2380 servus,
708 2297 763 2381 qui
791 2302 952 2360 emeretur
980 2297 1030 2359 vel
1056 2317 1132 2378 pro-

116 2384 315 2468 mitteretur,
337 2383 372 2446 in
395 2383 538 2448 hostium
562 2387 723 2467 potestate
748 2385 800 2469 sit,
822 2382 1002 2450 Octauenus
1026 2384 1131 2468 magis

116 2473 252 2556 putabat
276 2472 384 2536 valere
408 2474 606 2554 emptionem
624 2477 657 2537 ct
677 2473 931 2558 stipulationem,
954 2473 1029 2556 quia
1048 2474 1133 2536 iuter

116 2564 278 2626 ementem
298 2564 331 2624 et
348 2560 541 2625 vendentem
561 2565 646 2626 esset
661 2563 902 2646 commercium3
921 2561 1030 2645 potius
1046 2559 1132 2624 enim

117 2649 344 2718 difficultatem
368 2650 402 2713 in
425 2650 618 2734 praestando
642 2673 680 2715 eo
701 2651 815 2732 inesse,
838 2672 934 2734 quam
953 2648 1048 2731 <eum
1068 2669 1133 2712 non

118 2739 207 2822 esse>
232 2739 267 2802 in
291 2738 441 2822 <rerum>
463 2745 594 2823 natura,
617 2738 745 2803 etiamsi
768 2738 876 2804 officio
899 2737 1014 2803 iudicis
1038 2737 1133 2801 susti-

120 2829 224 2892 nenda
248 2831 334 2891 esset
358 2827 424 2890 eius
448 2827 765 2926 praestatio,doneo
787 2827 947 2911 praestari
970 2826 1084 2909 possit.

401 3004 450 3069 De
473 3005 623 3070 locatione
644 3005 846 3070 conductione.

205 3129 256 3193 10.
279 3126 318 3192 D.
330 3129 359 3211 7,
369 3128 399 3206 8,
410 3129 461 3208 12,
472 3130 501 3193 6.
547 3125 709 3212 Ulpianus
733 3129 819 3194 libro
843 3127 983 3212 septimo
1007 3129 1133 3194 decimo

121 3216 157 3279 ad
180 3214 336 3280 Sabinum
361 3212 410 3304 (P.
425 3213 537 3303 2579).
557 3254 599 3265 -
686 3215 795 3282 Labeo
818 3222 923 3302 putot,
947 3218 975 3282 si
998 3217 1133 3282 fundum

121 3305 305 3370 conduxerit
332 3307 419 3391 quis,
447 3307 611 3370 usuarium
640 3328 769 3370 servum
798 3328 894 3390 posse
919 3307 967 3370 ibi
996 3307 1134 3389 operari.

179 3414 280 3477 quare
299 3400 332 3458 et
350 3396 379 3459 si
397 3396 507 3459 lanam
526 3394 715 3460 conduxerit
729 3397 877 3460 usuarius
893 3394 1134 3478 expediendam,

123 3481 241 3564 poterit
276 3483 375 3547 etiam
411 3505 469 3566 per
504 3485 653 3548 usuarias
688 3483 823 3546 ancillas
857 3503 939 3566 opus
970 3481 1134 3563 perficere,

123 3569 280 3656 idemque,
300 3572 327 3636 si
350 3571 546 3636 vestimenta
568 3569 706 3636 texenda
728 3569 898 3633 redemerit
921 3567 972 3631 vel
992 3565 1132 3629 insulam
