2596 3902
180 201 222 264 62
250 201 296 256 111.
312 200 388 256 GAII
403 201 548 256 CLAUDII
561 199 695 258 NERON.
706 199 850 256 GALBAE
860 200 967 255 ΤΕΜΡ.
976 200 1075 258 IURIS
1085 201 1191 258 OONS.

571 370 617 428 Dc
639 371 798 431 novatione.

269 479 341 543 101.
371 478 489 561 Gai.3,
509 479 582 543 177.
605 516 647 526 -
672 526 702 543 ..
722 480 749 543 si
778 479 888 543 eadem
916 503 1056 565 persone
1084 482 1140 566 sit,
1173 506 1194 546 a

179 589 242 651 qua
265 571 380 651 postea
404 568 546 653 stipuler,
570 569 617 632 ita
641 568 770 632 demum
791 569 922 634 novatio
941 569 988 648 fit,
1012 569 1041 634 si
1059 572 1135 654 quid
1156 572 1193 636 in

178 656 356 738 posteriore
385 657 592 741 stipulatione
616 656 693 721 novi
716 658 771 740 sit,
799 657 884 722 forte
908 658 936 722 si
959 658 1106 725 condicio
1130 664 1194 725 aut

178 744 244 809 dies
269 749 325 808 sut
347 767 483 829 sponsor
506 746 664 810 adiciatur
687 750 743 809 aut
765 745 961 811 detrahatur.

266 864 329 924 Gai.
355 867 383 944 3,
409 868 481 926 178.
531 865 589 924 Sed
616 865 696 940 quod
724 866 760 924 de
788 884 929 941 sponsore
957 866 1100 944 diximus,
1127 887 1192 928 non

177 957 308 1030 constat3
331 974 401 1013 nam
424 955 558 1015 diversae
582 954 701 1014 scholae
725 954 897 1014 auctoribus
919 956 1036 1031 placuit
1059 960 1090 1016 et
1112 978 1140 1034 q.
1166 976 1191 1016 s.

569 1117 619 1182 Dc
640 1117 796 1182 solutione.

266 1234 339 1300 102.
363 1232 431 1298 Gai.
446 1235 476 1319 3,
491 1234 564 1300 168.
578 1270 621 1280 -
641 1232 803 1296 Tollitur.
818 1283 825 1295 .
840 1233 998 1317 obligatio
1014 1236 1190 1319 praecipue

177 1323 338 1388 solutione
363 1325 430 1387 eius
455 1323 540 1408 quod
564 1322 707 1386 debetur.
752 1320 835 1386 unde
859 1322 1038 1407 quaeritur,
1061 1323 1090 1388 si
1113 1325 1190 1408 quis

176 1412 397 1477 consentiente
426 1411 582 1477 creditore
611 1410 698 1475 aliud
726 1432 785 1495 pro
813 1410 876 1474 alio
902 1412 1049 1490 solverit,
1075 1416 1189 1477 utrum

174 1502 246 1584 ipso
265 1501 333 1565 iure
353 1502 515 1584 liberetur,
535 1501 619 1585 quod
637 1501 759 1564 nostris
773 1500 1037 1584 praeceptoribus
1051 1502 1186 1586 placuit,

176 1612 216 1654 an
240 1593 337 1743 etqu3.
350 1611 404 1744 sl).
422 1678 475 1761 46,
493 1680 524 1756 3,
544 1678 594 1744 78.
640 1677 811 1742 Iavolenus
840 1677 924 1743 libro
952 1676 1121 1743 undecimo
1147 1699 1188 1742 ex

174 1764 288 1832 Cassio
311 1764 360 1851 (P.
378 1763 447 1854 49).
471 1765 572 1832 -Si
600 1766 697 1831 alieni
725 1766 849 1830 nummi
875 1767 977 1832 inscio
1007 1767 1058 1831 vel
1080 1767 1187 1832 invito

175 1855 307 1920 domino
340 1856 439 1922 soluti
471 1859 560 1938 sunt,
594 1859 725 1920 manent
757 1856 826 1920 eius
860 1857 950 1920 cuius
980 1856 1124 1938 fuerunt3
1156 1856 1189 1920 si-

174 1945 269 2009 mixti
297 1948 417 2028 essent,
445 1946 492 2009 ita
520 1949 557 2009 ut
585 1944 724 2010 discerni
751 1965 816 2009 non
844 1947 990 2029 possent,
1018 1945 1087 2008 eius
1114 1944 1185 2008 fieri

175 2033 230 2118 qui
257 2035 381 2117 accepit
407 2035 443 2097 in
470 2033 562 2098 libris
587 2034 660 2098 Gaii
689 2033 844 2116 scriptum
874 2037 936 2117 est,
963 2034 1011 2097 ita
1037 2032 1184 2098 utactio

174 2121 306 2187 domino
329 2143 401 2186 eum
426 2143 477 2205 eo,
501 2123 555 2206 qui
579 2122 732 2207 dedisset,
754 2121 834 2186 furti
857 2124 1063 2207 competeret.

265 2211 336 2275 104.
368 2208 408 2274 D.
427 2211 480 2292 46,
499 2211 529 2294 3,
549 2211 599 2275 17.
649 2209 738 2274 Idem
770 2209 828 2291 (sc.
856 2208 1069 2293 Pomponius)
1098 2210 1183 2273 libro

173 2320 259 2365 nono
283 2299 406 2363 decimo
431 2298 472 2362 ed
496 2297 651 2363 Sabinum
674 2296 724 2385 (P.
744 2295 832 2386 671).
860 2335 898 2345 -
920 2296 1051 2363 Cassius
1074 2299 1129 2383 ait,
1155 2301 1184 2363 si

174 2390 224 2453 cui
257 2387 424 2470 pecuniam
456 2387 543 2473 dedi,
574 2393 611 2451 ut
641 2409 713 2451 eam
746 2387 897 2452 creditori
928 2409 1001 2451 meo
1035 2387 1184 2470 solveret,

173 2477 247 2560 <cui
271 2476 395 2560 etipse
418 2476 580 2560 deberet>,
604 2477 631 2540 si
651 2498 708 2541 suo
727 2476 857 2540 nomine
876 2475 1008 2559 dederit,
1031 2480 1183 2540 neutrum

172 2566 318 2649 liberari,
348 2587 413 2649 me,
442 2565 518 2650 quia
545 2588 610 2632 non
637 2586 708 2630 meo
736 2564 866 2628 nomine
894 2564 969 2629 data
997 2564 1052 2648 sit,
1079 2564 1181 2649 illum,

173 2657 248 2742 quia
281 2656 418 2719 alienam
450 2654 586 2740 dederit,
618 2658 759 2720 ceterum
792 2653 934 2718 mandati
968 2675 1041 2717 eum
1070 2656 1182 2718 teneri.

174 2748 229 2810 sed
254 2744 281 2809 si
304 2745 443 2810 creditor
467 2765 521 2808 eos
544 2765 693 2808 nummos
717 2744 786 2807 sine
809 2742 884 2808 dolo
909 2742 993 2806 malo
1013 2763 1182 2826 consump-

174 2835 284 2916 sisset,
307 2835 345 2917 is,
368 2834 424 2917 qui
447 2855 505 2898 suo
529 2834 659 2897 nomine
684 2853 738 2896 eos
762 2832 920 2914 solvisset,
944 2831 1108 2908 liberetur,
1131 2851 1181 2915 ne,

174 2923 201 2986 si
226 2923 319 2986 aliter
343 2921 581 3005 observaretur,
606 2919 746 2984 creditor
767 2920 802 2982 in
825 2920 914 2984 luero
938 2922 1131 2984 versaretur.

500 3087 550 3153 Dc
571 3089 697 3153 iudiciis
712 3087 858 3170 micatis.

263 3203 335 3269 105.
358 3201 397 3267 D.
414 3205 443 3285 1,
457 3203 488 3286 9,
501 3203 530 3269 2.
567 3202 738 3268 Marcellus
757 3203 839 3267 libro
856 3202 955 3266 tertio
970 3200 1180 3288 Digestorum

173 3293 222 3378 (P.
237 3291 304 3380 20).
327 3329 370 3338 -
394 3288 525 3357 Cassius
548 3291 714 3376 Longinus
737 3312 802 3356 non
825 3294 919 3376 putat
941 3291 971 3356 ei
993 3290 1179 3375 permitten-

172 3384 257 3464 dum,
276 3382 330 3467 qui
349 3386 482 3466 propter
500 3380 733 3464 turpitudinem
753 3383 864 3445 senatu
885 3383 992 3445 motus
1011 3401 1070 3447 nee
1089 3380 1180 3444 resti-

172 3477 262 3538 tutus
291 3474 353 3556 est,
384 3471 523 3536 iudicare
551 3471 601 3534 vel
629 3469 851 3534 testimonium
880 3469 998 3554 dicere,
1026 3469 1101 3554 quia
1128 3469 1179 3534 lex

171 3561 256 3627 Iulia
278 3561 529 3645 repetundarum
552 3559 614 3625 hoe
636 3558 706 3624 fieri
730 3561 828 3624 vetat.
