2614 3912
442 223 467 273 o.
490 188 698 274 aienses
715 216 866 273 Peneos
1090 217 1154 284 421

240 380 291 446 76.
321 377 361 444 D.
379 378 458 446 ibid.
475 383 495 461 ξ
513 381 543 446 2.
573 417 611 428 -
642 380 734 458 Quod
761 380 789 446 si
815 379 863 446 ita
890 383 976 448 esaei
998 381 1157 466 legebam:

149 466 275 534 ‘vinum
307 467 547 553 amphorarium
577 469 768 535 Aminaeum
798 467 955 536 Graecum
988 474 1020 535 et
1052 470 1157 536 dulcia

149 557 280 640 omnia,
308 557 390 622 nihil
417 558 503 622 inber
527 557 645 642 dulcia,
671 559 737 624 nisi
760 557 844 644 quod
866 559 1009 644 potionis
1031 558 1157 643 fuisset,

147 647 291 732 legatum
321 649 416 731 palai
442 645 550 712 Labeo
586 668 623 712 ex
651 648 822 714 collatione
849 648 917 713 vini
944 647 1155 732 amphorarii3

149 735 233 820 quod
255 757 322 802 non
345 735 503 820 improbo.

420 936 468 996 De
489 937 656 1012 supellectili
677 933 764 996 unori
786 939 887 1012 lepata.

239 1055 292 1120 77.
315 1053 352 1118 D.
367 1055 420 1138 33,
435 1056 485 1136 10,
501 1057 551 1121 10.
574 1054 746 1121 Iavolenus
761 1055 844 1120 libro
858 1055 955 1120 lertio
971 1077 1009 1120 ex
1023 1057 1157 1140 posteri-

150 1144 259 1210 oribus
282 1143 450 1209 Labeonis.
477 1181 514 1192 -
542 1144 603 1225 Qui
630 1149 737 1210 uestem
760 1165 878 1209 omnem
900 1149 929 1210 ct
949 1165 997 1210 res
1014 1145 1157 1228 plurium

146 1253 293 1316 penarum
315 1232 510 1316 supellectilis
532 1253 660 1316 enpenso
680 1233 762 1314 ferre
783 1234 891 1298 solitus
912 1238 992 1316 erat,
1016 1235 1045 1298 is
1067 1235 1159 1299 uncri
1213 1279 1216 1286 .

147 1320 360 1406 supellectilem
383 1322 540 1404 lepaoerat.
585 1327 662 1388 recte
682 1322 835 1405 nepabant
855 1327 963 1387 uestem
985 1322 1081 1405 lepato
1098 1342 1158 1387 ces-

147 1431 257 1476 suram
283 1410 384 1476 Labeo
414 1409 526 1495 Ofilius
553 1409 730 1496 Oasnllius,
756 1413 832 1493 quia
858 1431 920 1476 non
936 1416 1040 1494 posset
1060 1411 1159 1476 oldai

149 1501 240 1565 uestis
262 1499 465 1582 appellatione
486 1499 678 1582 supellectiles
700 1501 857 1564 contineri.

455 1717 502 1776 De
518 1720 630 1792 pistore
651 1721 736 1778 unori
758 1719 856 1793 lepato.

240 1837 290 1902 78.
319 1835 357 1901 D.
373 1836 425 1919 34,
439 1835 469 1916 5,
483 1837 536 1902 28.
572 1835 743 1902 Iavolenus
758 1837 842 1902 libro
856 1837 954 1902 terlio
969 1859 1008 1901 ex
1021 1837 1157 1921 posteri·

128 1925 259 1990 'oribus
283 1923 452 1990 Labeonis.
479 1962 516 1972 —
543 1925 604 2006 Qui
631 1925 759 1990 babebat
783 1925 935 1992 Flaccum
959 1926 1107 2007 fullonem
1130 1929 1181 1992 et'

148 2013 347 2080 Philonicum
364 2015 521 2099 pistorem,
542 2015 636 2080 uxori
657 2015 807 2080 Flaccum
822 2016 978 2098 pistorem
992 2016 1158 2098 lepaoerat:

150 2104 205 2186 qui
226 2123 331 2169 eorum
353 2109 382 2168 et
402 2125 479 2168 num
501 2107 623 2187 uterque
640 2103 816 2182 deberetur?
834 2105 956 2186 placuit
966 2106 1071 2187 primo
1089 2125 1159 2168 cum

153 2193 287 2275 lepatum
304 2211 374 2274 esse,
392 2213 479 2275 quem
498 2197 621 2260 testator
639 2193 737 2276 lepore
756 2193 829 2278 <se>
850 2195 997 2259 sensisset.
1033 2194 1159 2277 quodsi

149 2301 212 2346 non
239 2286 413 2366 appareret,
438 2282 580 2363 primum
606 2282 830 2365 inspiciendum
856 2303 928 2367 esse,
961 2304 1004 2348 an
1030 2283 1159 2347 nomina

151 2390 307 2436 sucorum
325 2371 469 2435 dominus
486 2375 560 2436 nota
577 2370 747 2447 habuissem
766 2371 893 2453 quodsi
910 2371 1071 2455 tabuisset,
1089 2391 1159 2435 eum

151 2458 259 2542 deberi,
282 2459 337 2541 qni
357 2460 535 2524 nominatus
557 2465 644 2544 esset,
668 2461 788 2526 tametsi
809 2461 845 2523 in
867 2458 999 2542 artificio
1021 2465 1159 2524 uratum

150 2552 232 2613 esset.
276 2549 328 2612 sin
351 2552 453 2613 autem
475 2549 578 2630 ipnota
601 2547 748 2631 [nomino
769 2567 926 2613 suenum
948 2547 1070 2631 esseutJ,
1091 2549 1158 2629 pis-

150 2641 246 2702 torem
274 2637 407 2719 lepatum
433 2637 532 2702 uideri
551 2637 683 2719 perinde
709 2657 746 2700 ac
772 2637 802 2701 si
825 2656 936 2700 nomen
957 2638 986 2700 ci
1007 2637 1158 2701 admotum

149 2745 214 2791 non
236 2730 317 2791 essct.

185 2926 233 2985 De
255 2943 286 2986 eo
308 2927 384 3000 quod
400 2927 535 3001 pupillae
557 2926 681 3000 lepatum
703 2929 746 2985 est
768 2918 948 3000 ‘quandoque
970 2917 1119 3000 nupserit.

241 3044 291 3110 79.
314 3043 353 3110 D.
369 3043 420 3123 36,
435 3046 464 3124 2,
480 3045 531 3112 30.
568 3043 675 3110 Labeo
694 3045 778 3109 libro
792 3045 888 3110 lertio
908 3043 1123 3129 posteriorum
1138 3067 1158 3109 a

150 3131 304 3198 Iavoleno
334 3133 593 3218 epitomatorem.
619 3170 656 3180 -
684 3133 772 3214 Quod
792 3135 931 3218 pupillae
958 3134 1091 3217 lautum
1114 3137 1160 3198 est

150 3218 344 3305 ‘mundoque
364 3221 523 3306 nupserit’,
547 3225 576 3289 si
597 3244 633 3289 ea
656 3226 758 3288 minor
779 3244 873 3306 quam
895 3225 1059 3306 viripotens
1080 3242 1157 3304 nup·

149 3311 232 3391 serit,
254 3331 317 3376 non
337 3316 409 3377 ante
426 3313 454 3376 ei
472 3312 603 3395 lepatum
621 3311 780 3390 debebitur,
802 3333 896 3396 quam
913 3313 1079 3395 viripotens
1096 3331 1158 3376 esse

149 3400 291 3482 coeperit,
319 3401 394 3483 quia
416 3422 478 3466 non
494 3405 594 3483 potest
614 3401 712 3467 uideri
733 3407 845 3485 nupta,
870 3421 947 3483 quiae
968 3401 1069 3466 uirmn
1087 3399 1159 3482 pati

150 3509 214 3555 nou
234 3492 335 3570 potest.
