2596 3902
505 196 529 247 7.
548 188 738 246 PROCULUS
1065 190 1128 255 153

115 357 172 419 aut
194 352 389 418 hereditatis
412 353 543 418 nomine
566 353 738 418 relicturus
761 374 809 438 es,
834 355 927 438 potes
950 357 1084 438 rogatus
1110 377 1130 418 a

112 464 164 507 mc
201 442 297 507 uxori
333 462 424 507 meae
461 442 640 526 relinquere
673 445 706 505 et
737 463 802 507 non
834 442 958 506 videtur
989 464 1028 508 ea
1059 465 1130 508 esso

37 579 40 585 -
114 532 255 611 donatio,
276 529 352 614 quia
375 530 458 594 nihil
481 552 520 595 ex
543 531 637 596 bouis
661 530 740 595 meis
764 531 968 596 deminuitur.
1007 532 1042 595 in
1065 554 1129 618 quo

114 621 256 684 maxime
283 619 420 684 maiores
445 619 580 685 donanti
604 619 797 684 succurrisse
820 618 976 685 Proculus
1000 622 1060 700 ait,
1088 644 1129 686 ns

116 731 226 775 amore
242 707 377 774 alterius
390 710 472 773 alter
487 708 730 792 despoliaretur,
744 729 811 773 non
825 709 918 793 quasi
931 707 1129 791 malivolos¹,

114 820 156 862 ne
179 800 262 863 alter
285 797 479 881 locupletior
501 797 600 862 fieret.

205 884 271 952 56?
305 890 338 951 Si
367 889 447 950 filiae
473 890 604 950 familias
636 891 723 951 uxori
752 890 879 950 maritus
907 891 1013 951 mortis
1041 911 1132 952 causa

113 981 228 1059 tradet,
258 979 447 1040 donationem
474 999 535 1040 non
561 981 677 1056 valere,
710 980 768 1039 etsi
797 977 867 1040 vivo
895 979 993 1039 adhuc
1020 981 1129 1040 marito

116 1070 163 1129 sui
186 1069 261 1128 iuris
285 1069 378 1128 fuerit
401 1069 513 1140 effecta
537 1067 684 1128 Proculus
706 1068 837 1128 fortasse
861 1068 1054 1128 existimavit.
1092 1070 1129 1129 cf.

114 1159 220 1234 nar,
237 1159 367 1236 1,11‚3
392 1149 434 1240 (v.
453 1157 492 1236 ΙΙ,
514 1159 532 1224 r
555 1179 585 1234 p.
599 1149 689 1239 499).

204 1242 271 1306 57?
294 1247 375 1304 Num
391 1247 471 1322 quod
489 1245 516 1306 is
534 1245 586 1322 qui
604 1246 742 1305 infirmae
760 1246 942 1307 valetudinis
961 1249 1008 1304 est
1025 1245 1131 1306 mortis

117 1353 210 1397 causa
234 1335 336 1411 donat,
360 1335 547 1395 condictione
572 1338 707 1411 repetere
728 1335 825 1411 possit
848 1354 915 1394 cum
934 1333 1130 1410 convaluerit,

116 1425 265 1596 Proorplus
289 1424 408 1484 videtur
431 1423 594 1485 dubitasse.
640 1424 676 1485 cf.
700 1424 736 1482 D.
752 1425 803 1502 39,
819 1427 847 1499 6,
863 1425 948 1498 35,3
972 1416 1015 1504 (v.
1038 1441 1131 1498 supra

379 1619 426 1680 Dc
448 1637 547 1680 rerum
570 1623 734 1679 amotarum
756 1620 872 1679 iudicio.

10 1797 11 1826 .
205 1738 257 1805 58.
281 1737 321 1802 D.
336 1738 388 1819 25,
402 1739 432 1822 2,
447 1738 476 1805 1.
514 1737 633 1802 Paulus
651 1737 735 1802 libro
755 1741 893 1822 septimo
913 1738 953 1802 ad
974 1736 1132 1803 Sabinum

10 1887 11 1890 ,
115 1826 165 1915 (Ρ.
191 1825 302 1914 1733).
335 1863 378 1874 -
411 1827 532 1892 Rerum
568 1830 749 1892 amotarum
781 1827 934 1892 iudicium
968 1827 1131 1912 singulare

10 1903 11 1928 ³
114 1917 338 1982 introductum
366 1919 417 1981 est
445 1916 598 1982 adversus
630 1936 701 1980 eam
729 1937 811 2000 quae
839 1938 920 1982 uxor
946 1915 1023 1998 fuit,
1056 1917 1131 2001 quia

113 2026 181 2070 non
218 2005 343 2091 placuit
373 2027 447 2070 cum
480 2027 519 2070 eo
550 2003 629 2069 furti
661 2025 756 2089 agere
788 2026 898 2090 posse,
935 2006 1130 2090 quibusdam

114 2094 379 2160 existimantibus
402 2115 443 2158 ne
462 2094 593 2178 quidem
611 2093 735 2158 furtum
754 2115 825 2158 eam
844 2093 959 2176 facere,
982 2094 1131 2178 ...aliis

11 2253 12 2266 .
114 2188 154 2247 ut
184 2181 307 2248 Sabino
340 2186 373 2247 et
399 2181 552 2265 Proculo,
582 2179 723 2247 furtum²
755 2182 883 2267 quidem
917 2204 989 2248 eam
1016 2183 1132 2266 facere,

11 2315 12 2350 3
114 2271 213 2337 sicuti
239 2271 307 2336 filia
335 2271 421 2352 patri
449 2271 562 2355 faciat,
590 2271 646 2336 sed
673 2271 753 2335 furti
779 2294 846 2337 non
874 2293 943 2336 csse
973 2272 1131 2337 actionem

115 2361 297 2426 constituto
320 2359 398 2424 iure.

206 2455 243 2514 of.
267 2454 398 2514 Nervam
420 2453 465 2532 Π,
487 2457 501 2512 1
527 2474 555 2530 p.
571 2454 645 2532 306,
669 2453 805 2514 Cassium
828 2473 920 2530 supra
942 2473 972 2529 p.
987 2455 1038 2514 57.

207 2555 259 2621 59.
291 2554 328 2620 D.
348 2553 401 2640 25,
420 2555 451 2639 2,
466 2555 499 2637 3,
518 2557 549 2619 4.
594 2554 716 2619 Paulus
744 2556 826 2621 libro
851 2556 988 2638 septimo
1013 2555 1053 2618 ad
1077 2553 1133 2620 Sa·

114 2644 233 2710 binum
252 2640 301 2731 (P.
324 2640 432 2730 1774).
456 2679 493 2692 —
514 2643 602 2708 Mola
620 2642 785 2708 Fulcinius
808 2644 899 2708 aiunt
994 2643 1022 2706 si
1039 2647 1133 2726 pater

116 2733 272 2798 adiuncta
294 2733 363 2798 filia
385 2734 431 2798 rei
453 2729 600 2798 camuel
623 2735 710 2818 agat,
732 2754 798 2798 non
822 2733 916 2796 aliter
939 2732 968 2796 ei
992 2731 1131 2797 dandam

116 2822 293 2901 actionem,
317 2844 413 2907 quam
437 2821 464 2886 si
492 2820 595 2886 filiam
622 2843 730 2886 rerum
753 2825 934 2885 amotarum
956 2819 1074 2886 iudicio
1097 2821 1133 2885 in

116 2909 259 2976 solidum
292 2914 325 2975 et
357 2931 429 2976 cum
459 2907 670 2976 satisdatione
699 2909 858 2975 defendat.
913 2909 970 2975 scd
1003 2914 1133 2976 mortua

114 3000 186 3065 filia
213 3001 249 3064 in
278 3002 406 3085 patrem
433 3020 541 3064 rerum
568 3003 749 3064 amotarum
778 2999 939 3065 actionem
969 2997 1039 3064 dari
1067 3021 1133 3066 non

117 3092 270 3173 oportere
297 3087 453 3154 Proculus
482 3089 541 3168 ait,
567 3088 631 3153 nisi
659 3092 816 3174 quatenus
845 3110 884 3153 ex
912 3110 951 3154 ea
977 3110 1011 3153 re
1039 3095 1133 3173 pater

118 3177 313 3262 locupletior
337 3178 389 3243 sit.

119 3420 153 3476 St
178 3357 218 3478 Χ1Ι
228 3351 383 3478 Moppmson
402 3351 534 3408 emendat
553 3350 720 3421 ‘malivolo',
739 3353 770 3407 at
788 3371 814 3408 v.
831 3350 953 3408 Kuebler
971 3353 999 3406 Z.
1015 3351 1042 3406 d.
1057 3351 1133 3405 Sar.-

154 3463 159 3476 .
235 3441 262 3492 p.
314 3464 321 3477 .

192 3501 207 3548 2
227 3493 273 3550 Fr.
293 3493 376 3551 furto.

192 3571 208 3619 3
230 3565 303 3622 Trio.
324 3566 358 3621 de
378 3566 452 3622 dote.
