2596 3902
163 199 181 262 7
184 199 206 261 4
232 197 279 255 ΙΙΙ.
293 197 369 252 GAII
383 195 532 254 CLAUDII
544 195 680 252 NERON.
692 194 836 252 GALBAE
848 195 956 252 ΤΕΜΡ.
966 195 1063 252 IURIS
1073 195 1175 253 CONS.

163 363 271 517 lplebum
300 361 411 427 datum
444 359 501 444 sit,
537 358 706 424 dicendum
739 359 802 424 erit
838 358 1034 426 institoriam
1070 360 1180 425 loaum

187 472 291 518 aere.

251 562 373 622 Perniee
396 560 427 620 Il
449 581 479 638 p.
494 562 570 622 263:
595 553 683 620 ‘doeh
705 560 785 620 wohl
808 578 862 620 aus
887 552 1029 620 Cassius'.

573 760 623 826 De
640 760 770 842 peculio.

254 885 304 950 10.
336 883 374 949 D.
391 883 442 968 15,
458 885 486 968 1,
499 885 552 950 42.
597 884 688 949 Idem
716 880 772 969 (sa.
790 879 964 970 Ulpianus)
992 882 1074 948 libro
1101 883 1181 948 dno-

110 1036 113 1054 ,
164 975 287 1040 decimo
320 972 360 1038 ad
389 973 529 1039 edietum
557 972 608 1056 (P.
625 968 716 1060 418).
747 1008 784 1019 -
815 971 853 1036 In
883 972 1109 1057 adrogatorem
1138 971 1180 1036 de

163 1063 290 1148 peculio
318 1062 479 1129 actionem
502 1062 640 1128 dandam
663 1060 793 1145 quidam
818 1111 847 1126 ..
870 1065 1002 1145 putant,
1028 1061 1179 1144 quamvis

165 1151 305 1218 Sabinus
328 1156 362 1216 et
380 1149 512 1217 Cassius
536 1172 575 1216 ex
598 1154 674 1215 ante
698 1152 791 1235 gesto
816 1149 855 1214 de
874 1150 999 1232 peculio
1019 1149 1179 1214 actionem

162 1263 229 1307 non
253 1263 323 1306 esse
347 1240 487 1305 dandam
510 1240 708 1305 existimant.

255 1340 304 1404 11.
332 1337 372 1402 D.
386 1337 435 1421 15,
447 1338 475 1422 1,
485 1339 515 1418 3,
524 1338 554 1402 9.
599 1335 762 1421 Ulpianus
784 1335 869 1400 libro
892 1335 1066 1400 vicensimo
1088 1356 1178 1400 nono

161 1427 204 1494 ad
236 1427 377 1493 edietum
409 1425 457 1512 (P.
477 1423 580 1512 851⁸).
608 1461 651 1471 -
679 1473 714 1490 ..
747 1426 774 1489 si
805 1423 891 1489 filius
922 1423 1092 1489 fideiussor
1124 1423 1177 1488 vel

164 1516 257 1601 quasi
282 1516 484 1581 interventor
511 1517 661 1598 aceeptus
685 1514 744 1597 sit,
772 1535 815 1578 an
836 1512 875 1577 de
898 1512 1025 1596 peeulio
1049 1513 1177 1599 patrem

126 1626 128 1629 ·
164 1605 300 1689 obligat,
324 1604 497 1688 quaeritur.
538 1607 571 1668 et
594 1606 644 1667 est
662 1653 688 1668 ..
706 1601 817 1667 Sabini
838 1605 872 1665 et
889 1599 996 1666 Cassii
1014 1600 1176 1666 sententia

164 1692 417 1758 existimantium
448 1713 575 1777 semper
602 1691 741 1776 obligari
771 1695 897 1776 patrem
923 1689 962 1755 de
990 1689 1114 1773 peeulio
1144 1693 1177 1754 et

165 1781 285 1847 distare
308 1782 341 1846 in
365 1781 427 1847 hoe
450 1804 469 1846 a
492 1803 595 1848 servo.

505 1991 639 2064 Deposita
659 1991 704 2049 vel
726 1994 834 2049 eontra.

254 2109 304 2173 12.
330 2108 368 2175 D.
381 2111 430 2191 12,
443 2112 472 2193 7,
481 2110 512 2174 2.
557 2108 646 2173 Idem
670 2104 727 2194 (se.
745 2103 925 2194 Ulpianus)
946 2106 1030 2171 libro
1053 2105 1176 2190 trigen-

160 2196 247 2262 simo
270 2199 408 2264 seeundo
433 2198 474 2263 ad
497 2197 637 2262 edietum
656 2193 706 2281 (P.
722 2193 826 2280 9511‘).
849 2231 892 2242 -
917 2194 952 2260 Si
974 2195 1055 2260 fullo
1081 2195 1175 2259 vesti-

164 2290 274 2351 menta
297 2287 435 2353 lavanda
457 2286 659 2368 conduxerit,
686 2283 800 2349 deinde
823 2285 950 2349 amissis
974 2285 1021 2348 eis
1044 2283 1176 2349 domino

164 2375 303 2458 pretium
340 2398 380 2440 ex
415 2376 523 2441 locato
561 2381 737 2439 conventus
769 2373 968 2456 praestiterit
999 2375 1178 2457 posteaque

163 2465 313 2530 dominus
332 2465 491 2530 invenerit
509 2463 712 2546 vestimenta,
737 2484 801 2546 qua
819 2461 947 2528 actione
966 2461 1083 2526 debeat
1101 2482 1178 2526 eon·

163 2554 253 2638 sequi
282 2553 421 2639 pretinm
450 2552 535 2638 quod
563 2551 673 2617 dedit?
720 2556 753 2617 et
781 2548 982 2652 ait-Cassius
1011 2571 1084 2652 enm
1111 2571 1179 2615 non

163 2643 270 2708 solum
284 2665 323 2708 ex
337 2643 494 2708 eundueto
509 2663 615 2728 agere,
627 2662 740 2706 verum
755 2639 921 2706 condicere
931 2639 1062 2704 dommo
1073 2659 1179 2723 posse.

253 2742 303 2806 13.
329 2740 366 2806 D.
383 2741 433 2823 16,
448 2742 479 2819 3,
495 2741 545 2824 14,
561 2742 590 2805 1.
632 2737 732 2803 Gaius
755 2737 840 2803 libro
864 2758 948 2803 nono
973 2735 1011 2800 ad
1036 2735 1178 2801 edietum

163 2831 361 2913 provinciale
385 2829 435 2916 (P.
450 2827 540 2915 230).
566 2863 604 2876 —
631 2826 705 2893 Sive
729 2876 759 2893 ..
782 2849 854 2891 eum
878 2826 949 2909 ipso
973 2824 1058 2909 apud
1082 2845 1179 2911 quem

163 2916 311 3001 deposita
344 2923 393 2982 est
426 2915 484 3002 (se.
506 2917 573 3002 res)
603 2919 711 2981 aetum
738 2914 837 2979 luerit
864 2913 931 2978 sive
959 2935 1033 2979 eum
1060 2911 1179 2978 herede

163 3004 232 3069 eius
256 3009 289 3069 et
310 3027 368 3071 sua
385 3009 503 3070 natura
520 3026 572 3069 res
592 3007 667 3069 ante
685 3024 754 3068 rem
773 3002 949 3067 iudicatam
967 3001 1179 3088 interciderit,

163 3092 264 3158 veluti
287 3095 314 3159 si
337 3092 435 3158 homo
460 3096 607 3158 mortuus
627 3091 735 3170 fuerit,
759 3089 899 3156 Sabinus
919 3094 952 3156 et
969 3089 1103 3156 Cassius
1123 3091 1177 3156 ab·

163 3181 247 3247 solvi
276 3181 392 3246 debere
420 3202 493 3246 eum
521 3202 594 3246 enm
617 3201 681 3263 quo
706 3184 814 3244 actum
838 3184 888 3244 est
911 3179 1074 3264 dixerunt,
1102 3181 1178 3266 qnia

163 3291 302 3355 aequum
316 3274 403 3335 esset
415 3269 597 3335 naturalem
611 3268 779 3333 interitum
799 3268 840 3333 ad
859 3272 1000 3334 aetorem
1014 3268 1178 3354 pertinere

163 3361 285 3444 [utique
304 3381 375 3424 aum
395 3359 568 3424 interitura
587 3361 672 3424 esset
695 3379 733 3423 ea
750 3379 802 3423 res
821 3360 856 3423 et
873 3357 902 3423 si
919 3357 1073 3423 restituta
1091 3363 1179 3424 esset

161 3449 290 3530 aetoriJ.
602 3463 605 3469 ·

252 3580 280 3621 v.
303 3560 335 3619 Π
359 3563 375 3620 1
406 3579 434 3636 p.
455 3561 529 3620 573.
