2614 3912
179 230 245 295 384
280 230 313 285 V.
332 228 482 285 NERVAE
499 231 547 284 ΕΤ
567 229 719 285 ΤΙιΑΙΔΝΙ
737 229 843 286 ΤΕΜΡ.
860 230 957 285 IURIS
976 229 1156 286 CONSULTI

177 394 281 479 tegris
305 393 456 458 omnibus
479 414 638 459 consensu
662 414 782 478 eorum,
804 394 860 478 qui
882 393 968 460 inter
991 415 1025 458 se
1047 394 1187 480 obligati

178 482 252 567 sint,
275 481 379 548 recedi
402 483 516 567 possit,
540 481 673 547 dubium
691 503 757 548 non
776 486 835 547 est.
875 481 1022 548 Aristoni
1039 483 1102 549 hoc
1121 506 1189 550 em·

177 570 264 658 plius
291 570 473 655 videbatur,
501 571 529 636 si
556 593 609 654 οι,
638 593 720 656 quae
747 593 798 636 me
826 593 865 636 ex
887 574 996 658 empto
1019 576 1188 657 praestare

176 660 239 724 tibi
262 663 439 744 oporteret,
467 660 606 763 praestit
607 661 706 726 issem
729 664 763 726 et
785 682 858 726 cum
880 664 918 726 tu
940 660 1022 726 mihi
1044 662 1188 744 pretium

177 748 326 832 deberes,
354 751 558 815 convenisset
543 749 666 814 tmihi
688 753 804 832 tecum,
827 752 864 814 ut
886 771 997 814 rursus
1020 750 1187 835 praestitis

177 836 259 902 mihi
282 860 302 902 ι
324 837 389 902 ιο
380 860 414 903 1n
437 859 472 903 re
495 838 628 904 vendite
651 837 811 921 omnibus,
834 860 917 923 quoe
940 859 1001 924 ego
1019 838 1080 903 tibi
1097 862 1188 925 pree·

178 925 343 1011 stitissem,
364 927 506 1012 pretium
528 926 609 991 mihi
628 947 693 992 non
711 924 838 991 durest
823 929 922 1012 tuque
942 927 1023 992 mihi
1041 949 1080 993 οι
1096 950 1188 1014 pree

177 1014 316 1081 stitisses
322 1016 493 1103 ,pretium
517 1019 550 1081 te
573 1015 688 1080 debere
707 1014 863 1097 desinere,
886 1015 963 1101 quie
980 1016 1084 1082 bones
1102 1018 1188 1102 fidei,

176 1104 217 1169 od
245 1127 343 1190 quem
371 1105 480 1171 omnis
505 1103 587 1170 haec
614 1104 818 1189 redigrmtur,
850 1066 1075 1190 interpretatio
1102 1106 1188 1179 hene

177 1216 303 1280 quoque
322 1194 570 1298 conventionem
588 1192 740 1277 admittit.
775 1215 834 1258 nec
853 1192 1024 1279 quicquum
1040 1195 1188 1281 interest,

176 1287 287 1349 utrum
318 1259 455 1368 integris
488 1269 694 1366 omnibus,
684 1305 718 1347 m
750 1304 830 1364 quoe
862 1281 1001 1367 obligati
1033 1303 1188 1387 essemus,

177 1373 373 1455 conveniret,
395 1372 496 1437 uteb
520 1392 558 1436 eo
580 1374 681 1457 negot
681 1372 712 1436 io
736 1370 960 1455 discederetur,
983 1393 1025 1437 en
1048 1373 1082 1437 in
1105 1373 1187 1438 inte·

176 1481 271 1546 grum
293 1394 453 1526 restitutis
475 1459 542 1544 his,
568 1481 650 1546 quae
674 1479 734 1545 ego
757 1460 820 1524 tibi
842 1461 1089 1547 praestitissem,
1111 1484 1187 1528 con·

177 1551 383 1631 sentiremus,
406 1570 446 1614 ne
470 1549 545 1633 quid
568 1553 604 1614 tu
627 1548 707 1613 mihi
731 1570 768 1614 eo
792 1549 921 1614 nomine
944 1553 1137 1634 praestares.

265 1644 301 1704 cf.
320 1644 357 1704 D.
372 1646 402 1721 2,
417 1646 467 1717 14,
483 1646 512 1721 7,
528 1645 556 1703 6.
592 1642 740 1719 Ulpianus
762 1643 839 1703 libro
860 1646 968 1719 qnerto
987 1643 1025 1703 od
1044 1644 1184 1724 edictum,

176 1727 234 1792 ‘wo
260 1736 338 1792 trote
361 1733 451 1792 ollem
473 1731 549 1791 doch
575 1731 655 1791 wohl
677 1731 863 1808 exceptiones
885 1732 1114 1794 beizubehelten
1136 1735 1187 1812 ist,

177 1820 329 1881 vielleicht
351 1821 428 1881 noch
451 1813 575 1880 Aristo'.
620 1820 744 1880 Pernice
766 1813 812 1880 11²
834 1841 862 1898 p.
879 1822 940 1880 187
965 1840 994 1882 ιι.
1009 1823 1039 1882 3.

265 1922 318 1986 32.
346 1921 385 1986 D.
407 1921 458 2006 18,
477 1921 506 2006 5,
525 1923 553 1988 1.
596 1918 794 2006 Pomponius
817 1921 901 1988 libro
925 1922 1186 2007 quintodecimo

176 2011 216 2076 ed
253 2007 411 2075 Sabinum
449 2009 500 2092 (P.
519 2009 622 2094 6152).
658 2047 695 2056 -
824 2007 935 2076 Aristo
973 2011 1054 2076 dixit
1089 2035 1187 2098 posse

176 2098 234 2182 (sc.
251 2099 414 2182 emptione
432 2099 619 2164 venditione
638 2096 820 2186 contrecto)
833 2101 881 2164 ιιι
900 2099 1028 2184 pecis,ci
1045 2106 1083 2166 ut
1101 2125 1185 2169 unns

175 2191 305 2252 meneet
327 2187 453 2272 obliget
453 2208 536 2253 us..

263 2281 420 2357 Pomponii
445 2281 534 2357 plene
560 2281 653 2341 verbo
680 2285 763 2342 sunt:
791 2275 882 2360 qnod
910 2283 1065 2345 Arist.o.
1086 2285 1183 2345 .obli·

175 2374 277 2450 gatus,
305 2389 365 2430 non
387 2373 435 2430 est
456 2389 572 2444 verum,
597 2369 733 2448 quie..

573 2524 623 2592 De
644 2527 788 2592 scrutate

264 2633 317 2700 33.
340 2632 379 2698 D.
395 2634 446 2717 17,
460 2633 490 2715 2,
505 2633 601 2719 29,.2
642 2631 718 2719 Ulp
709 2655 800 2698 lenus
823 2633 907 2699 libro
930 2631 1122 2720 trigensimo
1144 2635 1186 2700 ed

176 2721 331 2788 Sabinum
356 2719 404 2806 (P.
424 2683 600 2807 274'2).-
626 2723 736 2787 Aristo
761 2722 860 2787 refert
883 2719 1030 2789 Gessium
1052 2743 1186 2809 respon·

176 2811 261 2877 disse
280 2811 365 2877 socie
366 2813 467 2876 tatem
485 2811 586 2876 telem
604 2812 685 2877 coiri
701 2833 768 2877 non
761 2832 890 2966 tposse,
908 2816 946 2875 ut
962 2811 1044 2876 aiter
1058 2811 1184 2878 lucrum

175 2897 309 2983 totum¹,
342 2899 423 2965 ulter
455 2898 609 2964 damnum
641 2905 713 2965 sent
715 2901 788 2980 iret,
821 2897 965 2966 ethunc
993 2901 1079 2967 socie
1080 2903 1184 2968 tutem

175 2988 339 3052 1οοιιιιιιιιι
362 2987 440 3052 solit
425 2990 496 3052 tum
519 2987 692 3073 appellere.

539 3163 587 3230 De
608 3166 677 3230 iure
698 3165 821 3232 dotum.

264 3270 316 3334 34.
342 3268 381 3334 Ι)
400 3270 452 3352 23,
471 3270 501 3353 3,
521 3270 572 3335 20.
617 3269 736 3337 Paulus
759 3272 844 3337 libro
867 3294 923 3355 sep
924 3273 1004 3338 timo
1028 3273 1068 3338 sd
1092 3269 1183 3340 Sebi-

174 3379 252 3422 num
275 3356 324 3442 (P.
341 3355 515 3445 1756).—
537 3358 683 3425 Iulianus
703 3361 817 3426 scribit
835 3361 943 3427 velere
960 3362 1062 3428 telem
1081 3365 1183 3448 stipu-

174 3447 359 3512 lationem
361 3469 434 3513 oum
457 3449 613 3533 morieris,
636 3449 704 3515 dot
679 3452 723 3515 trs
745 3451 931 3516 nomineto
933 3451 1069 3574 tderi'P
1106 3453 1184 3537 quie

247 3605 329 3661 lFl.
348 3607 467 3663 tentum.
