<?xml version="1.0" encoding="UTF-8"?>
<!DOCTYPE html PUBLIC "-//W3C//DTD XHTML 1.0 Transitional//EN"
    "http://www.w3.org/TR/xhtml1/DTD/xhtml1-transitional.dtd">
<html xmlns="http://www.w3.org/1999/xhtml" xml:lang="en" lang="en">
 <head>
  <title>
</title>
<meta http-equiv="Content-Type" content="text/html;charset=utf-8" />
  <meta name='ocr-system' content='tesseract 3.04.00' />
  <meta name='ocr-capabilities' content='ocr_page ocr_carea ocr_par ocr_line ocrx_word'/>
</head>
<body>
  <div class='ocr_page' id='page_1' title='image "./iurisprudentiae03bremgoog_0159.png"; bbox 0 0 2596 3902; ppageno 0'>
   <div class='ocr_carea' id='block_1_1' title="bbox 522 191 1142 258">
    <p class='ocr_par' dir='ltr' id='par_1_1' title="bbox 522 191 1142 258">
     <span class='ocr_line' id='line_1_1' title="bbox 522 191 1142 258; baseline -0.002 -10"><span class='ocrx_word' id='word_1_1' title='bbox 522 199 546 248; x_wconf 78' lang='grc'>7.</span> <span class='ocrx_word' id='word_1_2' title='bbox 564 191 752 249; x_wconf 82' lang='lat' dir='ltr'>PROOULUS</span> <span class='ocrx_word' id='word_1_3' title='bbox 1079 194 1142 258; x_wconf 81' lang='lat'>129</span> 
     </span>
    </p>
   </div>
   <div class='ocr_carea' id='block_1_2' title="bbox 132 362 1142 530">
    <p class='ocr_par' dir='ltr' id='par_1_2' title="bbox 132 362 1142 530">
     <span class='ocr_line' id='line_1_2' title="bbox 132 362 1142 440; baseline -0.001 -17"><span class='ocrx_word' id='word_1_4' title='bbox 132 365 202 424; x_wconf 87' lang='lat' dir='ltr'>dum</span> <span class='ocrx_word' id='word_1_5' title='bbox 226 365 375 439; x_wconf 74' lang='lat' dir='ltr'>crescant,</span> <span class='ocrx_word' id='word_1_6' title='bbox 404 362 553 422; x_wconf 89' lang='lat' dir='ltr'>interdum</span> <span class='ocrx_word' id='word_1_7' title='bbox 577 365 758 440; x_wconf 82' lang='lat' dir='ltr'>exarescant,</span> <span class='ocrx_word' id='word_1_8' title='bbox 782 381 852 423; x_wconf 87' lang='lat' dir='ltr'>suos</span> <span class='ocrx_word' id='word_1_9' title='bbox 873 365 976 438; x_wconf 72' lang='lat' dir='ltr'>tamen</span> <span class='ocrx_word' id='word_1_10' title='bbox 997 362 1142 422; x_wconf 86' lang='lat' dir='ltr'>terminos</span> 
     </span>
     <span class='ocr_line' id='line_1_3' title="bbox 132 446 1142 530; baseline -0.001 -19"><span class='ocrx_word' id='word_1_11' title='bbox 132 452 262 512; x_wconf 75' lang='lat' dir='ltr'>retinent</span> <span class='ocrx_word' id='word_1_12' title='bbox 291 451 416 529; x_wconf 87' lang='lat' dir='ltr'>ideoque</span> <span class='ocrx_word' id='word_1_13' title='bbox 445 451 477 510; x_wconf 91' lang='lat' dir='ltr'>in</span> <span class='ocrx_word' id='word_1_14' title='bbox 504 450 551 509; x_wconf 90' lang='lat' dir='ltr'>his</span> <span class='ocrx_word' id='word_1_15' title='bbox 579 451 625 510; x_wconf 85' lang='lat' dir='ltr'>ius</span> <span class='ocrx_word' id='word_1_16' title='bbox 653 451 814 512; x_wconf 85' lang='lat' dir='ltr'>alluvionis</span> <span class='ocrx_word' id='word_1_17' title='bbox 841 470 902 511; x_wconf 89' lang='lat' dir='ltr'>non</span> <span class='ocrx_word' id='word_1_18' title='bbox 929 446 1142 530; x_wconf 85' lang='lat' dir='ltr'>adgnoscitur&#39;.</span> 
     </span>
    </p>
   </div>
   <div class='ocr_carea' id='block_1_3' title="bbox 493 604 781 672">
    <p class='ocr_par' dir='ltr' id='par_1_3' title="bbox 493 604 781 672">
     <span class='ocr_line' id='line_1_4' title="bbox 493 604 781 672; baseline 0.007 -2"><span class='ocrx_word' id='word_1_19' title='bbox 493 604 544 672; x_wconf 88' lang='lat' dir='ltr'>De</span> <span class='ocrx_word' id='word_1_20' title='bbox 565 607 633 672; x_wconf 78' lang='lat' dir='ltr'>inre</span> <span class='ocrx_word' id='word_1_21' title='bbox 654 606 781 672; x_wconf 78' lang='lat' dir='ltr'>dotium.</span> 
     </span>
    </p>
   </div>
   <div class='ocr_carea' id='block_1_4' title="bbox 129 709 1146 2912">
    <p class='ocr_par' dir='ltr' id='par_1_4' title="bbox 131 709 1144 1419">
     <span class='ocr_line' id='line_1_5' title="bbox 219 709 1144 796; baseline 0.001 -19"><span class='ocrx_word' id='word_1_22' title='bbox 219 710 273 779; x_wconf 84' lang='lat'>35.</span> <span class='ocrx_word' id='word_1_23' title='bbox 296 709 336 776; x_wconf 87' lang='grc' dir='ltr'>Ι).</span> <span class='ocrx_word' id='word_1_24' title='bbox 350 711 403 795; x_wconf 82' lang='grc'>23,</span> <span class='ocrx_word' id='word_1_25' title='bbox 416 712 447 796; x_wconf 84' lang='grc'>4,</span> <span class='ocrx_word' id='word_1_26' title='bbox 462 713 512 777; x_wconf 81' lang='lat'>17.</span> <span class='ocrx_word' id='word_1_27' title='bbox 548 711 705 777; x_wconf 89' lang='lat' dir='ltr'>Proculus</span> <span class='ocrx_word' id='word_1_28' title='bbox 724 711 808 776; x_wconf 88' lang='lat' dir='ltr'>libro</span> <span class='ocrx_word' id='word_1_29' title='bbox 826 710 995 778; x_wconf 91' lang='lat' dir='ltr'>undecimo</span> <span class='ocrx_word' id='word_1_30' title='bbox 1010 713 1144 796; x_wconf 82' lang='lat' dir='ltr'>Epistu-</span> 
     </span>
     <span class='ocr_line' id='line_1_6' title="bbox 132 799 1143 867; baseline 0 -1"><span class='ocrx_word' id='word_1_31' title='bbox 132 802 247 867; x_wconf 83' lang='lat' dir='ltr'><strong>larum.</strong></span> <span class='ocrx_word' id='word_1_32' title='bbox 269 837 311 848; x_wconf 94' lang='lat'>—</span> <span class='ocrx_word' id='word_1_33' title='bbox 336 800 508 866; x_wconf 83' lang='lat' dir='ltr'>Atilicinus</span> <span class='ocrx_word' id='word_1_34' title='bbox 526 800 663 866; x_wconf 88' lang='lat' dir='ltr'>Proculo</span> <span class='ocrx_word' id='word_1_35' title='bbox 688 822 746 865; x_wconf 89' lang='lat' dir='ltr'>suo</span> <span class='ocrx_word' id='word_1_36' title='bbox 771 801 918 865; x_wconf 83' lang='lat' dir='ltr'>salutem.</span> <span class='ocrx_word' id='word_1_37' title='bbox 959 799 1040 866; x_wconf 81' lang='lat' dir='ltr'>Cum</span> <span class='ocrx_word' id='word_1_38' title='bbox 1058 802 1143 866; x_wconf 88' lang='lat' dir='ltr'>inter</span> 
     </span>
     <span class='ocr_line' id='line_1_7' title="bbox 131 890 1142 974; baseline -0.001 -19"><span class='ocrx_word' id='word_1_39' title='bbox 131 890 236 956; x_wconf 85' lang='lat' dir='ltr'>virum</span> <span class='ocrx_word' id='word_1_40' title='bbox 275 895 307 954; x_wconf 91' lang='lat' dir='ltr'>et</span> <span class='ocrx_word' id='word_1_41' title='bbox 342 910 474 954; x_wconf 90' lang='lat' dir='ltr'>uxorem</span> <span class='ocrx_word' id='word_1_42' title='bbox 510 893 642 974; x_wconf 85' lang='lat' dir='ltr'>pactum</span> <span class='ocrx_word' id='word_1_43' title='bbox 677 894 870 955; x_wconf 85' lang='lat' dir='ltr'>conventum</span> <span class='ocrx_word' id='word_1_44' title='bbox 904 893 979 954; x_wconf 86' lang='lat' dir='ltr'>ante</span> <span class='ocrx_word' id='word_1_45' title='bbox 1010 891 1142 974; x_wconf 87' lang='lat' dir='ltr'>nuptias</span> 
     </span>
     <span class='ocr_line' id='line_1_8' title="bbox 131 978 1142 1063; baseline -0.001 -19"><span class='ocrx_word' id='word_1_46' title='bbox 131 980 255 1045; x_wconf 89' lang='lat' dir='ltr'>factum</span> <span class='ocrx_word' id='word_1_47' title='bbox 286 979 340 1062; x_wconf 86' lang='lat' dir='ltr'>sit,</span> <span class='ocrx_word' id='word_1_48' title='bbox 372 993 409 1043; x_wconf 84' lang='lat' dir='ltr'>ut</span> <span class='ocrx_word' id='word_1_49' title='bbox 437 979 552 1063; x_wconf 89' lang='lat' dir='ltr'>quibus</span> <span class='ocrx_word' id='word_1_50' title='bbox 579 979 693 1042; x_wconf 88' lang='lat' dir='ltr'>diebus</span> <span class='ocrx_word' id='word_1_51' title='bbox 722 978 780 1042; x_wconf 90' lang='lat' dir='ltr'>dos</span> <span class='ocrx_word' id='word_1_52' title='bbox 808 978 883 1043; x_wconf 85' lang='lat' dir='ltr'>deta</span> <span class='ocrx_word' id='word_1_53' title='bbox 911 981 1008 1062; x_wconf 86' lang='lat' dir='ltr'>esset,</span> <span class='ocrx_word' id='word_1_54' title='bbox 1040 978 1142 1044; x_wconf 89' lang='lat' dir='ltr'>isdem</span> 
     </span>
     <span class='ocr_line' id='line_1_9' title="bbox 132 1066 1143 1153; baseline 0 -21"><span class='ocrx_word' id='word_1_55' title='bbox 132 1066 271 1132; x_wconf 79' lang='lat' dir='ltr'>divortio</span> <span class='ocrx_word' id='word_1_56' title='bbox 303 1067 389 1133; x_wconf 89' lang='lat' dir='ltr'>facto</span> <span class='ocrx_word' id='word_1_57' title='bbox 422 1067 619 1153; x_wconf 82' lang='lat' dir='ltr'>redderetur,</span> <span class='ocrx_word' id='word_1_58' title='bbox 651 1070 726 1151; x_wconf 86' lang='lat' dir='ltr'>post</span> <span class='ocrx_word' id='word_1_59' title='bbox 758 1066 1013 1152; x_wconf 87' lang='lat' dir='ltr'>quinquennium</span> <span class='ocrx_word' id='word_1_60' title='bbox 1045 1089 1143 1152; x_wconf 87' lang='lat' dir='ltr'>quam</span> 
     </span>
     <span class='ocr_line' id='line_1_10' title="bbox 131 1154 1143 1241; baseline -0.004 -17"><span class='ocrx_word' id='word_1_61' title='bbox 131 1157 265 1241; x_wconf 82' lang='lat' dir='ltr'>nuptiae</span> <span class='ocrx_word' id='word_1_62' title='bbox 292 1155 397 1221; x_wconf 84' lang='lat' dir='ltr'>factae</span> <span class='ocrx_word' id='word_1_63' title='bbox 421 1160 498 1221; x_wconf 87' lang='lat' dir='ltr'>sunt</span> <span class='ocrx_word' id='word_1_64' title='bbox 524 1178 605 1221; x_wconf 86' lang='lat' dir='ltr'>uxor</span> <span class='ocrx_word' id='word_1_65' title='bbox 631 1158 701 1222; x_wconf 86' lang='lat' dir='ltr'>viro</span> <span class='ocrx_word' id='word_1_66' title='bbox 726 1156 834 1220; x_wconf 87' lang='lat' dir='ltr'>dotem</span> <span class='ocrx_word' id='word_1_67' title='bbox 863 1154 961 1220; x_wconf 87' lang='lat' dir='ltr'>dedit.</span> <span class='ocrx_word' id='word_1_68' title='bbox 1004 1156 1143 1221; x_wconf 86' lang='lat' dir='ltr'>divortio</span> 
     </span>
     <span class='ocr_line' id='line_1_11' title="bbox 131 1244 1143 1330; baseline 0 -20"><span class='ocrx_word' id='word_1_69' title='bbox 131 1245 219 1311; x_wconf 84' lang='lat' dir='ltr'>facto</span> <span class='ocrx_word' id='word_1_70' title='bbox 248 1266 381 1330; x_wconf 83' lang='lat' dir='ltr'>quaere,</span> <span class='ocrx_word' id='word_1_71' title='bbox 408 1249 515 1309; x_wconf 85' lang='lat' dir='ltr'>utrum</span> <span class='ocrx_word' id='word_1_72' title='bbox 540 1245 750 1330; x_wconf 89' lang='lat' dir='ltr'>quinquennii</span> <span class='ocrx_word' id='word_1_73' title='bbox 772 1244 823 1308; x_wconf 92' lang='lat' dir='ltr'>die</span> <span class='ocrx_word' id='word_1_74' title='bbox 845 1244 895 1309; x_wconf 82' lang='lat' dir='ltr'>vir</span> <span class='ocrx_word' id='word_1_75' title='bbox 917 1245 1010 1309; x_wconf 86' lang='lat' dir='ltr'>uxori</span> <span class='ocrx_word' id='word_1_76' title='bbox 1033 1245 1143 1310; x_wconf 90' lang='lat' dir='ltr'>dotem</span> 
     </span>
     <span class='ocr_line' id='line_1_12' title="bbox 132 1333 820 1419; baseline 0 -20"><span class='ocrx_word' id='word_1_77' title='bbox 132 1335 281 1400; x_wconf 86' lang='lat' dir='ltr'>redderet</span> <span class='ocrx_word' id='word_1_78' title='bbox 305 1355 347 1400; x_wconf 85' lang='lat' dir='ltr'>an</span> <span class='ocrx_word' id='word_1_79' title='bbox 370 1337 493 1399; x_wconf 83' lang='lat' dir='ltr'>statuto</span> <span class='ocrx_word' id='word_1_80' title='bbox 516 1333 643 1419; x_wconf 82' lang='lat' dir='ltr'>legibus</span> <span class='ocrx_word' id='word_1_81' title='bbox 666 1337 820 1418; x_wconf 88' lang='lat' dir='ltr'>tempore.</span> 
     </span>
    </p>

    <p class='ocr_par' dir='ltr' id='par_1_5' title="bbox 129 1421 1146 2308">
     <span class='ocr_line' id='line_1_13' title="bbox 219 1421 1143 1507; baseline 0 -19"><span class='ocrx_word' id='word_1_82' title='bbox 219 1421 377 1488; x_wconf 84' lang='lat' dir='ltr'>Proculus</span> <span class='ocrx_word' id='word_1_83' title='bbox 399 1422 578 1507; x_wconf 87' lang='lat' dir='ltr'>respondit:</span> <span class='ocrx_word' id='word_1_84' title='bbox 604 1424 686 1506; x_wconf 79' lang='lat' dir='ltr'>qnod</span> <span class='ocrx_word' id='word_1_85' title='bbox 706 1424 750 1488; x_wconf 82' lang='lat' dir='ltr'>ad</span> <span class='ocrx_word' id='word_1_86' title='bbox 769 1423 850 1487; x_wconf 83' lang='lat' dir='ltr'>diem</span> <span class='ocrx_word' id='word_1_87' title='bbox 873 1423 1043 1487; x_wconf 78' lang='lat' dir='ltr'>reddendae</span> <span class='ocrx_word' id='word_1_88' title='bbox 1064 1422 1143 1488; x_wconf 80' lang='lat' dir='ltr'>dctis</span> 
     </span>
     <span class='ocr_line' id='line_1_14' title="bbox 131 1511 1144 1596; baseline -0.004 -17"><span class='ocrx_word' id='word_1_89' title='bbox 131 1514 248 1596; x_wconf 79' lang='lat' dir='ltr'>attinet,</span> <span class='ocrx_word' id='word_1_90' title='bbox 260 1517 354 1594; x_wconf 79' lang='lat' dir='ltr'>pacto</span> <span class='ocrx_word' id='word_1_91' title='bbox 371 1513 511 1577; x_wconf 65' lang='lat' dir='ltr'>aetina</span> <span class='ocrx_word' id='word_1_92' title='bbox 529 1512 684 1577; x_wconf 77' lang='lat' dir='ltr'>meliorem</span> <span class='ocrx_word' id='word_1_93' title='bbox 697 1513 903 1577; x_wconf 80' lang='lat' dir='ltr'>condicionem</span> <span class='ocrx_word' id='word_1_94' title='bbox 917 1511 1057 1576; x_wconf 78' lang='lat' dir='ltr'>mulieris</span> <span class='ocrx_word' id='word_1_95' title='bbox 1073 1512 1144 1592; x_wconf 78' lang='lat' dir='ltr'>fieri</span> 
     </span>
     <span class='ocr_line' id='line_1_15' title="bbox 129 1601 1146 1686; baseline -0.004 -18"><span class='ocrx_word' id='word_1_96' title='bbox 129 1621 232 1686; x_wconf 80' lang='lat' dir='ltr'>posse,</span> <span class='ocrx_word' id='word_1_97' title='bbox 262 1601 439 1666; x_wconf 68' lang='lat' dir='ltr'>denriorem</span> <span class='ocrx_word' id='word_1_98' title='bbox 461 1621 524 1666; x_wconf 88' lang='lat' dir='ltr'>non</span> <span class='ocrx_word' id='word_1_99' title='bbox 544 1621 642 1685; x_wconf 79' lang='lat' dir='ltr'>posse</span> <span class='ocrx_word' id='word_1_100' title='bbox 687 1602 789 1682; x_wconf 76' lang='lat' dir='ltr'>itaque</span> <span class='ocrx_word' id='word_1_101' title='bbox 815 1601 844 1666; x_wconf 80' lang='lat' dir='ltr'>si</span> <span class='ocrx_word' id='word_1_102' title='bbox 869 1605 996 1666; x_wconf 81' lang='lat' dir='ltr'>cantum</span> <span class='ocrx_word' id='word_1_103' title='bbox 1023 1604 1077 1683; x_wconf 81' lang='lat' dir='ltr'>est,</span> <span class='ocrx_word' id='word_1_104' title='bbox 1109 1604 1146 1664; x_wconf 85' lang='lat' dir='ltr'>nt</span> 
     </span>
     <span class='ocr_line' id='line_1_16' title="bbox 129 1690 1144 1774; baseline -0.003 -18"><span class='ocrx_word' id='word_1_105' title='bbox 129 1691 274 1773; x_wconf 76' lang='lat' dir='ltr'>propiore</span> <span class='ocrx_word' id='word_1_106' title='bbox 296 1695 435 1774; x_wconf 66' lang='lat' dir='ltr'>tenwcne,</span> <span class='ocrx_word' id='word_1_107' title='bbox 457 1711 551 1771; x_wconf 75' lang='lat' dir='ltr'>qnam</span> <span class='ocrx_word' id='word_1_108' title='bbox 570 1690 683 1773; x_wconf 64' lang='lat' dir='ltr'>laudm</span> <span class='ocrx_word' id='word_1_109' title='bbox 700 1690 896 1755; x_wconf 63' lang='lat' dir='ltr'>cuintitutnm</span> <span class='ocrx_word' id='word_1_110' title='bbox 914 1695 965 1773; x_wconf 83' lang='lat' dir='ltr'>est,</span> <span class='ocrx_word' id='word_1_111' title='bbox 988 1691 1144 1772; x_wconf 82' lang='lat' dir='ltr'>reddatur,</span> 
     </span>
     <span class='ocr_line' id='line_1_17' title="bbox 132 1778 1143 1863; baseline -0.001 -18"><span class='ocrx_word' id='word_1_112' title='bbox 132 1781 211 1845; x_wconf 79' lang='lat' dir='ltr'>snrri</span> <span class='ocrx_word' id='word_1_113' title='bbox 233 1799 266 1845; x_wconf 88' lang='lat' dir='ltr'>ec</span> <span class='ocrx_word' id='word_1_114' title='bbox 289 1779 401 1861; x_wconf 64' lang='lat' dir='ltr'>deduc,</span> <span class='ocrx_word' id='word_1_115' title='bbox 421 1779 452 1844; x_wconf 83' lang='lat' dir='ltr'>si</span> <span class='ocrx_word' id='word_1_116' title='bbox 473 1783 510 1843; x_wconf 85' lang='lat' dir='ltr'>nt</span> <span class='ocrx_word' id='word_1_117' title='bbox 526 1779 668 1863; x_wconf 66' lang='lat' dir='ltr'>incutere,</span> <span class='ocrx_word' id='word_1_118' title='bbox 691 1799 745 1843; x_wconf 88' lang='lat' dir='ltr'>nec</span> <span class='ocrx_word' id='word_1_119' title='bbox 762 1778 864 1844; x_wconf 81' lang='lat' dir='ltr'>vadere</span> <span class='ocrx_word' id='word_1_120' title='bbox 880 1779 918 1843; x_wconf 78' lang='lat' dir='ltr'>id</span> <span class='ocrx_word' id='word_1_121' title='bbox 926 1784 1056 1861; x_wconf 76' lang='lat' dir='ltr'>pactum</span> <span class='ocrx_word' id='word_1_122' title='bbox 1074 1798 1143 1844; x_wconf 86' lang='lat' dir='ltr'>con-</span> 
     </span>
     <span class='ocr_line' id='line_1_18' title="bbox 133 1865 1145 1952; baseline -0.004 -16"><span class='ocrx_word' id='word_1_123' title='bbox 133 1873 265 1936; x_wconf 78' lang='lat' dir='ltr'>centum.</span> <span class='ocrx_word' id='word_1_124' title='bbox 310 1868 398 1933; x_wconf 77' lang='lat' dir='ltr'>cuins</span> <span class='ocrx_word' id='word_1_125' title='bbox 419 1865 584 1933; x_wconf 76' lang='lat' dir='ltr'>sentcntiae</span> <span class='ocrx_word' id='word_1_126' title='bbox 606 1867 790 1934; x_wconf 67' lang='lat' dir='ltr'>convenicae</span> <span class='ocrx_word' id='word_1_127' title='bbox 806 1872 851 1933; x_wconf 82' lang='lat' dir='ltr'>est</span> <span class='ocrx_word' id='word_1_128' title='bbox 871 1869 980 1952; x_wconf 66' lang='lat' dir='ltr'>dnae,</span> <span class='ocrx_word' id='word_1_129' title='bbox 1005 1869 1035 1933; x_wconf 79' lang='lat' dir='ltr'>si</span> <span class='ocrx_word' id='word_1_130' title='bbox 1054 1873 1145 1950; x_wconf 80' lang='lat' dir='ltr'>pacto</span> 
     </span>
     <span class='ocr_line' id='line_1_19' title="bbox 134 1954 1146 2040; baseline -0.001 -17"><span class='ocrx_word' id='word_1_131' title='bbox 134 1961 275 2024; x_wconf 83' lang='lat' dir='ltr'>convento</span> <span class='ocrx_word' id='word_1_132' title='bbox 297 1962 422 2022; x_wconf 84' lang='lat' dir='ltr'>cantum</span> <span class='ocrx_word' id='word_1_133' title='bbox 444 1962 496 2039; x_wconf 82' lang='lat' dir='ltr'>cst,</span> <span class='ocrx_word' id='word_1_134' title='bbox 518 1961 555 2021; x_wconf 82' lang='lat' dir='ltr'>nt</span> <span class='ocrx_word' id='word_1_135' title='bbox 575 1961 689 2038; x_wconf 81' lang='lat' dir='ltr'>quanto</span> <span class='ocrx_word' id='word_1_136' title='bbox 711 1958 810 2022; x_wconf 82' lang='lat' dir='ltr'>scrius</span> <span class='ocrx_word' id='word_1_137' title='bbox 832 1977 966 2039; x_wconf 64' lang='lat' dir='ltr'>qumque</span> <span class='ocrx_word' id='word_1_138' title='bbox 988 1954 1055 2022; x_wconf 82' lang='lat' dir='ltr'>ncs²</span> <span class='ocrx_word' id='word_1_139' title='bbox 1071 1961 1146 2040; x_wconf 78' lang='lat' dir='ltr'>pest</span> 
     </span>
     <span class='ocr_line' id='line_1_20' title="bbox 134 2043 1146 2130; baseline -0.001 -18"><span class='ocrx_word' id='word_1_140' title='bbox 134 2047 260 2129; x_wconf 76' lang='lat' dir='ltr'>nuptias</span> <span class='ocrx_word' id='word_1_141' title='bbox 287 2047 363 2111; x_wconf 83' lang='lat' dir='ltr'>datc</span> <span class='ocrx_word' id='word_1_142' title='bbox 387 2045 497 2129; x_wconf 79' lang='lat' dir='ltr'>fuerit,</span> <span class='ocrx_word' id='word_1_143' title='bbox 528 2051 614 2110; x_wconf 81' lang='lat' dir='ltr'>tante</span> <span class='ocrx_word' id='word_1_144' title='bbox 635 2051 708 2128; x_wconf 78' lang='lat' dir='ltr'>post</span> <span class='ocrx_word' id='word_1_145' title='bbox 733 2047 900 2111; x_wconf 77' lang='lat' dir='ltr'>divortium</span> <span class='ocrx_word' id='word_1_146' title='bbox 926 2043 1085 2130; x_wconf 72' lang='lat' dir='ltr'>reddatur,</span> <span class='ocrx_word' id='word_1_147' title='bbox 1115 2047 1146 2111; x_wconf 85' lang='lat' dir='ltr'>sc&#39;</span> 
     </span>
     <span class='ocr_line' id='line_1_21' title="bbox 129 2135 1146 2218; baseline 0.001 -19"><span class='ocrx_word' id='word_1_148' title='bbox 129 2137 284 2218; x_wconf 73' lang='lat' dir='ltr'>propiore,</span> <span class='ocrx_word' id='word_1_149' title='bbox 306 2155 400 2218; x_wconf 77' lang='lat' dir='ltr'>qnam</span> <span class='ocrx_word' id='word_1_150' title='bbox 422 2135 458 2198; x_wconf 82' lang='lat' dir='ltr'>in</span> <span class='ocrx_word' id='word_1_151' title='bbox 480 2136 634 2200; x_wconf 80' lang='lat' dir='ltr'>reddenda</span> <span class='ocrx_word' id='word_1_152' title='bbox 648 2135 715 2200; x_wconf 85' lang='lat' dir='ltr'>dote</span> <span class='ocrx_word' id='word_1_153' title='bbox 728 2137 924 2200; x_wconf 79' lang='lat' dir='ltr'>constitutum</span> <span class='ocrx_word' id='word_1_154' title='bbox 941 2139 986 2200; x_wconf 84' lang='lat' dir='ltr'>cst</span> <span class='ocrx_word' id='word_1_155' title='bbox 1002 2136 1077 2200; x_wconf 77' lang='lat' dir='ltr'>datu</span> <span class='ocrx_word' id='word_1_156' title='bbox 1095 2135 1146 2218; x_wconf 79' lang='lat' dir='ltr'>su,</span> 
     </span>
     <span class='ocr_line' id='line_1_22' title="bbox 134 2224 1028 2308; baseline 0.001 -20"><span class='ocrx_word' id='word_1_157' title='bbox 134 2224 233 2289; x_wconf 72' lang='lat' dir='ltr'>vulne</span> <span class='ocrx_word' id='word_1_158' title='bbox 250 2229 379 2308; x_wconf 76' lang='lat' dir='ltr'>partem</span> <span class='ocrx_word' id='word_1_159' title='bbox 401 2228 591 2304; x_wconf 74' lang='lat' dir='ltr'>manentum,</span> <span class='ocrx_word' id='word_1_160' title='bbox 614 2225 643 2288; x_wconf 79' lang='lat' dir='ltr'>si</span> <span class='ocrx_word' id='word_1_161' title='bbox 665 2224 811 2308; x_wconf 59' lang='lat' dir='ltr'>unedone,</span> <span class='ocrx_word' id='word_1_162' title='bbox 834 2245 897 2289; x_wconf 90' lang='lat' dir='ltr'>non</span> <span class='ocrx_word' id='word_1_163' title='bbox 919 2225 1028 2290; x_wconf 72' lang='lat' dir='ltr'>cadere</span> 
     </span>
    </p>

    <p class='ocr_par' dir='ltr' id='par_1_6' title="bbox 133 2311 1145 2912">
     <span class='ocr_line' id='line_1_23' title="bbox 223 2311 1143 2397; baseline -0.001 -19"><span class='ocrx_word' id='word_1_164' title='bbox 223 2313 275 2378; x_wconf 84' lang='lat'>36.</span> <span class='ocrx_word' id='word_1_165' title='bbox 298 2311 337 2377; x_wconf 91' lang='lat' dir='ltr'>D.</span> <span class='ocrx_word' id='word_1_166' title='bbox 355 2313 405 2392; x_wconf 88' lang='grc'>19,</span> <span class='ocrx_word' id='word_1_167' title='bbox 419 2311 449 2397; x_wconf 83' lang='grc'>5,</span> <span class='ocrx_word' id='word_1_168' title='bbox 465 2312 515 2378; x_wconf 81' lang='grc'>12.</span> <span class='ocrx_word' id='word_1_169' title='bbox 548 2312 705 2377; x_wconf 87' lang='lat' dir='ltr'>Proculus</span> <span class='ocrx_word' id='word_1_170' title='bbox 724 2314 807 2378; x_wconf 88' lang='lat' dir='ltr'>libro</span> <span class='ocrx_word' id='word_1_171' title='bbox 827 2312 995 2378; x_wconf 89' lang='lat' dir='ltr'>undecimo</span> <span class='ocrx_word' id='word_1_172' title='bbox 1009 2312 1143 2396; x_wconf 77' lang='lat' dir='ltr'>Epistu-</span> 
     </span>
     <span class='ocr_line' id='line_1_24' title="bbox 134 2399 1144 2467; baseline -0.001 -2"><span class='ocrx_word' id='word_1_173' title='bbox 134 2400 248 2467; x_wconf 84' lang='lat' dir='ltr'>larum.</span> <span class='ocrx_word' id='word_1_174' title='bbox 275 2437 319 2448; x_wconf 90' lang='lat'>-</span> <span class='ocrx_word' id='word_1_175' title='bbox 347 2399 382 2465; x_wconf 89' lang='lat' dir='ltr'>Si</span> <span class='ocrx_word' id='word_1_176' title='bbox 413 2401 463 2465; x_wconf 89' lang='lat' dir='ltr'>vir</span> <span class='ocrx_word' id='word_1_177' title='bbox 494 2401 588 2466; x_wconf 84' lang='lat' dir='ltr'>uxori</span> <span class='ocrx_word' id='word_1_178' title='bbox 619 2423 697 2466; x_wconf 88' lang='lat' dir='ltr'>suae</span> <span class='ocrx_word' id='word_1_179' title='bbox 728 2401 845 2466; x_wconf 85' lang='lat' dir='ltr'>fundos</span> <span class='ocrx_word' id='word_1_180' title='bbox 878 2401 1022 2467; x_wconf 86' lang='lat' dir='ltr'>vendidit</span> <span class='ocrx_word' id='word_1_181' title='bbox 1051 2405 1085 2465; x_wconf 88' lang='lat' dir='ltr'>et</span> <span class='ocrx_word' id='word_1_182' title='bbox 1112 2401 1144 2465; x_wconf 91' lang='lat' dir='ltr'>in</span> 
     </span>
     <span class='ocr_line' id='line_1_25' title="bbox 134 2489 1145 2574; baseline -0.002 -20"><span class='ocrx_word' id='word_1_183' title='bbox 134 2490 319 2555; x_wconf 86' lang='lat' dir='ltr'>venditione</span> <span class='ocrx_word' id='word_1_184' title='bbox 343 2489 609 2574; x_wconf 86' lang='lat' dir='ltr'>comprehensum</span> <span class='ocrx_word' id='word_1_185' title='bbox 633 2494 684 2555; x_wconf 86' lang='lat' dir='ltr'>est</span> <span class='ocrx_word' id='word_1_186' title='bbox 706 2492 893 2555; x_wconf 86' lang='lat' dir='ltr'>convenisse</span> <span class='ocrx_word' id='word_1_187' title='bbox 916 2491 1002 2555; x_wconf 88' lang='lat' dir='ltr'>inter</span> <span class='ocrx_word' id='word_1_188' title='bbox 1025 2510 1095 2569; x_wconf 84' lang='lat' dir='ltr'>eos,</span> <span class='ocrx_word' id='word_1_189' title='bbox 1117 2489 1145 2554; x_wconf 90' lang='lat' dir='ltr'>si</span> 
     </span>
     <span class='ocr_line' id='line_1_26' title="bbox 135 2577 1145 2663; baseline -0.004 -19"><span class='ocrx_word' id='word_1_190' title='bbox 135 2601 172 2644; x_wconf 87' lang='lat' dir='ltr'>ea</span> <span class='ocrx_word' id='word_1_191' title='bbox 194 2583 299 2663; x_wconf 85' lang='lat' dir='ltr'>nupta</span> <span class='ocrx_word' id='word_1_192' title='bbox 322 2581 351 2643; x_wconf 92' lang='lat' dir='ltr'>ei</span> <span class='ocrx_word' id='word_1_193' title='bbox 371 2600 440 2644; x_wconf 81' lang='lat' dir='ltr'>esse</span> <span class='ocrx_word' id='word_1_194' title='bbox 459 2579 602 2661; x_wconf 72' lang='lat' dir='ltr'>desisset,</span> <span class='ocrx_word' id='word_1_195' title='bbox 624 2584 661 2642; x_wconf 94' lang='lat' dir='ltr'>ut</span> <span class='ocrx_word' id='word_1_196' title='bbox 678 2600 733 2643; x_wconf 87' lang='lat' dir='ltr'>eos</span> <span class='ocrx_word' id='word_1_197' title='bbox 753 2578 880 2662; x_wconf 89' lang='lat' dir='ltr'>fundos,</span> <span class='ocrx_word' id='word_1_198' title='bbox 904 2578 931 2642; x_wconf 93' lang='lat' dir='ltr'>si</span> <span class='ocrx_word' id='word_1_199' title='bbox 950 2577 1020 2662; x_wconf 84' lang='lat' dir='ltr'>ipse</span> <span class='ocrx_word' id='word_1_200' title='bbox 1038 2578 1145 2659; x_wconf 86' lang='lat' dir='ltr'>vellet,</span> 
     </span>
     <span class='ocr_line' id='line_1_27' title="bbox 134 2665 1145 2754; baseline -0.004 -22"><span class='ocrx_word' id='word_1_201' title='bbox 134 2667 246 2734; x_wconf 86' lang='lat' dir='ltr'>eodem</span> <span class='ocrx_word' id='word_1_202' title='bbox 282 2667 388 2754; x_wconf 89' lang='lat' dir='ltr'>pretio</span> <span class='ocrx_word' id='word_1_203' title='bbox 424 2667 540 2732; x_wconf 86' lang='lat' dir='ltr'>mulier</span> <span class='ocrx_word' id='word_1_204' title='bbox 576 2667 808 2732; x_wconf 79' lang='lat' dir='ltr'>transcriberet</span> <span class='ocrx_word' id='word_1_205' title='bbox 839 2667 924 2750; x_wconf 87' lang='lat' dir='ltr'>viro,</span> <span class='ocrx_word' id='word_1_206' title='bbox 961 2667 997 2730; x_wconf 81' lang='lat' dir='ltr'>in</span> <span class='ocrx_word' id='word_1_207' title='bbox 1026 2665 1145 2746; x_wconf 81' lang='lat' dir='ltr'>factum</span> 
     </span>
     <span class='ocr_line' id='line_1_28' title="bbox 133 2754 1145 2838; baseline -0.001 -17"><span class='ocrx_word' id='word_1_208' title='bbox 133 2758 273 2823; x_wconf 61' lang='lat' dir='ltr'>enectine</span> <span class='ocrx_word' id='word_1_209' title='bbox 297 2757 449 2821; x_wconf 80' lang='lat' dir='ltr'>indicium</span> <span class='ocrx_word' id='word_1_210' title='bbox 470 2775 532 2822; x_wconf 82' lang='lat' dir='ltr'>esse</span> <span class='ocrx_word' id='word_1_211' title='bbox 553 2756 740 2822; x_wconf 82' lang='lat' dir='ltr'>reddendum</span> <span class='ocrx_word' id='word_1_212' title='bbox 762 2755 852 2838; x_wconf 81' lang='lat' dir='ltr'>idque</span> <span class='ocrx_word' id='word_1_213' title='bbox 873 2754 958 2820; x_wconf 78' lang='lat' dir='ltr'>etin</span> <span class='ocrx_word' id='word_1_214' title='bbox 981 2754 1056 2819; x_wconf 73' lang='lat' dir='ltr'>attis</span> <span class='ocrx_word' id='word_1_215' title='bbox 1073 2775 1145 2837; x_wconf 73' lang='lat' dir='ltr'>per-</span> 
     </span>
     <span class='ocr_line' id='line_1_29' title="bbox 133 2845 592 2912; baseline -0.007 0"><span class='ocrx_word' id='word_1_216' title='bbox 133 2847 218 2912; x_wconf 82' lang='lat' dir='ltr'>senis</span> <span class='ocrx_word' id='word_1_217' title='bbox 241 2845 468 2912; x_wconf 78' lang='lat' dir='ltr'>obseruandum.</span> <span class='ocrx_word' id='word_1_218' title='bbox 591 2847 592 2854; x_wconf 77' lang='grc'>’</span> 
     </span>
    </p>
   </div>
   <div class='ocr_carea' id='block_1_5' title="bbox 225 2985 1145 3170">
    <p class='ocr_par' dir='ltr' id='par_1_7' title="bbox 225 2985 1145 3170">
     <span class='ocr_line' id='line_1_30' title="bbox 387 2985 890 3054; baseline 0 -16"><span class='ocrx_word' id='word_1_219' title='bbox 387 2985 560 3041; x_wconf 73' lang='lat' dir='ltr'>Incertcrcm</span> <span class='ocrx_word' id='word_1_220' title='bbox 578 2985 710 3040; x_wconf 79' lang='lat' dir='ltr'>librorum</span> <span class='ocrx_word' id='word_1_221' title='bbox 727 2985 890 3054; x_wconf 68' lang='lat' dir='ltr'>fraumenta.</span> 
     </span>
     <span class='ocr_line' id='line_1_31' title="bbox 225 3079 1145 3170; baseline 0 -30"><span class='ocrx_word' id='word_1_222' title='bbox 225 3080 308 3152; x_wconf 76' lang='lat' dir='ltr'>Quae</span> <span class='ocrx_word' id='word_1_223' title='bbox 337 3081 450 3141; x_wconf 85' lang='lat' dir='ltr'>subieci</span> <span class='ocrx_word' id='word_1_224' title='bbox 477 3081 646 3160; x_wconf 79' lang='lat' dir='ltr'>fragmenta</span> <span class='ocrx_word' id='word_1_225' title='bbox 668 3080 776 3141; x_wconf 87' lang='lat' dir='ltr'>iisdem</span> <span class='ocrx_word' id='word_1_226' title='bbox 799 3081 926 3142; x_wconf 85' lang='lat' dir='ltr'>fortasse</span> <span class='ocrx_word' id='word_1_227' title='bbox 949 3079 1035 3170; x_wconf 77' lang='lat' dir='ltr'>libris</span> <span class='ocrx_word' id='word_1_228' title='bbox 1058 3081 1145 3140; x_wconf 87' lang='lat' dir='ltr'>attri-</span> 
     </span>
    </p>
   </div>
   <div class='ocr_carea' id='block_1_6' title="bbox 134 3169 773 3306">
    <p class='ocr_par' dir='ltr' id='par_1_8' title="bbox 134 3169 773 3306">
     <span class='ocr_line' id='line_1_32' title="bbox 134 3169 354 3230; baseline 0.005 -1"><span class='ocrx_word' id='word_1_229' title='bbox 134 3169 254 3230; x_wconf 85' lang='lat' dir='ltr'>buenda</span> <span class='ocrx_word' id='word_1_230' title='bbox 276 3172 354 3230; x_wconf 83' lang='lat' dir='ltr'>sunt.</span> 
     </span>
     <span class='ocr_line' id='line_1_33' title="bbox 455 3235 773 3306; baseline -0.013 0"><span class='ocrx_word' id='word_1_231' title='bbox 455 3291 458 3306; x_wconf 68' lang='grc'><strong>.</strong></span> <span class='ocrx_word' id='word_1_232' title='bbox 510 3235 560 3302; x_wconf 86' lang='lat' dir='ltr'>De</span> <span class='ocrx_word' id='word_1_233' title='bbox 582 3238 773 3302; x_wconf 80' lang='lat' dir='ltr'>testamentis.</span> 
     </span>
    </p>
   </div>
   <div class='ocr_carea' id='block_1_7' title="bbox 135 3339 1146 3518">
    <p class='ocr_par' dir='ltr' id='par_1_9' title="bbox 135 3339 1146 3518">
     <span class='ocr_line' id='line_1_34' title="bbox 224 3339 1145 3430; baseline -0.004 -23"><span class='ocrx_word' id='word_1_234' title='bbox 224 3343 277 3409; x_wconf 78' lang='lat'>37.</span> <span class='ocrx_word' id='word_1_235' title='bbox 308 3341 490 3426; x_wconf 83' lang='lat' dir='ltr'><strong>D.50‚16,</strong></span> <span class='ocrx_word' id='word_1_236' title='bbox 512 3342 583 3408; x_wconf 89' lang='grc'><strong>116.</strong></span> <span class='ocrx_word' id='word_1_237' title='bbox 633 3343 724 3408; x_wconf 90' lang='lat' dir='ltr'>Idem</span> <span class='ocrx_word' id='word_1_238' title='bbox 757 3339 814 3430; x_wconf 90' lang='lat' dir='ltr'>(sc.</span> <span class='ocrx_word' id='word_1_239' title='bbox 842 3339 1029 3426; x_wconf 80' lang='lat' dir='ltr'>Iavolenus)</span> <span class='ocrx_word' id='word_1_240' title='bbox 1061 3341 1145 3404; x_wconf 89' lang='lat' dir='ltr'>libro</span> 
     </span>
     <span class='ocr_line' id='line_1_35' title="bbox 135 3427 1146 3518; baseline -0.006 -22"><span class='ocrx_word' id='word_1_241' title='bbox 135 3432 274 3516; x_wconf 89' lang='lat' dir='ltr'>septimo</span> <span class='ocrx_word' id='word_1_242' title='bbox 283 3429 518 3518; x_wconf 80' lang='lat' dir='ltr'>Epistularum.</span> <span class='ocrx_word' id='word_1_243' title='bbox 528 3465 569 3479; x_wconf 93' lang='lat'>-</span> <span class='ocrx_word' id='word_1_244' title='bbox 581 3429 746 3516; x_wconf 70' lang='lat' dir='ltr'>‘Quisquis</span> <span class='ocrx_word' id='word_1_245' title='bbox 761 3431 842 3495; x_wconf 91' lang='lat' dir='ltr'>mihi</span> <span class='ocrx_word' id='word_1_246' title='bbox 856 3429 938 3495; x_wconf 89' lang='lat' dir='ltr'>alius</span> <span class='ocrx_word' id='word_1_247' title='bbox 953 3428 1012 3492; x_wconf 88' lang='lat' dir='ltr'>filii</span> <span class='ocrx_word' id='word_1_248' title='bbox 1022 3427 1146 3492; x_wconf 84' lang='lat' dir='ltr'>filiusve</span> 
     </span>
    </p>
   </div>
   <div class='ocr_carea' id='block_1_8' title="bbox 186 3569 931 3719">
    <p class='ocr_par' dir='ltr' id='par_1_10' title="bbox 186 3569 931 3719">
     <span class='ocr_line' id='line_1_36' title="bbox 206 3569 347 3626; baseline 0.021 -3"><span class='ocrx_word' id='word_1_249' title='bbox 206 3575 222 3623; x_wconf 90' lang='lat'>1</span> <span class='ocrx_word' id='word_1_250' title='bbox 243 3569 290 3625; x_wconf 68' lang='grc' dir='ltr'>ΡΙ.</span> <span class='ocrx_word' id='word_1_251' title='bbox 310 3571 347 3626; x_wconf 82' lang='lat' dir='ltr'>et</span> 
     </span>
     <span class='ocr_line' id='line_1_37' title="bbox 186 3657 931 3719; baseline -0.008 -9"><span class='ocrx_word' id='word_1_252' title='bbox 186 3668 283 3718; x_wconf 79' lang='lat' dir='ltr'>1urnpr.</span> <span class='ocrx_word' id='word_1_253' title='bbox 298 3669 417 3711; x_wconf 83' lang='lat' dir='ltr'>antehadr.</span> <span class='ocrx_word' id='word_1_254' title='bbox 431 3669 481 3709; x_wconf 84' lang='lat' dir='ltr'>rell.</span> <span class='ocrx_word' id='word_1_255' title='bbox 494 3668 637 3710; x_wconf 83' lang='lat' dir='ltr'>ed.Brenrer.</span> <span class='ocrx_word' id='word_1_256' title='bbox 658 3668 690 3719; x_wconf 91' lang='lat'>11,</span> <span class='ocrx_word' id='word_1_257' title='bbox 700 3669 719 3706; x_wconf 76' lang='lat'>2.</span> <span class='ocrx_word' id='word_1_258' title='bbox 915 3657 931 3704; x_wconf 82' lang='lat'>9</span> 
     </span>
    </p>
   </div>
   <div class='ocr_carea' id='block_1_9' title="bbox 0 0 1303 3902">
    <p class='ocr_par' dir='ltr' id='par_1_11' title="bbox 0 0 1303 3902">
     <span class='ocr_line' id='line_1_38' title="bbox 0 0 1303 3902; baseline 0 0"><span class='ocrx_word' id='word_1_259' title='bbox 0 0 1303 3902; x_wconf 95' lang='lat' dir='ltr'> </span> 
     </span>
    </p>
   </div>
  </div>
 </body>
</html>
