2614 3912
167 215 233 281 406
269 215 302 272 V.
316 213 464 270 NERVAE
483 213 530 269 ET
549 213 701 269 TRAIANI
719 213 828 270 ΤΕΜΡ.
845 211 941 266 Iunis
960 209 1140 267 CONSULTI
1217 209 1243 267 0

162 384 287 462 portem
313 379 379 444 eius
401 377 582 461 transferre,
609 397 646 441 eu
668 377 794 442 eousilio
816 375 967 440 Labeonis
991 373 1077 458 opib·
1100 372 1174 438 Oas-

169 469 248 534 oethii
286 467 421 532 Trebatii
456 488 525 532 eum
560 485 648 549 quem
683 466 718 530 iu
743 469 891 548 potestate
921 463 1048 528 habebat
1074 463 1176 528 sotum

168 557 304 622 heredem
325 556 398 638 feeit
418 561 447 622 et
467 557 505 620 ab
525 576 559 620 eo
576 555 667 620 atteri
684 555 839 619 dimidiare
851 557 975 636 partem
991 551 1177 637 hereditatis,

168 666 238 710 eum
264 646 300 710 iu
325 665 416 711 suom
443 645 569 709 tutehom
596 645 734 722 emisset,
758 642 883 726 topbeth
910 641 1040 724 quodsi
1060 641 1097 725 is,
1119 641 1176 722 proi

168 736 203 798 iu
217 739 363 816 potestate
376 754 435 798 sua
448 738 535 812 esset,
553 733 690 815 impubes
703 731 880 816 decessisset,
895 731 1026 796 atterum
1039 729 1176 794 heredem

168 824 197 888 ei
219 823 380 888 obstruit.

150 923 155 930 ‘
258 913 286 976 7.
310 911 349 976 D.
363 911 438 976 ibid.
453 913 473 992 ξ
491 913 518 976 l.
536 947 573 956 —
591 909 675 975 Filio
693 909 841 991 impuberi
858 909 893 973 iu
910 908 1049 992 siupuhus
1062 927 1175 974 eausas

167 1001 266 1066 alium
289 1005 317 1064 επ
338 1001 438 1065 atium
459 1001 596 1065 herodem
617 998 795 1064 substituere
811 995 1005 1082 possumus[‚
1032 997 1124 1062 vetuti
1141 1001 1178 1060 ut

75 1103 77 1107 ·
168 1090 258 1172 otius,
281 1091 309 1154 si
331 1089 391 1155 sibi
412 1088 518 1154 uultus
538 1088 624 1170 {iiius
646 1087 749 1168 fuerit,
771 1092 800 1152 ei
819 1087 909 1168 otius,
931 1085 1064 1170 sifidius
1079 1085 1178 1166 fuerit

168 1184 197 1244 et
218 1178 352 1262 impubes
374 1183 511 1242 mortuus
531 1176 640 1257 doerit,
662 1175 745 1241 heres
767 1177 834 1256 sit].

256 1273 355 1332 Eisele
379 1272 409 1331 Ζ.
424 1271 451 1331 d.
466 1271 593 1330 San-St.
608 1269 690 1348 ΧΙΙΙ,
706 1271 777 1330 141.

257 1358 286 1421 8.
314 1355 352 1420 D.
371 1355 446 1420 ibid.
466 1357 486 1436 ξ
502 1355 532 1419 2.
550 1389 594 1401 —
614 1354 747 1434 Quidam
768 1357 911 1436 quattuor
927 1352 1047 1418 heredes
1062 1353 1179 1434 fooerot

167 1445 353 1511 etomuibus
370 1443 528 1509 heredibus
542 1448 664 1524 praeter
677 1463 775 1508 uuum
788 1442 992 1508 substituerat.
1021 1460 1103 1506 uuus
1117 1441 1176 1524 itte,

167 1535 218 1601 oui
235 1555 298 1599 um
315 1537 383 1599 erat
399 1533 562 1615 quisquam
579 1531 723 1598 substitui
663 1536 805 1614 uideas,
806 1536 872 1596 teo
889 1531 993 1596 oeteris
1011 1530 1091 1595 atter
1108 1531 1176 1596 oioo

161 1629 254 1707 patre
274 1622 381 1724 fomiti
381 1642 417 1686 os
439 1623 631 1686 deeesseraut.
663 1625 787 1703 portem
808 1621 859 1685 oui
878 1640 965 1684 uemo
983 1623 1050 1684 ενεπ
1038 1619 1176 1684 tsubsti-

170 1717 267 1795 tutus,
289 1707 339 1776 επ
353 1711 548 1776 substitutum
569 1730 685 1792 quoque
700 1709 855 1793 pertimere
878 1707 988 1792 Orbibus
1010 1705 1177 1774 Oasoehtius

56 1807 58 1811 '
170 1763 400 1884 respohderuut‚
423 1819 554 1882 quorum
575 1799 725 1864 sententia
747 1819 819 1862 uero
841 1802 892 1863 est.

258 1889 287 1952 9.
311 1887 348 1952 D.
364 1889 416 1970 29,
430 1890 461 1973 2,
474 1887 526 1954 60.
567 1887 738 1952 Iavolenus
757 1886 841 1951 libro
859 1885 964 1970 primo
983 1907 1022 1950 ex
1040 1883 1177 1968 posteri·

169 1976 279 2042 oribus
307 1975 476 2042 Labeonis.
499 2014 544 2024 —
566 1976 687 2042 Fabium
714 1975 940 2058 eumuorpotum
962 1979 1051 2056 poter
1076 1973 1177 2039 sotum

168 2065 304 2130 heredem
324 2065 413 2130 iustit
412 2067 492 2130 uite
475 2087 512 2148 e,
493 2065 564 2131 tsi
581 2065 610 2130 is
627 2065 711 2130 heres
730 2083 793 2129 riou
811 2068 892 2143 esset,
909 2083 1030 2129 sarum
1048 2062 1177 2128 tibereum

169 2153 354 2219 etheredem
376 2173 438 2219 esse
459 2155 598 2220 iusserat.
643 2154 742 2236 fitius,
769 2158 927 2235 tamquam
943 2157 1035 2234 poter
1057 2153 1178 2216 deuoeus

167 2244 289 2325 fuisset,
320 2242 468 2307 bouorum
494 2242 715 2344 possessiouem
742 2241 781 2306 ab
808 2243 885 2306 tutes
886 2245 948 2306 toto
970 2241 1051 2324 petit
1076 2245 1105 2304 et
1131 2241 1178 2304 ita

169 2332 363 2398 hereditatem
375 2332 516 2412 possedit.
553 2331 719 2395 Labeot
672 2331 726 2414 ait,
743 2350 773 2395 se
766 2330 930 2412 'iprobore
930 2350 970 2394 ur
986 2349 1066 2394 sauo
1080 2333 1178 2412 moute

165 2426 255 2504 poter
290 2425 499 2486 testamentum
528 2421 649 2501 fecisse,
684 2381 787 2501 dhrim
818 2439 855 2483 eo
887 2422 1061 2483 tostomeuto
1086 2418 1179 2501 patri

169 2510 305 2576 heredem
327 2530 394 2576 esse.
435 2509 489 2575 hoo
509 2509 626 2590 fohsum
644 2513 736 2590 puto;
759 2528 835 2572 uam
856 2507 942 2589 fitius
967 2507 1178 2590 emouoipatus

169 2621 238 2665 oum
260 2599 491 2665 hereditatemt
478 2602 652 2663 testamento
673 2598 779 2663 dotum
797 2597 840 2662 ad
856 2597 1053 2678 sepertinere
1070 2595 1178 2680 uoluit,

169 2690 311 2754 ooutiuuo
342 2709 378 2753 eo
409 2689 452 2753 ad
479 2687 676 2754 substitutum
701 2686 836 2752 heredem
865 2685 979 2750 tramit
1003 2704 1057 2750 uea
1077 2687 1180 2766 potest

169 2779 267 2842 videri
283 2798 343 2860 pro
365 2777 469 2840 herede
489 2777 625 2856 pessisse,
652 2776 722 2858 qui,
749 2780 784 2840 at
805 2774 999 2840 hereditatem
1021 2773 1178 2857 omitteret,

170 2887 207 2932 eu
229 2866 296 2931 otio
311 2869 404 2947 parte
425 2866 515 2930 edicti
531 2866 750 2947 possessionem
772 2863 918 2928 bouorum
936 2867 1029 2944 petat.

259 2959 431 3035 Sequuntur
466 2958 552 3020 hasa:
595 2953 726 3017 ‘Paulus
771 2957 812 3016 Et
847 2956 994 3016 Proculus
1029 2954 1178 3016 Labeonis

171 3046 349 3107 sententiam
373 3045 523 3121 improbat
546 3047 577 3105 et
598 3047 630 3104 in
652 3045 786 3106 Iavoleni
809 3045 957 3104 sententia
979 3038 1047 3105 est'.

532 3206 578 3264 De
599 3221 680 3264 seruo
702 3205 811 3264 herode.

262 3307 311 3372 10.
338 3306 378 3372 D.
390 3306 442 3390 29,
456 3307 486 3391 2,
501 3305 553 3371 62.
575 3305 746 3372 Iavolenus
766 3305 850 3371 libro
870 3304 973 3392 primo
988 3327 1028 3371 ex
1040 3305 1179 3392 posteri·

172 3395 282 3462 oribus
313 3394 482 3461 Labeonis.
511 3432 553 3442 -
582 3393 615 3460 Si
644 3417 753 3460 servus
786 3395 878 3460 heres
905 3393 1074 3460 institutus
1102 3397 1178 3478 post

171 3485 294 3550 iussum
309 3484 438 3569 domini,
458 3488 629 3570 antequam
647 3481 758 3567 adiret,
772 3483 930 3549 alienatus
945 3487 1040 3568 esset,
1057 3503 1177 3548 norum

171 3573 295 3640 iussum
313 3574 502 3660 posterioris
522 3574 652 3659 domini,
670 3595 736 3639 non
754 3573 876 3638 iussum
895 3571 1012 3657 prioris
1028 3570 1178 3658 exigitur.
