2602 3906
170 166 236 230 504
273 166 305 219 V.
325 164 474 219 NERVAE
494 164 541 219 ET
561 164 713 219 TRAIANI
731 163 839 219 TEMP.
857 163 953 219 IURIS
974 162 1153 220 CONSULTI

172 351 236 393 non
264 327 387 410 deberi,
414 348 473 392 neo
501 350 599 393 aurea
622 328 827 409 emblemata,
856 347 937 411 quae
961 327 995 390 in
1018 327 1184 392 obsidibus

173 415 336 502 argenteis
360 417 435 481 sint.

261 509 447 568 Sententiam
476 513 578 570 auctor
605 511 636 568 in
661 510 853 588 Digestorum
877 529 994 586 quoque
1021 509 1115 569 libros
1139 529 1185 568 re·

172 599 264 674 oepit:
294 593 410 658 ‘Celsus
443 599 519 658 libro
551 619 628 658 nono
654 599 766 658 deoimo
794 599 999 677 Digestorum,
1029 597 1184 658 Commen-

174 689 320 747 tariorum
344 687 469 763 septimo
494 681 618 748 soribit’.

259 774 429 835 Videndum
453 779 499 836 est
522 777 558 836 do
576 777 611 836 D.
627 780 678 854 41,
693 779 721 853 3,
738 779 777 835 27
788 796 841 853 pr„
865 776 916 834 ubi
935 777 1008 836 hoec
1027 776 1184 854 leguntur:

172 859 268 924 ‘Idem
283 857 336 944 (se.
345 858 510 946 Ulpianus)
524 865 601 925 libro
616 866 790 944 trigensimo
807 865 903 941 primo
919 865 957 924 ad
973 865 1126 924 Sabinum
1144 896 1182 906 ·-

173 952 277 1013 Celsus
301 948 378 1013 libro
402 955 577 1033 trigensimo
600 957 707 1030 quarto
727 973 826 1013 errare
845 973 896 1014 eos
916 955 959 1013 sit
976 949 1048 1030 qui'.
1091 954 1184 1012 Irene}

171 1045 270 1102 notat:
304 1037 507 1118 ‘Digestorum
534 1043 611 1103 libro
638 1043 765 1101 XXXIV
792 1062 851 1102 non
879 1043 998 1102 uidetur
1026 1043 1183 1103 convenire
1276 1033 1277 1038 ’

172 1131 307 1207 quaestio
322 1134 464 1191 tractatu:
480 1133 516 1191 de
530 1132 710 1207 usucapione
725 1132 788 1209 egit
803 1130 906 1190 Celsus
919 1131 986 1210 Dig.
997 1132 1048 1191 lib.
1060 1124 1184 1190 XXIII'.

172 1240 226 1296 pro
246 1213 445 1298 ‘trigensimo'
463 1221 562 1296 potius
582 1214 770 1299 ‘vigensimo'
789 1221 949 1297 legendum
970 1223 1054 1296 puto,
1077 1222 1123 1280 ita
1141 1224 1185 1297 ut,

173 1309 210 1367 de
234 1327 292 1385 qua
314 1328 346 1368 ro
369 1307 445 1369 libro
465 1308 566 1367 XXIII
584 1312 748 1369 tractatum
767 1311 821 1386 est,
844 1309 880 1368 de
901 1308 1005 1368 eodem
1023 1309 1123 1385 prima
1142 1327 1186 1368 so·

174 1393 293 1474 quentis
316 1397 388 1456 libri
409 1401 495 1474 parte
519 1399 631 1458 dietum
654 1399 755 1457 fuerit.

136 1671 138 1676 Ι
263 1593 458 1671 Digestorum
480 1593 572 1652 libros
590 1593 716 1652 XXXIX
740 1595 787 1653 vol
811 1594 911 1669 potius
934 1593 1080 1653 librorum
1106 1594 1186 1670 frag-

174 1683 276 1741 ments
298 1702 325 1742 v.
344 1682 457 1760 Puling.
480 1685 618 1741 1-274.
