2580 3900
165 214 230 280 248
255 214 302 268 IV.
318 212 534 268 VESPASIANI
548 211 621 265 ἸῚΤΙ
634 211 831 267 DOMITIANI
845 211 953 268 ΤΕΜΡ.
966 211 1063 267 IURIS
1078 212 1180 268 CONS.
1269 255 1271 262 .

165 377 317 444 bacchari
331 378 450 443 soleret
465 380 499 441 et
514 376 607 460 quasi
622 376 752 441 demens
766 397 922 460 responsa
936 375 1036 460 daret,
1052 377 1182 440 etiamsi

164 489 223 552 per
251 465 412 531 luxuriam
438 465 473 529 id
499 464 623 531 factum
651 469 712 548 est,
739 466 855 530 vitium
878 469 989 530 tamen
1011 486 1096 548 esse,
1124 465 1182 530 sed

165 556 281 621 vitium
314 553 428 638 animi,
464 575 531 620 non
563 555 721 638 corporis,
753 555 888 639 ideoque
920 553 1083 618 redhiberi
1114 575 1182 618 non

164 666 270 730 posse,
289 645 442 728 quoniam
461 643 579 708 aediles
599 643 637 708 de
657 643 879 728 corporalibus
894 642 983 707 vitiis
997 643 1182 727 loquuntur.

167 738 311 799 attamen
335 737 504 817 exempto
528 731 689 797 actionem
713 732 864 797 admittit

255 822 284 886 3.
312 821 352 885 D.
371 821 449 886 ibid.
468 822 488 902 ξ
510 822 550 886 11
571 825 604 886 et
623 821 643 885 l.
662 822 740 905 4pr.
758 821 909 885 -Idem
930 820 1009 886 dicit
1027 821 1125 885 etiam
1147 821 1184 884 in

165 912 231 998 his,
260 910 316 995 qui
342 914 471 995 praeter
499 910 630 974 modum
657 909 764 975 timidi
791 909 897 993 cupidi
926 910 1078 994 avemque
1106 913 1185 974 sunt

166 1004 223 1066 aui
240 999 397 1065 iracundi.
418 997 423 1084 Ι
444 999 485 1064 ob
505 1019 586 1083 quae
606 998 686 1063 vitia
707 1003 807 1084 negat
829 998 1079 1064 redhibitionem
1103 1019 1185 1082 esse,

167 1096 338 1173 exempto
362 1089 417 1154 dat
440 1087 610 1153 actionem.

255 1181 285 1243 4.
317 1175 357 1242 D.
375 1177 450 1241 ibid.
471 1177 537 1241 l.4
564 1178 635 1257 §L
664 1213 705 1223 -
739 1173 802 1241 Sed
835 1177 863 1241 si
894 1176 1010 1241 vitium
1039 1175 1185 1260 corporis

166 1289 268 1353 usque
296 1266 336 1331 ad
364 1266 507 1331 animum
534 1268 699 1350 penetrat,
731 1265 815 1332 forte
843 1266 871 1330 si
898 1269 1033 1349 propter
1059 1264 1186 1329 febrem

167 1357 344 1442 loquantur
372 1355 491 1438 aliena,
517 1354 568 1418 vel
598 1356 653 1439 qui
680 1376 739 1438 par
765 1354 854 1420 vicos
882 1376 971 1419 more
994 1355 1185 1419 insanorum

167 1444 341 1512 deridenda
376 1443 564 1528 loquantur,
600 1444 635 1507 in
673 1465 753 1527 quos
789 1443 822 1508 id
859 1443 959 1508 animi
996 1442 1113 1509 vitium
1145 1463 1186 1506 cx

168 1534 312 1620 corporis
335 1532 416 1597 vitio
441 1532 571 1617 eccidit,
594 1531 757 1597 redhiberi
781 1553 884 1616 posse.

257 1622 287 1688 5.
311 1621 555 1706 D.21,1,17,3.
594 1618 754 1704 Ulpianus
767 1621 853 1686 libro
866 1621 972 1705 primo
988 1619 1028 1684 ad
1044 1618 1186 1684 edictum

168 1711 320 1778 aedilium
353 1710 512 1775 curulium
540 1705 590 1796 (P.
611 1707 735 1796 17610).
764 1746 807 1756 -
835 1759 869 1775 ..
897 1709 982 1793 apud
1009 1706 1186 1774 Virianum

168 1801 306 1866 relatum
329 1803 380 1863 est
402 1799 576 1885 fugitivum
596 1795 664 1862 fere
684 1800 726 1863 ub
745 1799 860 1864 affectu
880 1798 980 1863 animi
998 1795 1187 1881 intellegan-

169 1889 246 1953 dum
269 1909 354 1970 esse,
376 1909 443 1962 non
464 1887 577 1971 utique
601 1909 621 1951 a
643 1887 732 1974 fuge.
772 1909 847 1952 nam
871 1909 958 1971 eum,
980 1889 1035 1971 qui
1057 1885 1186 1950 bostem

169 1981 227 2043 aut
253 1976 428 2059 latronem,
460 1977 643 2041 incendium
671 1977 837 2042 ruinamve
865 1976 1008 2061 fugeret,
1038 1977 1187 2060 quamvis

169 2066 293 2151 fugisse
320 2086 433 2130 verum
461 2070 523 2147 est,
550 2087 615 2130 non
643 2069 752 2130 temen
779 2064 956 2150 fugitivum
981 2086 1061 2132 esse.
1105 2063 1188 2130 item

169 2176 209 2219 ne
233 2176 307 2219 eum
330 2152 472 2237 quidem,
496 2154 552 2237 qui
575 2175 595 2218 a
616 2157 824 2238 praeceptore
847 2155 898 2219 cui
921 2155 955 2218 in
979 2150 1187 2236 disciplinam

168 2243 308 2310 traditus
341 2246 412 2306 erat
444 2242 583 2328 aufugit,
616 2265 686 2308 esse
717 2243 908 2328 fugitivum,
940 2242 968 2308 si
998 2244 1083 2308 forte
1114 2242 1187 2308 ideo

169 2333 269 2418 fugit,
296 2330 373 2415 quia
395 2331 605 2396 immoderate
628 2353 666 2397 eo
689 2333 850 2397 utebatur.
896 2331 1045 2416 idemque
1067 2333 1188 2416 probat

171 2426 204 2487 et
231 2423 258 2486 si
286 2421 327 2485 ab
356 2441 394 2486 eo
422 2419 543 2506 fugerit
570 2421 622 2486 cui
645 2425 716 2486 erat
739 2420 975 2503 commodatus,
1003 2420 1032 2485 si
1054 2425 1189 2505 propter

171 2511 305 2577 eandem
333 2531 464 2576 causam
492 2510 621 2595 fugerit
667 2509 752 2575 idem
779 2510 898 2595 probet
919 2507 1079 2574 vivianus
1103 2514 1137 2574 et
1160 2512 1189 2574 si

171 2602 298 2666 saevius
327 2621 400 2664 cum
427 2621 465 2664 eo
493 2600 622 2684 agebat.
668 2600 832 2682 haesita,
861 2599 889 2664 si
913 2621 968 2664 cos
991 2599 1131 2684 fugisset
1155 2606 1188 2664 et

172 2690 212 2754 ad
245 2689 410 2754 dominum
443 2689 597 2773 venisset3
629 2693 771 2754 ceterum
804 2691 831 2752 si
859 2688 899 2752 ud
928 2685 1094 2752 dominum
1121 2709 1189 2754 non

171 2779 327 2859 venisset,
351 2778 420 2842 sine
443 2777 511 2843 ulla
534 2778 737 2844 dubitatione
760 2777 934 2864 fugitivum
957 2777 1059 2841 videri
1084 2776 1140 2842 ait.

261 2869 292 2933 6.
314 2866 353 2931 Ι).
366 2866 442 2931 ibid.
458 2867 579 2946 μ-
598 2866 688 2931 Idem
707 2865 766 2932 ait:
790 2869 1010 2951 interrogatus
1029 2863 1190 2932 Proculus

172 2955 211 3019 de
245 2977 296 3037 co,
329 2956 384 3038 qui
416 2953 504 3018 domi
531 2955 680 3020 latuisset
707 2956 741 3020 in
768 2954 830 3020 hoc
859 2954 995 3038 scilicet,
1027 2956 1064 3018 ut
1091 2954 1190 3040 fugae

172 3047 286 3107 nactus
311 3043 512 3107 occasionem
536 3065 571 3108 se
594 3044 812 3127 subtraheret,
837 3044 898 3127 ait,
920 3044 1053 3108 tametsi
1076 3042 1190 3129 fugere

172 3153 239 3196 non
271 3135 383 3214 posset
413 3131 529 3215 videri,
561 3132 617 3216 qui
644 3132 732 3196 domi
759 3132 946 3214 mansisset,
977 3137 1087 3197 tamen
1116 3153 1191 3198 eum

173 3220 350 3304 fugitivum
376 3217 491 3303 fuisse3
518 3220 568 3284 sin
597 3224 705 3285 antem
732 3221 766 3286 in
793 3221 855 3286 hoc
879 3224 1008 3286 tantum
1030 3221 1191 3306 latuisset,

174 3308 280 3391 quoad
310 3306 477 3371 iracundia
505 3307 628 3373 domini
655 3308 891 3392 effervesceret,
922 3309 1096 3394 fugitivum
1124 3331 1192 3376 non

174 3417 255 3479 esse,
274 3396 370 3461 sicuti
388 3416 428 3460 ne
448 3416 521 3460 eum
539 3397 677 3481 quidem,
696 3399 842 3482 quicum
861 3398 1026 3464 dominum
1045 3397 1192 3464 animad-

173 3487 315 3551 verteret
342 3483 530 3549 verberibus
559 3507 593 3551 se
616 3486 752 3552 adficere
775 3488 872 3570 velle,
899 3487 1134 3572 praeripuisset
1157 3509 1191 3552 se

175 3575 216 3639 ad
240 3573 387 3655 amicum,
410 3594 504 3658 quem
528 3574 569 3639 ed
591 3576 788 3660 precandum
810 3577 1007 3661 perduceret.
1052 3598 1091 3640 ne
1116 3598 1192 3643 eum
