2570 3904
166 188 188 250 4
223 187 271 242 111.
286 185 363 242 emi
378 184 524 240 cerami
537 183 671 239 mmmm
682 149 830 265 aritiam
841 184 947 241 rame.
961 183 1057 238 rimis
1072 182 1176 239 cors,

490 344 534 398 De
550 344 655 398 heredis
673 299 850 416 iasiiti'tione.

258 448 285 510 1.
310 445 348 508 D.
367 445 420 522 28,
437 443 467 527 5,
487 444 537 508 70.
582 439 736 530 Proo‘aiim
763 443 846 508 libro
876 443 1014 507 seeundo
1042 443 1177 527 Epistu-

168 535 280 600 larum.
290 569 334 580 -
348 531 529 597 ‘Cornelius
544 535 576 595 et
589 529 743 615 Ma‘e‘izifis,
758 536 828 594 uter
842 553 952 596 eorum
968 533 1063 614 volet,
1082 533 1178 595 heres

169 623 261 689 esto’.
302 626 435 707 uterque
456 621 535 685 vult.
561 612 742 718 ,Treiiatius
761 623 911 683 neutrum
930 620 998 684 fore
1016 620 1178 702 heredem,

169 711 323 778 Cartilius
346 715 623 823 utrumque,·,

424 865 468 920 De
481 857 559 943 ae'reo
577 881 638 920 eum
657 866 733 920 lance
751 864 923 920 commodato.

258 967 287 1031 2.
307 965 345 1032 Ι).
361 967 456 1050 13,·6,
470 965 500 1049 5,
516 967 565 1031 13.
598 964 757 1048 Ulpianus
771 965 855 1028 libro
870 965 1045 1030 vicensimo
1060 967 1180 1030 octavo

169 1056 210 1121 ad
238 1051 551 1144 edietumvtPssOb).
575 1090 617 1100 -
641 1051 676 1117 Si
703 1075 754 1117 me
781 1054 960 1138 rogaveris,
989 1058 1026 1116 ut
1048 1074 1181 1118 servum

169 1145 230 1210 tibi
257 1166 334 1226 oum,
349 1141 447 1225 iane'e
475 1142 711 1207 commodarem
734 1144 768 1205 et
791 1164 902 1206 servus
925 1143 1050 1206 lancem
1074 1142 1182 1225 perdi·

171 1233 263 1318 derit,
289 1229 441 1316 Otttin'us
465 1231 511 1297 ait
533 1230 712 1314 perieulum
736 1230 777 1295 ad
799 1233 832 1294 te
855 1231 1024 1315 respicere,
1046 1252 1123 1294 nam
1146 1236 1184 1295 et

170 1317 430 1406 lancem.,yideri
463 1319 713 1401 commodatam,
750 1341 849 1404 quare
880 1319 1007 1404 eulpam
1040 1318 1075 1382 in
1107 1340 1182 1384 eam

172 1409 553 1506 quoqqespraestandam.
596 1407 707 1491 [plane
725 1409 753 1471 si
772 1429 882 1472 servus
902 1429 974 1473 eum
994 1429 1032 1472 ea
1049 1406 1184 1492 fugerit,

172 1499 247 1588 erim'
263 1500 327 1583 ’qui
355 1497 592 1562 commodatum
616 1496 741 1582 aceepit
762 1518 828 1561 non
851 1498 966 1574 teneri,
993 1497 1058 1561 nisi
1081 1498 1183 1581 fugae

171 1587 336 1672 pr'a'estitit
359 1586 513 1670 eulpam]

261 1696 436 1757 Triboniani
460 1695 703 1755 additamentum
727 1696 851 1774 agnovit
874 1696 1005 1756 Perniee.

422 1999 463 2081 2.
490 2003 666 2077 VARIUS
693 2003 939 2077 LUOULLUS

263 2147 337 2207 iuris
368 2146 482 2222 peritus
513 2149 647 2224 ignotus,
676 2148 736 2207 nisi
762 2149 841 2224 quod
868 2150 905 2208 ab
934 2149 1073 2208 Aristone
1102 2151 1185 2225 apud

174 2237 371 2312 Pomponium
393 2236 546 2314 laudatur,
574 2255 661 2312 quem
685 2237 850 2296 Mommsen
873 2232 1048 2297 ‘Varronem
1072 2237 1185 2297 Lucul-

176 2319 251 2385 lum'
276 2318 306 2406 (I
324 2345 352 2400 p.
370 2316 446 2404 108)
472 2343 535 2384 esse
559 2325 675 2386 conicit.
720 2325 756 2384 ef.
777 2324 914 2404 Krueger
936 2347 964 2402 p.
981 2328 1052 2386 157.
1090 2326 1185 2386 Lenel

175 2414 254 2474 Ρ.Π
276 2415 330 2474 col.
347 2415 431 2473 1208
456 2433 483 2472 n.
502 2415 531 2472 2.

380 2564 425 2620 De
442 2566 526 2620 latero
543 2565 649 2620 homine
666 2566 715 2636 qai
732 2566 803 2620 bona
820 2566 873 2633 fide
890 2567 979 2621 servit.

266 2665 304 2732 D.
317 2665 370 2751 41,
386 2668 415 2749 l,
432 2667 481 2731 19.
521 2665 718 2752 Pomponius
741 2668 825 2732 libro
849 2667 946 2731 tertio
966 2666 1005 2730 ad
1026 2664 1185 2731 Sabinum

177 2752 228 2842 (P.
241 2752 330 2841 414).
354 2791 396 2803 -
419 2754 516 2819 Liber
543 2755 655 2841 homo,
682 2756 737 2841 qui
764 2756 851 2821 bona
877 2754 939 2818 fide
967 2754 1048 2819 mihi
1076 2755 1186 2838 servit,

178 2842 280 2927 quod1
308 2864 346 2907 ex
373 2845 479 2926 operis
508 2847 572 2908 suis
600 2851 657 2908 aut
684 2865 723 2909 ex
744 2866 780 2908 re
803 2865 875 2907 mea
897 2845 1041 2928 pararet,
1068 2843 1186 2908 adme

177 2932 338 3014 pertinere
371 2932 438 2995 sine
472 2931 569 2996 dubio
597 2933 709 2997 Aristo
742 2933 801 3014 ait,
834 2932 918 3013 quod
948 2954 1024 2997 vero
1054 2933 1125 3016 quis
1154 2933 1185 2996 ei

178 3019 345 3083 donaverit
372 3023 429 3082 aut
452 3041 491 3082 ex
514 3020 643 3103 negotio
668 3024 760 3105 gesto
784 3019 985 3105 adquisierit,
1014 3020 1054 3085 ad
1076 3021 1184 3104 ipsum

178 3107 347 3190 pertinere.
402 3107 456 3171 sed
494 3106 704 3171 hereditatem
740 3109 923 3192 legatumve
958 3131 1024 3174 non
1059 3109 1185 3192 adquiri

179 3194 260 3259 mihi
283 3216 339 3278 per
362 3216 443 3278 eum,
467 3195 542 3279 quia
564 3217 666 3279 neque
690 3218 729 3260 ex
750 3218 785 3260 re
808 3218 879 3261 mea
897 3219 1000 3281 neque
1020 3219 1059 3261 ex
1078 3197 1184 3280 operis

179 3289 241 3348 suis
260 3283 292 3346 id
313 3284 356 3347 sit
375 3304 434 3348 nee
453 3283 521 3349 ulla
540 3284 607 3349 eius
627 3306 726 3368 opera
745 3291 829 3349 esset
846 3286 879 3349 in
899 3287 1008 3370 legato
1028 3287 1075 3366 [in
1094 3287 1183 3351 here-

180 3373 279 3436 ditate
303 3373 519 3458 aliquatenus,
544 3375 619 3458 quia
638 3395 696 3458 per
722 3375 827 3457 ipsum
849 3374 1017 3457 adiretur],
1042 3374 1127 3459 quod
1151 3377 1184 3438 et

252 3514 270 3600 ι’
285 3547 332 3604 m.
349 3547 380 3602 ra
398 3547 481 3617 quod.
