2570 3904
373 223 397 272 4.
418 217 446 272 C.
461 215 605 271 cassius
625 215 808 271 LONGINUS
1053 214 1093 277 41

30 455 31 466 χ
103 387 170 444 certe
196 385 274 461 apud
296 384 462 444 Masurium
486 383 631 443 Sabinum
658 385 789 460 primum
811 385 909 443 locum
932 383 1096 442 obtinuisse

30 545 31 552 ἵ
102 473 214 534 vidimus
231 467 276 556 (H
293 478 310 534 1
330 465 457 555 plna).
494 473 545 533 sed
568 491 636 532 cum
655 473 744 548 capiti
763 473 799 532 de
818 473 975 534 usufructu
993 473 1097 550 legato

30 573 32 636 l
102 563 239 638 generalia
253 563 402 641 quaedam
416 563 451 621 de
465 563 574 640 legatis
588 563 753 639 praemissa
763 562 856 621 fuisse
866 563 1098 621 consentaneum

102 652 139 728 sit,
160 671 193 711 ea
216 671 293 730 quae
318 653 353 710 de
377 651 519 710 codicillis
544 655 574 711 et
597 650 820 728 delegatorum
839 651 997 727 generibus
1017 650 1097 726 apud

30 757 31 794 1
102 737 222 800 Cassium
245 744 368 802 servata
390 743 472 816 sunt,
496 741 717 816 praemittenda
739 740 853 816 putavi.

417 918 526 992 Quibus
547 922 621 977 recte
643 919 774 990 tenemus.

177 1039 226 1104 16.
251 1037 321 1103 Gai.
332 1038 362 1118 2,
372 1037 446 1102 244.
468 1074 506 1083 -
528 1037 580 1101 An
604 1037 632 1100 ei
658 1035 713 1120 qui
734 1037 768 1100 in
788 1039 949 1118 potestate
968 1036 1010 1100 sit
1030 1037 1097 1102 eius

99 1147 179 1210 quem
211 1127 363 1191 heredem
391 1127 606 1204 instituimus,
638 1130 724 1189 recte
752 1124 896 1208 legemus
925 1127 1098 1208 quaeritur.

30 1279 31 1284 ,
99 1211 214 1280 Servius
239 1220 325 1280 recte
348 1215 451 1298 legari
474 1218 575 1298 putat,
601 1214 656 1278 sed
681 1234 870 1278 evanescere
894 1214 1048 1298 legatum,
1071 1214 1099 1278 si

30 1337 31 1382 t
99 1324 151 1386 quo
180 1309 328 1388 tempore
360 1304 427 1368 dies
456 1302 638 1386 legatorum
668 1302 778 1368 cedere
806 1303 902 1385 solet,
935 1302 1037 1366 adhuc
1064 1302 1099 1366 in

30 1387 32 1432 ³
98 1396 248 1475 potestate
277 1393 319 1457 sit
434 1390 572 1457 Sabinus
601 1395 633 1455 et
662 1389 793 1456 Cassius
822 1392 881 1455 sub
910 1390 1098 1455 condicione

30 1527 31 1536 ἢ
98 1485 170 1546 reate
193 1483 313 1568 legari,
340 1503 420 1566 pure
442 1503 508 1545 non
532 1484 632 1562 recte,
659 1484 789 1564 putant3
817 1480 893 1545 lieet
916 1481 1002 1545 enim
1025 1479 1098 1545 vivo

98 1571 245 1636 testatore
264 1573 370 1653 possit
389 1570 531 1634 desinere
550 1569 583 1633 in
602 1575 764 1653 potestate
783 1568 910 1633 heredis
930 1591 1008 1652 esse,
1027 1569 1098 1633 ideo

98 1661 193 1723 tamen
214 1660 342 1723 ¹inutile
371 1660 515 1743 legatum
544 1657 691 1742 intellegi
719 1664 879 1742 oportere,
913 1659 987 1742 quia
1015 1659 1099 1740 quod

97 1749 188 1812 nullas
203 1749 291 1813 vires
305 1747 493 1812 habiturum
507 1746 601 1828 foret,
615 1747 644 1811 si
658 1748 770 1811 statim
782 1750 857 1830 post
866 1753 1095 1812 testamentum

30 1831 31 1900 ζ
97 1833 207 1901 factum
227 1837 419 1901 decessisset
436 1839 585 1918 testator,
603 1836 665 1901 hoc
683 1836 755 1900 ideo
773 1837 890 1921 valere,
908 1836 984 1921 quia
998 1838 1097 1901 vitam

30 1923 31 1980 ἲ
96 1923 215 2010 longius
240 1927 388 2009 traxerit,
412 1924 586 1989 absurdum
611 1929 703 1990 esset.

353 2099 400 2158 De
422 2100 512 2174 lanato
532 2061 587 2172 per
608 2101 836 2159 vindicationem.

30 2273 31 2304 p
177 2220 226 2284 17.
259 2215 467 2300 (tatarum
491 2255 533 2264 -
556 2266 586 2282 ..
611 2216 750 2283 Sabinus
779 2267 808 2282 ..
836 2221 869 2284 et
892 2218 1023 2285 Cassius

30 2305 31 2340 ³
96 2307 171 2388 quod
199 2309 249 2371 ita
276 2307 418 2390 legatum
448 2307 489 2371 sit
517 2304 573 2393 (sc.
597 2329 655 2390 per
681 2307 959 2394 vindicationem),
987 2311 1099 2374 statim

93 2400 161 2476 post
184 2395 310 2460 aditam
333 2394 543 2460 hereditatem
566 2400 684 2481 putant
703 2397 773 2462 fieri
791 2397 950 2481 legatarii,
973 2400 1099 2464 etiamsi

30 2515 32 2592 p
93 2483 217 2566 ignoret
246 2485 310 2548 sibi
337 2485 481 2568 legatum
510 2506 594 2564 esse,
621 2484 677 2550 sed
700 2490 911 2571 posteaquam
936 2487 1044 2551 scierit
1068 2491 1100 2552 et

30 2659 32 2736 δ
92 2569 288 2725 <spreverip>
317 2573 474 2658 legatum,
502 2575 636 2658 proinde
665 2595 749 2657 esse,
778 2579 873 2658 atque
901 2576 929 2639 si
956 2576 1100 2660 legatum

91 2681 150 2725 non
175 2683 272 2726 esse.

30 2737 31 2744 ἵ
177 2751 230 2816 18.
259 2749 466 2832 Gaianae,
497 2787 535 2797 -
563 2802 591 2817 ..
620 2750 798 2834 quaeritur,
826 2750 911 2836 quod
939 2752 997 2816 sub
1026 2773 1099 2816 con-

30 2833 32 2912 }
93 2837 216 2904 dicione
240 2860 298 2923 per
320 2839 567 2905 vindicationem
590 2841 735 2925 legatum
759 2844 820 2922 est,
845 2841 1003 2925 pendente
1026 2862 1100 2907 con·

30 2913 32 2978 l
91 2925 213 2993 dicione
238 2927 328 2992 euius
351 2931 444 2994 esset.
493 2930 600 2993 nostri
623 2933 851 3013 praeceptores
879 2930 1003 2995 heredis
1029 2953 1100 2998 esse

30 3055 33 3192 p
90 3021 209 3099 putant
242 3018 388 3100 exemplo
422 3020 509 3081 statu
540 3018 649 3097 liberi,
681 3019 713 3081 id
743 3024 792 3083 est
821 3021 888 3084 eius
917 3021 1014 3102 servi,
1045 3021 1101 3104 qui

89 3108 283 3170 testamento
303 3107 362 3169 sub
383 3105 491 3190 aliqua
510 3106 696 3172 condicione
715 3107 798 3172 liber
820 3130 889 3174 esse
912 3109 1019 3174 iussus
1044 3117 1102 3196 est,

30 3213 32 3346 Ι
90 3215 184 3277 quem
210 3197 339 3259 constat
360 3195 484 3260 interea
506 3195 634 3260 heredis
658 3218 785 3261 servum
809 3219 888 3263 esse.

357 3369 404 3428 De
426 3370 517 3443 lanato
534 3387 591 3444 pen
612 3370 834 3432 damnationem.

180 3488 231 3552 19.
254 3486 292 3552 D.
303 3487 357 3572 45,
367 3489 395 3571 2,
408 3488 457 3553 17.
498 3488 619 3555 Paulus
642 3489 726 3554 libro
745 3493 859 3554 octavo
879 3491 918 3554 ad
938 3487 1101 3551 Plautium

90 3573 137 3662 (P.
149 3576 263 3662 1158).
281 3614 324 3624 —
342 3576 414 3642 Sive
434 3599 453 3640 a
468 3578 564 3642 certis
579 3578 726 3661 personis
742 3577 894 3641 heredum
908 3571 1101 3638 nominatim
