2580 3900
164 193 228 258 208
250 191 297 247 IV.
313 192 529 247 VESPASIANI
543 191 618 248 ΤΙΤΙ
631 191 826 248 DOMITIANI
838 191 943 248 ΤΕΜΡ.
957 192 1054 248 IURIS
1069 193 1141 249 OON
1144 193 1174 250 S.

163 357 379 422 nundinarum
407 355 519 421 diebus
548 355 617 420 dari
645 357 829 440 stipuletur,
859 357 963 441 primo
989 357 1039 421 die
1061 360 1175 441 petere

162 467 258 530 posse
281 443 420 510 Sabinus
444 446 498 510 ait.
539 443 697 510 Proculus
722 450 829 511 autem
854 451 886 509 et
908 447 1006 510 ceteri
1030 446 1175 511 diversae

163 535 293 600 scholae
313 540 471 617 auctores,
490 532 643 619 quamdiu
662 535 712 599 vel
732 535 884 619 exiguum
899 537 1026 618 tempus
1041 557 1081 600 ex
1093 557 1175 599 nun-

163 623 311 688 dinarum
330 623 437 706 spatio
452 628 643 706 superesset,
662 624 728 707 peti
741 623 851 706 (non)
865 645 962 706 posse
976 625 1174 689 existimant.

252 713 301 776 19.
325 710 365 777 D.
379 710 432 795 46,
446 712 476 790 3,
492 712 544 792 95,
559 710 588 775 6.
605 712 634 778 7.
670 711 760 776 Idem
779 712 837 797 (sc.
857 708 1068 798 Papinianus)
1087 713 1174 778 libro

163 801 338 866 vicensimo
379 806 493 865 octavo
526 799 760 876 Quaestionum
792 796 841 886 (P.
865 799 954 886 340).
991 835 1029 848 -
1068 800 1175 867 Usum

160 889 300 955 fructum
332 889 411 954 mihi
444 893 500 954 aut
527 889 612 954 Titio
645 889 714 954 dari
747 889 920 974 stipulatus
957 912 1037 955 sum.
1085 890 1173 955 Titio

162 979 267 1063 capite
291 977 456 1043 deminuto
480 977 618 1042 facultas
643 978 786 1043 solvendi
810 977 895 1042 'Pitio
914 1001 980 1044 non
1000 979 1174 1063 intercidit,

162 1068 236 1152 quia
264 1072 297 1133 et
328 1065 374 1132 sic
402 1065 552 1152 stipulari
578 1077 750 1150 possumus
779 1065 871 1132 ‘mihi
899 1072 956 1132 aut
979 1066 1075 1147 Titio,
1098 1089 1174 1134 oum

161 1157 266 1241 capite
294 1157 437 1221 minutus
466 1156 537 1241 erit,
565 1155 660 1240 dari5'
696 1177 772 1220 nam
796 1155 823 1220 si
846 1155 962 1220 furiosi
984 1158 1035 1222 vel
1055 1154 1174 1241 pupilli

160 1267 302 1330 persona
334 1245 459 1310 adiecta
492 1245 548 1328 sit,
580 1244 627 1308 ita
658 1246 759 1310 tutori
787 1245 838 1311 vel
866 1246 1007 1309 curatori
1034 1245 1175 1331 pecunia

160 1338 247 1400 recte
277 1335 418 1418 dabitur,
447 1333 475 1396 si
501 1333 697 1398 condicionis
721 1354 845 1418 quoque
869 1333 1050 1418 implendae
1074 1355 1174 1398 causa

162 1428 248 1488 recte
273 1423 409 1508 pecunia
432 1421 534 1487 tutori
556 1423 607 1487 vel
631 1422 772 1488 curatori
795 1422 897 1488 datur.
934 1423 1020 1507 quod
1043 1423 1173 1506 quidem

160 1509 270 1577 Labeo
308 1517 340 1576 et
372 1511 513 1594 Pegasus
546 1514 743 1595 putaverunt
774 1512 926 1576 utilitatis
959 1533 1056 1576 causa
1087 1511 1170 1580 reci-

160 1601 320 1685 piendum.

509 1687 560 1754 Dc
580 1691 707 1772 negotiis
726 1691 827 1773 pestis

250 1796 302 1860 20.
333 1794 372 1859 D.
392 1797 422 1880 3,
441 1795 471 1873 5,
492 1795 542 1859 17.
592 1794 710 1860 Paulus
737 1797 820 1861 libro
848 1817 935 1861 nono
963 1795 1003 1860 ad
1031 1796 1173 1860 edictum

163 1883 209 1968 (P.
231 1881 318 1971 190).
345 1920 383 1930 -
409 1884 564 1950 Proculus
592 1888 625 1949 et
647 1884 792 1970 Pegasus
820 1885 940 1950 bonam
966 1883 1061 1949 fidem
1089 1907 1173 1969 eum,

162 1973 217 2058 qui
240 1971 274 2036 in
298 1973 454 2037 servitute
477 1994 589 2057 gerere
608 1977 724 2057 coepit,
747 1977 913 2058 praestare
933 1974 1048 2038 debere
1067 1974 1174 2059 aiunt,

162 2063 297 2147 ideoque
321 2065 491 2147 quantum,
516 2061 544 2126 si
566 2061 649 2126 alius
673 2062 740 2126 eius
763 2063 896 2146 negotia
919 2063 1083 2147 gessisset,
1106 2084 1172 2126 ser-

161 2171 237 2215 vare
265 2151 439 2235 potuisset,
473 2154 601 2215 tantum
629 2172 715 2234 eum,
747 2151 803 2236 qui
831 2174 850 2216 a
877 2155 979 2216 semet
1006 2151 1077 2235 ipso
1104 2173 1173 2215 non

163 2239 319 2324 exegerit,
347 2239 552 2324 negotiorum
581 2243 743 2324 gestorum
772 2239 897 2305 actione
922 2243 1174 2325 praestaturum,

164 2329 192 2392 si
222 2326 342 2412 aliquid
370 2328 485 2393 habuit
511 2330 544 2394 iu
567 2329 706 2412 peculio,
734 2329 823 2394 ouius
846 2329 1027 2394 retentione
1050 2329 1081 2394 id
1106 2351 1173 2393 ser·

161 2419 230 2482 vari
252 2414 386 2502 potuitl.

568 2506 618 2571 De
633 2507 763 2589 peculio.

249 2613 302 2678 21.
324 2611 363 2678 D.
380 2613 431 2696 15,
447 2615 475 2697 1,
489 2613 533 2679 30
540 2635 587 2697 pr.
618 2611 779 2697 Ulpianus
794 2612 879 2678 libro
893 2611 1070 2679 vicensimo
1084 2636 1172 2680 nono

162 2703 202 2766 ad
221 2702 360 2767 edictum
381 2702 431 2789 (P.
446 2698 535 2788 861).
553 2739 597 2750 -
616 2701 805 2778 Quaesitum
824 2706 883 2784 est,
903 2723 944 2765 an
962 2707 1071 2767 teneat
1086 2704 1172 2770 actio

161 2791 200 2856 de
223 2791 362 2874 peculio,
388 2792 515 2856 etiamsi
537 2791 621 2856 nihil
645 2792 688 2856 sit
709 2792 743 2855 in
766 2791 890 2875 peculio
915 2811 988 2855 cum
1011 2796 1172 2878 ageretur,

162 2880 189 2944 si
219 2878 316 2945 modo
344 2881 388 2944 sit
414 2880 461 2944 rei
490 2879 649 2946 iudicatae
676 2885 831 2963 tempore.
877 2878 1032 2945 Proculus
1060 2885 1093 2946 et
1115 2881 1173 2946 Pe-

162 2988 257 3053 gasus
296 2967 396 3032 nihilo
434 2968 540 3032 minus
576 2965 700 3034 tenere¹
738 2968 829 3032 aiunt
861 2967 1054 3049 [intenditur
1085 2971 1173 3034 enim

160 3058 257 3138 recte,
281 3055 409 3120 etiamsi
431 3055 514 3120 nihil
538 3057 582 3120 sit
605 3058 638 3120 in
661 3057 812 3141 peculio].
858 3057 942 3122 idem
967 3064 1000 3123 et
1022 3060 1107 3124 circa
1130 3059 1172 3124 ad

163 3144 378 3216 exhibendum
401 3149 435 3208 et
456 3144 491 3209 in
515 3167 583 3209 rem
607 3145 764 3210 actionem
788 3145 921 3228 placuit.

249 3238 319 3314 Ulp.
339 3237 423 3298 addit
446 3233 536 3314 ‘quac
560 3239 709 3299 sententia
731 3241 763 3297 et
785 3238 911 3298 anobis
933 3240 1086 3315 probanda
1104 3235 1172 3320 est',

161 3325 206 3384 ita
223 3329 259 3385 ut
277 3326 417 3386 extremis
436 3327 536 3406 verbis
555 3327 675 3389 Proculi
694 3331 725 3388 et
738 3326 847 3406 Pegasi
866 3329 1015 3388 sententia
1033 3329 1174 3391 videatur

162 3415 292 3474 subesse.
1001 3415 1003 3420 ’

234 3571 247 3619 1
268 3564 317 3620 Fl.
335 3567 437 3636 potest.
528 3573 543 3622 2
565 3568 613 3624 Fr.
633 3568 729 3624 teneri.
