2602 3906
416 219 440 266 a.
463 211 670 268 mvonuuos
688 211 836 270 Palscos
1060 213 1128 280 493

124 396 219 458 quam
252 374 394 438 extranei
425 373 557 438 heredes
585 377 659 439 ante
687 380 816 441 senatus
844 378 1026 441 consultum
1053 378 1127 464 lege

124 463 217 527 Iunia
238 461 383 526 habituri
406 468 522 543 essent,
545 462 682 546 reliquas
705 486 781 530 vero
799 471 907 549 partes
925 488 984 550 pro
1002 465 1128 532 heredi-

124 551 214 616 tariis
236 550 382 635 partibus
406 549 444 614 ad
469 572 522 615 eos
546 554 713 635 pertinere.

418 727 467 794 De
484 733 687 810 patronorum
708 731 833 813 nrqottis.

211 845 241 909 4.
274 842 313 907 D.
332 845 384 926 23,
403 844 434 928 2,
450 844 503 908 46.
556 843 654 908 Gaius
687 845 770 908 libro
803 848 917 911 octavo
950 846 989 911 ad
1021 848 1127 933 legem

122 932 239 998 Iuliam
263 936 295 997 et
312 931 454 1015 Papiam.
474 970 516 978 —
534 932 620 997 Illud
643 933 852 998 dubitationis
877 939 935 1016 est,
958 957 999 999 an
1021 942 1053 1000 et
1072 938 1128 1021 qui

124 1043 324 1086 communem
351 1021 502 1085 libertam
530 1044 660 1087 uxorem
689 1022 815 1086 duxerit
842 1022 882 1086 ad
910 1024 971 1088 hoe
997 1025 1047 1088 ius
1074 1025 1128 1089 ad-

124 1111 273 1174 mittatur
290 1111 347 1192 (se.
367 1109 463 1194 ‘quod
482 1110 568 1194 dioit,
590 1111 692 1175 invito
711 1116 848 1194 patrono
867 1111 1027 1192 libertam,
1045 1134 1128 1196 quae

123 1199 153 1263 ei
171 1203 273 1281 nupta
292 1203 350 1280 est,
373 1199 428 1263 atii
446 1199 565 1263 nubere
583 1220 649 1262 non
668 1196 798 1286 posse').
839 1199 1010 1265 Iavolenus
1029 1221 1128 1286 nega-

123 1287 180 1370 vit,
203 1288 278 1370 quia
301 1309 365 1351 non
387 1287 518 1371 proprie
541 1287 666 1351 ridetur
680 1289 755 1360 ,eius
779 1289 905 1372 liberta,
929 1311 1010 1374 quae
1029 1291 1127 1355 etiam

123 1375 256 1440 alterius
280 1377 329 1440 sit.
718 1413 720 1418 ·

212 1476 304 1538 Gaius
331 1477 426 1536 addit:
455 1472 533 1538 ‘aliis
560 1480 664 1537 eontra
686 1478 783 1538 visum
806 1483 864 1554 est,
892 1480 962 1556 quia
985 1481 1127 1540 libertam

122 1565 188 1626 eius
207 1585 271 1626 esse
284 1567 388 1644 negari
401 1585 461 1626 non
473 1569 582 1644 potest,
600 1567 670 1626 lieet
684 1567 806 1627 alterius
821 1588 939 1646 quoque
955 1569 994 1629 sit
1007 1569 1126 1650 liberta,

123 1673 213 1730 quam
235 1656 413 1715 sententiam
434 1655 569 1732 plerique
591 1659 671 1715 reete
693 1650 915 1731 probaverunt?

540 1826 590 1891 Do
612 1828 713 1892 tutelo.
826 1881 829 1887 .

212 1941 255 2007 5?
278 1941 351 2026 Ulp.
369 1944 418 2024 11,
432 1942 484 2008 28.
504 1979 542 1988 —
621 1945 775 2026 puberem
789 1991 816 2008 ..
831 1943 978 2010 Cassiani
997 1946 1127 2031 quidem

122 2052 197 2095 eum
221 2052 289 2095 esse
313 2031 437 2116 dieunt,
460 2031 513 2114 qui
535 2030 650 2096 habitu
674 2032 818 2116 eorporis
841 2033 941 2116 pubes
964 2040 1127 2119 appareat,

122 2119 156 2183 id
179 2120 302 2204 estqui
321 2141 474 2204 generare
492 2121 610 2205 possit3
633 2119 834 2186 Proculeiani
854 2130 962 2187 autem
981 2147 1054 2188 eum
1073 2124 1128 2208 qui

123 2209 379 2292 quattuordecim
405 2230 504 2272 annos
528 2211 680 2294 explevit3
702 2231 813 2274 verum
832 2209 958 2276 Priscus
979 2235 1050 2277 enm
1071 2235 1127 2296 pu·

122 2297 232 2361 berem
261 2318 343 2378 esse,
371 2297 405 2361 in
432 2319 527 2382 quem
550 2301 917 2383 utrumque‘ooneurrit,
944 2305 976 2365 et
996 2301 1127 2366 habitus

122 2386 266 2470 eorporis
290 2392 322 2450 et
344 2407 496 2451 numerus
520 2408 686 2451 annorum.

505 2564 555 2628 De
577 2564 748 2629 traditione.

212 2678 255 2742 6?
286 2677 324 2743 D.
338 2681 391 2761 41,
405 2680 435 2763 2,
451 2681 479 2763 1,
492 2681 544 2745 21,
589 2677 709 2744 Paulus
730 2678 815 2745 libro
838 2679 1126 2764 quinquagensimo

121 2769 239 2852 quarto
271 2768 312 2831 ad
344 2769 491 2833 edietum.
521 2806 558 2816 —
589 2766 624 2832 Si
656 2767 803 2832 iusserim
831 2768 1029 2832 venditorem
1056 2790 1129 2850 pro·

121 2855 266 2921 curatori
289 2878 357 2921 rem
379 2857 515 2938 tradere,
538 2879 609 2923 eum
633 2856 725 2919 eain
750 2859 932 2938 praesentia
951 2857 1002 2941 sit,
1027 2856 1126 2922 videri

121 2945 205 3012 mihi
231 2945 382 3010 traditam
404 2946 533 3012 Priscus
562 2947 620 3029 ait,
647 2945 794 3029 idemque
818 2967 900 3029 esse,
922 2947 957 3022 ¹si
978 2968 1128 3012 nummos

121 3033 303 3100 debitorem
331 3035 478 3099 iusserim
507 3035 563 3099 alii
587 3035 672 3098 dare.
708 3055 773 3099 non
797 3054 863 3124 esse
887 3034 970 3098 enim
995 3056 1128 3120 corpore

121 3126 156 3186 et
179 3127 269 3187 taetu
286 3144 415 3187 neeesse
435 3122 670 3207 adprehendere
688 3123 933 3207 possessionem,
955 3124 1127 3189 sedetiam

123 3211 227 3276 oeulis
252 3215 284 3275 et
306 3213 423 3277 affectu
441 3217 633 3297 argumento
653 3233 722 3276 esse
741 3234 796 3276 eas
815 3235 874 3292 res,
898 3235 979 3296 quae
997 3217 1128 3297 propter

122 3299 379 3386 magnitudinem
397 3302 548 3386 ponderis
567 3300 690 3365 moveri
708 3322 773 3366 non
791 3306 935 3385 possunt,
953 3308 990 3366 ut
1009 3302 1127 3368 colum-

122 3408 196 3469 nas,
224 3410 300 3452 nam
327 3412 386 3474 pro
413 3390 541 3456 traditis
570 3411 624 3454 eas
647 3389 774 3471 haberi,
802 3391 829 3454 si
852 3389 886 3453 in
909 3412 942 3454 re
965 3389 1127 3474 praesenti

123 3477 356 3562 consenserint,
381 3482 413 3542 et
434 3480 509 3543 rina
531 3479 650 3544 tradita
669 3477 780 3561 videri,
804 3479 1000 3544 cumulares
1027 3476 1127 3542 oollae

123 3564 267 3630 vinariae
291 3567 428 3650 emptori
451 3566 589 3630 traditae
612 3566 740 3631 fuerint.
