2614 3912
468 231 493 279 5.
517 223 634 281 PITIUS
652 223 782 282 ARISTO
1065 223 1128 288 367

113 394 208 475 pater
237 389 323 453 male
351 392 466 454 contra
492 389 648 472 pietatem
677 387 861 472 adficiebat,
892 389 999 473 coegit
1027 409 1132 453 eman-

114 479 233 562 cipare.
287 498 350 562 quo
382 480 497 562 postea
528 476 677 542 defuncto
713 480 806 560 pater
841 481 878 542 ut
915 478 1131 544 manumissor

113 569 274 633 honorum
311 567 548 651 possessionem
585 565 648 629 sibi
685 568 865 649 competere
898 565 1037 652 dicebat3
1074 566 1130 632 sed

116 657 255 723 consilio
277 655 405 721 Neratii
423 654 526 721 Prisci
549 657 582 719 et
599 653 764 719 Aristonis
789 655 817 718 ei
840 657 972 738 propter
994 657 1131 721 necessi·

114 750 221 811 tatem
254 744 428 810 solvendae
460 744 592 829 pietatis
624 739 850 830 (potestatisl)
882 742 1041 829 denegata
1073 749 1131 810 est.

370 938 420 1004 De
442 939 550 1022 tepolis
574 944 603 1004 ct
623 939 877 1024 fideicommissis.

6 1129 7 1148 ,
205 1065 236 1130 3.
260 1063 298 1129 D.
314 1064 367 1148 33,
376 1065 407 1148 2,
416 1064 468 1128 22.
513 1062 674 1148 Ulpianus
697 1063 782 1127 libro
806 1062 919 1148 quinto
943 1062 1066 1129 decimo
1090 1065 1131 1130 ad

6 1175 7 1228 r
115 1154 223 1240 legem
242 1152 361 1218 Iuliam
384 1157 417 1218 et
435 1152 571 1236 Papiam
590 1151 639 1237 (P.
649 1148 761 1238 2035).
780 1189 822 1198 -
842 1151 1048 1218 ‘Patrimonii
1067 1155 1131 1217 mei

6 1251 7 1328 j
115 1243 257 1308 reditum
280 1243 428 1307 omnibus
452 1241 546 1306 annis
569 1242 663 1306 uxori
686 1262 777 1305 meae
796 1240 868 1305 dari
885 1240 982 1307 volo'.
1018 1241 1130 1306 Aristo

6 1341 7 1344 ’
114 1330 286 1416 respondit
313 1331 353 1395 ad
380 1330 531 1396 heredem
559 1331 670 1395 uxoris
698 1351 765 1395 non
792 1331 945 1416 transire,
973 1331 1048 1414 quia
1075 1334 1132 1396 aut

114 1422 189 1486 usui
221 1419 342 1486 fructui
374 1419 479 1484 simile
512 1424 597 1484 esset
629 1422 686 1484 aut
712 1419 788 1484 huic
816 1419 927 1506 legato
956 1418 1002 1484 ‘in
1030 1441 1132 1484 annos

115 1508 282 1596 singulos'.

204 1617 235 1681 4.
268 1614 306 1680 D.
330 1616 383 1696 36,
408 1617 437 1699 1,
459 1615 490 1697 3,
512 1617 542 1681 2.-
587 1613 745 1698 Ulpianus
782 1614 865 1680 libro
897 1615 996 1680 tertio
1027 1613 1131 1680 Fidei·

116 1705 365 1771 commissorum
392 1701 441 1790 (P.
458 1702 567 1788 1873).
594 1741 631 1750 -
658 1752 693 1768 ..
720 1703 920 1787 Pomponius
948 1703 1074 1787 scribit,
1102 1705 1131 1769 si

117 1793 263 1858 deductis
295 1794 415 1879 legatis
447 1793 618 1858 restituere
651 1793 721 1876 quis
749 1793 960 1859 hereditatem
987 1798 1132 1878 rogatur,

117 1881 300 1968 quaesitum
324 1887 381 1964 est,
404 1888 512 1947 utrum
537 1882 641 1947 solida
663 1882 772 1966 legata
794 1881 992 1965 praestanda
1015 1883 1081 1947 sint
1099 1888 1132 1946 et

116 1977 267 2057 quartam
295 1993 337 2036 ex·
362 1972 431 2038 solo
459 1971 710 2040 fideicommisso
740 1971 909 2036 detrahere
936 1971 1055 2056 possit,
1089 1993 1131 2035 an

114 2082 191 2127 vero
221 2066 254 2125 et
281 2082 320 2125 ex
346 2060 464 2145 legatis
494 2065 527 2125 et
555 2081 594 2124 ex
621 2059 869 2125 fideicommisso
898 2064 1050 2144 quartam
1077 2060 1129 2124 de-

115 2149 245 2214 trahere
276 2149 403 2233 possit?
453 2152 486 2214 et
515 2148 615 2213 refert
641 2148 831 2214 Aristonem
858 2149 1064 2233 respondisse
1092 2150 1132 2214 ex

117 2238 268 2304 omnibus
300 2237 546 2322 detrahendam,
578 2237 641 2304 hoo
673 2242 724 2303 est
757 2259 796 2302 ex
828 2239 948 2324 legatis
981 2243 1014 2302 et
1043 2237 1133 2302 fidei·

117 2349 299 2393 commrsso

206 2433 236 2500 5.
268 2432 308 2498 D.
325 2435 357 2519 4,
374 2435 405 2517 4,
426 2434 476 2517 16,
495 2433 525 2498 2.
576 2432 736 2516 Ulpianus
769 2431 853 2497 libro
886 2432 1055 2498 undecimo
1088 2434 1129 2498 ad

117 2525 258 2589 edictum
283 2519 332 2610 (P.
344 2519 435 2609 406).
459 2559 500 2568 -
525 2522 771 2606 Pomponius..
795 2521 895 2585 refert
917 2521 999 2586 libro
1023 2523 1129 2586 vicen-

117 2615 201 2678 simo
230 2616 359 2698 octavo,
385 2633 457 2676 cum
482 2610 612 2696 quidam
636 2609 730 2674 heres
753 2613 887 2693 rogatus
912 2614 997 2674 esset
1019 2609 1131 2674 fratris

116 2702 202 2768 filiae
230 2702 413 2784 complures
441 2721 492 2765 res
521 2699 598 2764 dare
625 2721 664 2764 ea
692 2697 892 2780 condicione,
924 2702 974 2782 ut,
1004 2698 1032 2762 si
1060 2699 1131 2762 sine

116 2791 230 2856 liboris
258 2790 461 2872 decessisset,
489 2789 675 2853 restitueret
702 2808 757 2852 eas
785 2786 897 2850 heredi
920 2787 1054 2852 ethaeo
1078 2788 1130 2851 de·

116 2879 228 2946 functo
265 2878 382 2943 herede
414 2878 525 2943 heredi
557 2878 625 2942 eius
657 2877 797 2942 cavisset
829 2896 862 2939 se
894 2876 1131 2962 restituturam,

117 2969 304 3034 Aristonem
327 2971 458 3052 putasse
480 2967 514 3031 in
536 2966 699 3051 integrum
721 2964 964 3030 restituendam.

452 3142 502 3208 De
524 3143 660 3210 libertate
681 3145 798 3211 relicto.

208 3271 237 3336 6.
260 3270 300 3336 D.
308 3270 363 3354 40,
371 3271 403 3349 4,
411 3269 464 3336 46.
495 3267 693 3354 Pomponius
712 3268 795 3348 libro
806 3263 955 3356 septimo·
966 3267 1132 3334 er-variis

116 3359 325 3426 Lectionibus
349 3356 399 3446 (P.
415 3355 504 3442 825).
526 3395 563 3404 -
589 3359 700 3426 Aristo
724 3357 859 3424 Neratio
888 3355 1057 3442 Appiano¹
1083 3379 1131 3420 re-

172 3535 380 3662 ·tthiommsen
399 3548 448 3602 pro
464 3531 617 3603 ‘Appiano'
637 3533 731 3604 potius
747 3529 863 3597 ‘Prisco’
880 3530 1056 3588 scribendum
1071 3545 1131 3586 esse

116 3622 207 3662 norror
223 3647 229 3660 .
