2602 3906
410 209 434 258 6.
457 201 664 258 IAVOLENUS
682 201 829 257 muscos
1054 201 1120 264 483

109 367 222 451 possit,
253 366 346 431 vetuti
372 365 412 430 ‘si
438 366 508 448 puis
535 367 570 430 iu
597 364 784 447 Capitolium
815 365 993 443 ascenderit,
1022 365 1119 429 droem

114 457 190 520 dare
214 453 384 537 spondest',
412 453 451 519 ‘si
480 456 549 537 puis
576 475 597 518 a
623 475 671 518 me
697 455 794 519 deeem
815 454 951 535 petierit,
978 457 1021 517 tot
1045 454 1120 518 dare

114 542 284 626 spondest'‚
304 564 360 608 eur
376 563 438 608 non
457 544 536 608 idem
554 547 582 608 et
598 543 634 607 in
652 543 718 608 dote
725 543 881 625 promissa
894 542 1118 624 respondeatur,

113 633 197 697 ratio
219 632 306 697 reddi
328 652 390 696 non
406 637 514 714 potest.
970 637 972 641 ’

204 731 228 782 2.
258 719 357 785 Nutta
372 721 538 802 promissio
555 725 654 802 potest
675 721 842 803 consistere,
864 739 942 802 quae
960 739 997 784 en
1014 720 1118 784 notun·

114 814 177 875 tate
194 811 401 894 promittentis
422 814 537 874 statum
559 809 649 892 rapit.

403 984 452 1051 De
474 986 630 1052 ruborum
653 986 840 1067 obtiputione.

206 1101 258 1166 55.
284 1101 323 1167 D.
337 1103 390 1185 46,
406 1103 434 1186 l,
448 1102 500 1166 42.
544 1101 716 1166 Iavolenus
738 1100 822 1165 libro
845 1098 966 1164 decimo
989 1099 1121 1184 Epistu-

116 1191 234 1256 larum.
257 1226 301 1240 —›
323 1189 361 1255 Si
382 1192 428 1255 ita
448 1191 656 1272 fideiussorem
673 1209 825 1271 aoeepero:
848 1186 941 1270 ‘quod
956 1210 1007 1272 epo
1025 1190 1123 1254 deoem

118 1280 246 1361 credidi,
273 1280 309 1343 de
335 1299 371 1344 ea
391 1281 525 1361 peeunia
547 1279 630 1344 mitte
652 1279 767 1343 modios
789 1278 885 1341 tritiei
905 1278 965 1360 fide
987 1283 1041 1343 tua
1063 1298 1123 1343 esse

116 1365 245 1448 iubes?',
276 1388 339 1432 non
369 1368 521 1450 obtipatur
550 1369 719 1452 fideiussor,
749 1367 824 1448 quia
855 1367 890 1430 in
921 1367 1019 1431 atium
1049 1387 1122 1450 rem,

116 1476 211 1539 quam
229 1477 307 1538 qnae
324 1457 438 1521 eredita
455 1461 505 1539 est,
523 1457 681 1538 fideiussor
693 1455 823 1538 obttpari
835 1475 898 1520 non
906 1454 1030 1538 potest[‚
1049 1457 1123 1537 quia

116 1565 193 1628 non,
219 1550 255 1608 nt
280 1546 451 1610 aestimatio
473 1566 577 1610 rerum
599 1565 676 1628 quae
698 1545 805 1609 merois
827 1564 953 1609 numero
975 1543 1123 1608 iubentur

117 1635 154 1697 in
178 1635 313 1715 pecunia
343 1639 506 1699 numeratu
536 1635 606 1716 fieri
630 1639 743 1718 potest,
773 1634 820 1697 ita
844 1633 978 1715 pecnnia
1007 1653 1123 1715 quoque

116 1741 213 1786 meree
234 1723 425 1788 aestimanda
447 1725 512 1802 est].

206 1824 303 1884 Eisele
323 1825 354 1884 Z.
373 1826 401 1887 d.
420 1825 544 1887 Seu-St.
563 1824 637 1885 XIII
659 1845 686 1900 p.
704 1826 774 1884 149.

443 1996 493 2063 De
515 1998 637 2063 iudioiis
652 1997 797 2081 priuatis.

205 2112 257 2177 56.
284 2111 324 2178 D.
342 2111 372 2195 5,
394 2113 420 2194 1,
439 2113 491 2178 35.
539 2112 629 2178 Idem
657 2109 714 2199 (se.
741 2108 926 2198 Iavolenus)
954 2111 1038 2176 libro
1067 2109 1119 2174 de·

117 2200 201 2265 eima
228 2200 460 2284 Epistularum.
488 2239 526 2251 —
555 2201 629 2267 Non
655 2202 907 2284 quemadmodum
932 2200 1123 2284 fideiussoris

116 2289 261 2371 obtipatr'o
287 2290 322 2354 in
345 2291 489 2371 pendenti
509 2295 608 2369 potest
634 2310 695 2356 esse
719 2295 748 2354 et
768 2290 814 2354 od
834 2290 1033 2369 infuturum
1053 2309 1122 2353 eon-

117 2378 187 2462 n‘pi,
209 2379 256 2442 ita
278 2379 427 2443 tudinium
448 2381 484 2443 in
499 2379 645 2461 pendenti
657 2383 833 2461 potestesse
850 2378 896 2442 oet
913 2379 950 2442 de
966 2377 1015 2442 tois
1032 2377 1123 2441 rebus

116 2487 195 2549 quae
217 2470 325 2550 postea
352 2468 387 2532 in
414 2467 625 2550 obtrpatiauem
647 2468 831 2532 adventurae
852 2470 932 2531 sunt.
976 2486 1051 2529 nam
1072 2486 1122 2530 ne-

116 2557 231 2620 minem
237 2559 315 2638 puto
329 2557 548 2640 dubitaturum,
565 2557 641 2639 puin
653 2557 813 2636 fideiussor
826 2559 897 2619 ante
910 2554 1122 2636 obtipationem

119 2645 167 2708 rei
192 2645 292 2726 aeeipi
313 2641 424 2726 possit,
459 2646 609 2710 iuditium
634 2665 715 2727 uero,
742 2648 905 2726 antequam
931 2642 1051 2725 aliquid
1073 2641 1122 2706 de-

116 2733 232 2816 beatur,
254 2753 317 2798 non
335 2754 431 2816 posse.

347 2910 397 2976 De
418 2911 605 2993 adquirendo
626 2931 730 2975 rerum
752 2911 895 2974 dominio.

206 3025 257 3090 57.
283 3024 323 3090 Ι).
343 3027 395 3109 46,
414 3027 443 3110 3,
463 3026 513 3090 79.
557 3025 646 3090 Idem
674 3021 732 3113 (se.
755 3021 941 3106 Iavolenus)
963 3024 1046 3090 libro
1070 3025 1121 3090 do·

117 3115 201 3180 simo
225 3113 456 3197 Epistularum.
477 3150 516 3162 -
537 3114 714 3200 Peounium,
736 3135 830 3197 quam
852 3114 929 3178 mitti
951 3115 1044 3193 debes,
1066 3120 1123 3180 aut

117 3204 216 3269 otiam
232 3224 297 3268 rem
315 3204 344 3268 si
362 3205 396 3268 in
413 3209 568 3286 conspeetu
585 3224 649 3269 meo
661 3224 776 3288 ponere
794 3203 962 3288 teiubeam,
980 3203 1123 3287 efficitur,

116 3297 152 3357 ut
173 3297 202 3356 et
224 3297 257 3357 tn
278 3294 384 3357 statim
406 3293 541 3358 iubereris
563 3298 590 3358 et
610 3313 680 3358 mea
701 3313 762 3359 esse
784 3293 927 3375 inmpiat;
950 3313 1025 3357 nam
1048 3298 1122 3375 trem,

117 3383 200 3464 quod
220 3400 241 3446 a
262 3381 348 3446 nudo
368 3383 563 3464 corporatiter
580 3384 647 3448 eius
663 3383 710 3446 rei
721 3383 870 3464 possessio
887 3381 1047 3465 detinetur,
1069 3382 1123 3445 ud·

117 3471 234 3553 quisita
260 3469 338 3535 mitri
361 3476 389 3536 et
410 3470 629 3553 quodammodo
650 3490 747 3535 mann
770 3470 860 3552 tanpa
883 3470 999 3534 tradita
1021 3467 1122 3534 misti·

118 3559 235 3625 manda
256 3563 306 3624 est.

857 3658 911 3712 31*
