<?xml version="1.0" encoding="UTF-8"?>
<!DOCTYPE html PUBLIC "-//W3C//DTD XHTML 1.0 Transitional//EN"
    "http://www.w3.org/TR/xhtml1/DTD/xhtml1-transitional.dtd">
<html xmlns="http://www.w3.org/1999/xhtml" xml:lang="en" lang="en">
 <head>
  <title>
</title>
<meta http-equiv="Content-Type" content="text/html;charset=utf-8" />
  <meta name='ocr-system' content='tesseract 3.04.00' />
  <meta name='ocr-capabilities' content='ocr_page ocr_carea ocr_par ocr_line ocrx_word'/>
</head>
<body>
  <div class='ocr_page' id='page_1' title='image "./iurisprudentiae03bremgoog_0151.png"; bbox 0 0 2596 3902; ppageno 0'>
   <div class='ocr_carea' id='block_1_1' title="bbox 510 141 1260 231">
    <p class='ocr_par' dir='ltr' id='par_1_1' title="bbox 510 141 1260 231">
     <span class='ocr_line' id='line_1_1' title="bbox 510 141 1260 231; baseline -0.009 -10"><span class='ocrx_word' id='word_1_1' title='bbox 510 171 534 223; x_wconf 79' lang='lat' dir='ltr'><strong>r.</strong></span> <span class='ocrx_word' id='word_1_2' title='bbox 553 165 742 224; x_wconf 77' lang='lat' dir='ltr'><strong>radamus</strong></span> <span class='ocrx_word' id='word_1_3' title='bbox 1070 166 1130 231; x_wconf 81' lang='lat'><strong>121</strong></span> <span class='ocrx_word' id='word_1_4' title='bbox 1258 141 1260 214; x_wconf 63' lang='grc' dir='ltr'>ὲ</span> 
     </span>
    </p>
   </div>
   <div class='ocr_carea' id='block_1_2' title="bbox 118 327 1262 1920">
    <p class='ocr_par' dir='ltr' id='par_1_2' title="bbox 122 327 1262 661">
     <span class='ocr_line' id='line_1_2' title="bbox 122 327 1262 415; baseline 0.001 -21"><span class='ocrx_word' id='word_1_5' title='bbox 122 330 232 395; x_wconf 88' lang='lat' dir='ltr'><strong>dotem</strong></span> <span class='ocrx_word' id='word_1_6' title='bbox 254 330 322 414; x_wconf 92' lang='lat' dir='ltr'><strong>peti</strong></span> <span class='ocrx_word' id='word_1_7' title='bbox 345 327 463 413; x_wconf 79' lang='lat' dir='ltr'><strong>posse?</strong></span> <span class='ocrx_word' id='word_1_8' title='bbox 486 329 561 414; x_wconf 87' lang='lat' dir='ltr'><strong>quid</strong></span> <span class='ocrx_word' id='word_1_9' title='bbox 585 329 613 394; x_wconf 92' lang='lat' dir='ltr'><strong>si</strong></span> <span class='ocrx_word' id='word_1_10' title='bbox 635 327 683 394; x_wconf 87' lang='lat' dir='ltr'><strong>ita</strong></span> <span class='ocrx_word' id='word_1_11' title='bbox 701 327 856 396; x_wconf 61' lang='lat' dir='ltr'><strong>dixissed:</strong></span> <span class='ocrx_word' id='word_1_12' title='bbox 880 328 964 395; x_wconf 72' lang='lat' dir='ltr'><strong>‘eum</strong></span> <span class='ocrx_word' id='word_1_13' title='bbox 987 333 1135 415; x_wconf 89' lang='lat' dir='ltr'><strong>potuero,</strong></span> <span class='ocrx_word' id='word_1_14' title='bbox 1260 339 1262 414; x_wconf 64' lang='grc' dir='ltr'><em>ζ</em></span> 
     </span>
     <span class='ocr_line' id='line_1_3' title="bbox 125 417 1134 503; baseline 0 -19"><span class='ocrx_word' id='word_1_15' title='bbox 125 419 192 484; x_wconf 94' lang='lat' dir='ltr'><strong>doti</strong></span> <span class='ocrx_word' id='word_1_16' title='bbox 214 417 343 483; x_wconf 77' lang='lat' dir='ltr'><strong>erunt&#39;?</strong></span> <span class='ocrx_word' id='word_1_17' title='bbox 367 418 451 502; x_wconf 87' lang='lat' dir='ltr'><strong>quod</strong></span> <span class='ocrx_word' id='word_1_18' title='bbox 471 419 498 483; x_wconf 86' lang='lat' dir='ltr'><strong>si</strong></span> <span class='ocrx_word' id='word_1_19' title='bbox 517 419 659 502; x_wconf 84' lang='lat' dir='ltr'><strong>aliquam</strong></span> <span class='ocrx_word' id='word_1_20' title='bbox 678 417 743 483; x_wconf 88' lang='lat' dir='ltr'><strong>vim</strong></span> <span class='ocrx_word' id='word_1_21' title='bbox 762 419 883 484; x_wconf 90' lang='lat' dir='ltr'><strong>habeat</strong></span> <span class='ocrx_word' id='word_1_22' title='bbox 900 418 1061 503; x_wconf 74' lang='lat' dir='ltr'>posterior</span> <span class='ocrx_word' id='word_1_23' title='bbox 1079 420 1134 484; x_wconf 88' lang='lat' dir='ltr'><strong>ob-</strong></span> 
     </span>
     <span class='ocr_line' id='line_1_4' title="bbox 122 504 1134 594; baseline 0.001 -23"><span class='ocrx_word' id='word_1_24' title='bbox 122 508 253 594; x_wconf 76' lang='lat' dir='ltr'><strong>ligatio,</strong></span> <span class='ocrx_word' id='word_1_25' title='bbox 276 504 404 591; x_wconf 77' lang='lat' dir='ltr'><strong>‘possit&#39;</strong></span> <span class='ocrx_word' id='word_1_26' title='bbox 426 508 559 572; x_wconf 86' lang='lat' dir='ltr'><strong>verbum</strong></span> <span class='ocrx_word' id='word_1_27' title='bbox 583 506 742 592; x_wconf 87' lang='lat' dir='ltr'><strong>quomodo</strong></span> <span class='ocrx_word' id='word_1_28' title='bbox 765 508 1001 593; x_wconf 86' lang='lat' dir='ltr'><strong>interpretaris,</strong></span> <span class='ocrx_word' id='word_1_29' title='bbox 1024 511 1134 572; x_wconf 91' lang='lat' dir='ltr'><strong>utrum</strong></span> 
     </span>
     <span class='ocr_line' id='line_1_5' title="bbox 123 594 727 661; baseline 0 -1"><span class='ocrx_word' id='word_1_30' title='bbox 123 617 195 660; x_wconf 89' lang='lat' dir='ltr'><strong>aera</strong></span> <span class='ocrx_word' id='word_1_31' title='bbox 220 597 326 660; x_wconf 87' lang='lat' dir='ltr'><strong>alieno</strong></span> <span class='ocrx_word' id='word_1_32' title='bbox 351 594 487 661; x_wconf 83' lang='lat' dir='ltr'><strong>deducto</strong></span> <span class='ocrx_word' id='word_1_33' title='bbox 511 619 552 660; x_wconf 88' lang='lat' dir='ltr'><strong>arr</strong></span> <span class='ocrx_word' id='word_1_34' title='bbox 575 599 705 660; x_wconf 85' lang='lat' dir='ltr'><strong>extante</strong></span> <span class='ocrx_word' id='word_1_35' title='bbox 711 595 727 660; x_wconf 74' lang='grc'><strong><em>2</em></strong></span> 
     </span>
    </p>

    <p class='ocr_par' dir='ltr' id='par_1_3' title="bbox 118 681 1135 1476">
     <span class='ocr_line' id='line_1_6' title="bbox 211 681 1134 769; baseline 0.003 -21"><span class='ocrx_word' id='word_1_36' title='bbox 211 684 382 750; x_wconf 82' lang='lat' dir='ltr'><strong>Proculus:</strong></span> <span class='ocrx_word' id='word_1_37' title='bbox 404 705 473 750; x_wconf 82' lang='lat' dir='ltr'><strong>eum</strong></span> <span class='ocrx_word' id='word_1_38' title='bbox 494 686 593 750; x_wconf 82' lang='lat' dir='ltr'><strong>dotem</strong></span> <span class='ocrx_word' id='word_1_39' title='bbox 614 685 684 766; x_wconf 80' lang='lat' dir='ltr'><strong>quis</strong></span> <span class='ocrx_word' id='word_1_40' title='bbox 707 686 752 748; x_wconf 87' lang='lat' dir='ltr'><strong>ita</strong></span> <span class='ocrx_word' id='word_1_41' title='bbox 720 681 882 750; x_wconf 77' lang='lat' dir='ltr'><strong>tdirit²:</strong></span> <span class='ocrx_word' id='word_1_42' title='bbox 904 684 985 750; x_wconf 82' lang='lat' dir='ltr'><strong>eum</strong></span> <span class='ocrx_word' id='word_1_43' title='bbox 995 706 1038 768; x_wconf 81' lang='lat' dir='ltr'><strong>po</strong></span> <span class='ocrx_word' id='word_1_44' title='bbox 1041 691 1134 769; x_wconf 80' lang='lat' dir='ltr'><strong>t,uer0</strong></span> 
     </span>
     <span class='ocr_line' id='line_1_7' title="bbox 124 736 1135 858; baseline 0.001 -20"><span class='ocrx_word' id='word_1_45' title='bbox 124 774 187 838; x_wconf 91' lang='lat' dir='ltr'><strong>doti</strong></span> <span class='ocrx_word' id='word_1_46' title='bbox 214 773 271 838; x_wconf 86' lang='lat' dir='ltr'><strong>tibi</strong></span> <span class='ocrx_word' id='word_1_47' title='bbox 297 777 387 838; x_wconf 78' lang='lat' dir='ltr'><strong>erurd</strong></span> <span class='ocrx_word' id='word_1_48' title='bbox 411 774 550 858; x_wconf 50' lang='lat' dir='ltr'><strong>cerritum</strong></span> <span class='ocrx_word' id='word_1_49' title='bbox 578 774 717 838; x_wconf 78' lang='lat' dir='ltr'><strong>existimo</strong></span> <span class='ocrx_word' id='word_1_50' title='bbox 743 775 786 838; x_wconf 85' lang='lat' dir='ltr'><strong>ad</strong></span> <span class='ocrx_word' id='word_1_51' title='bbox 811 774 846 839; x_wconf 91' lang='lat' dir='ltr'><strong>id</strong></span> <span class='ocrx_word' id='word_1_52' title='bbox 865 775 947 856; x_wconf 78' lang='lat' dir='ltr'><strong>prod</strong></span> <span class='ocrx_word' id='word_1_53' title='bbox 967 779 1069 839; x_wconf 81' lang='lat' dir='ltr'><strong>aetem</strong></span> <span class='ocrx_word' id='word_1_54' title='bbox 1091 736 1135 840; x_wconf 82' lang='lat' dir='ltr'><strong>esi</strong></span> 
     </span>
     <span class='ocr_line' id='line_1_8' title="bbox 122 824 1133 946; baseline 0.001 -19"><span class='ocrx_word' id='word_1_55' title='bbox 122 862 313 944; x_wconf 79' lang='lat' dir='ltr'><strong>interpretat</strong></span> <span class='ocrx_word' id='word_1_56' title='bbox 300 882 398 926; x_wconf 79' lang='lat' dir='ltr'><strong>eedem</strong></span> <span class='ocrx_word' id='word_1_57' title='bbox 425 824 619 945; x_wconf 75' lang='lat' dir='ltr'><strong>rediperiderrr</strong></span> <span class='ocrx_word' id='word_1_58' title='bbox 646 881 724 940; x_wconf 70' lang='lat' dir='ltr'><strong>esse·</strong></span> <span class='ocrx_word' id='word_1_59' title='bbox 750 882 826 927; x_wconf 83' lang='lat' dir='ltr'><strong>ream</strong></span> <span class='ocrx_word' id='word_1_60' title='bbox 852 863 906 944; x_wconf 80' lang='lat' dir='ltr'><strong>qui</strong></span> <span class='ocrx_word' id='word_1_61' title='bbox 928 864 1069 946; x_wconf 80' lang='lat' dir='ltr'><strong>ambiprre</strong></span> <span class='ocrx_word' id='word_1_62' title='bbox 1092 865 1133 928; x_wconf 87' lang='lat' dir='ltr'><strong>te·</strong></span> 
     </span>
     <span class='ocr_line' id='line_1_9' title="bbox 121 951 1131 1038; baseline 0.002 -23"><span class='ocrx_word' id='word_1_63' title='bbox 121 952 175 1034; x_wconf 77' lang='lat' dir='ltr'><strong>peri</strong></span> <span class='ocrx_word' id='word_1_64' title='bbox 176 956 236 1034; x_wconf 78' lang='lat' dir='ltr'><strong>tur,</strong></span> <span class='ocrx_word' id='word_1_65' title='bbox 259 952 296 1015; x_wconf 88' lang='lat' dir='ltr'><strong>id</strong></span> <span class='ocrx_word' id='word_1_66' title='bbox 315 951 457 1034; x_wconf 76' lang='lat' dir='ltr'><strong>loquitur,</strong></span> <span class='ocrx_word' id='word_1_67' title='bbox 479 953 616 1038; x_wconf 73' lang='lat' dir='ltr'><strong>prodes</strong></span> <span class='ocrx_word' id='word_1_68' title='bbox 635 951 685 1016; x_wconf 81' lang='lat' dir='ltr'><strong>tis</strong></span> <span class='ocrx_word' id='word_1_69' title='bbox 702 971 779 1032; x_wconf 78' lang='lat' dir='ltr'><strong>quere</strong></span> <span class='ocrx_word' id='word_1_70' title='bbox 797 951 1012 1034; x_wconf 73' lang='lat' dir='ltr'><strong>siqnideantrrr</strong></span> <span class='ocrx_word' id='word_1_71' title='bbox 1029 953 1131 1017; x_wconf 76' lang='lat' dir='ltr'><strong>sensit.</strong></span> 
     </span>
     <span class='ocr_line' id='line_1_10' title="bbox 118 1039 1131 1124; baseline 0 -20"><span class='ocrx_word' id='word_1_72' title='bbox 118 1039 250 1122; x_wconf 74' lang='lat' dir='ltr'><strong>propius</strong></span> <span class='ocrx_word' id='word_1_73' title='bbox 272 1044 315 1104; x_wconf 90' lang='lat' dir='ltr'><strong>est</strong></span> <span class='ocrx_word' id='word_1_74' title='bbox 332 1045 443 1124; x_wconf 82' lang='lat' dir='ltr'><strong>temer,</strong></span> <span class='ocrx_word' id='word_1_75' title='bbox 464 1045 501 1105; x_wconf 81' lang='lat' dir='ltr'><strong>ert</strong></span> <span class='ocrx_word' id='word_1_76' title='bbox 516 1039 570 1105; x_wconf 81' lang='lat' dir='ltr'><strong>dee</strong></span> <span class='ocrx_word' id='word_1_77' title='bbox 587 1060 656 1104; x_wconf 83' lang='lat' dir='ltr'><strong>eum</strong></span> <span class='ocrx_word' id='word_1_78' title='bbox 673 1041 801 1105; x_wconf 70' lang='lat' dir='ltr'><strong>semisse</strong></span> <span class='ocrx_word' id='word_1_79' title='bbox 819 1041 988 1104; x_wconf 74' lang='lat' dir='ltr'><strong>existimem</strong></span> <span class='ocrx_word' id='word_1_80' title='bbox 1006 1039 1131 1124; x_wconf 77' lang='lat' dir='ltr'><strong>‘&lt;eem&gt;</strong></span> 
     </span>
     <span class='ocr_line' id='line_1_11' title="bbox 122 1126 1133 1211; baseline -0.001 -17"><span class='ocrx_word' id='word_1_81' title='bbox 122 1130 247 1194; x_wconf 80' lang='lat' dir='ltr'><strong>deducte</strong></span> <span class='ocrx_word' id='word_1_82' title='bbox 287 1149 356 1193; x_wconf 82' lang='lat' dir='ltr'><strong>aere</strong></span> <span class='ocrx_word' id='word_1_83' title='bbox 385 1129 487 1194; x_wconf 82' lang='lat' dir='ltr'><strong>alieno</strong></span> <span class='ocrx_word' id='word_1_84' title='bbox 516 1126 643 1211; x_wconf 80' lang='lat' dir='ltr'><strong>potero&#39;.</strong></span> <span class='ocrx_word' id='word_1_85' title='bbox 693 1133 792 1210; x_wconf 84' lang='lat' dir='ltr'><strong>petest</strong></span> <span class='ocrx_word' id='word_1_86' title='bbox 821 1129 914 1193; x_wconf 83' lang='lat' dir='ltr'><strong>etiam</strong></span> <span class='ocrx_word' id='word_1_87' title='bbox 945 1129 1003 1193; x_wconf 80' lang='lat' dir='ltr'><strong>itte</strong></span> <span class='ocrx_word' id='word_1_88' title='bbox 1034 1131 1133 1211; x_wconf 69' lang='lat' dir='ltr'><strong>aecipri</strong></span> 
     </span>
     <span class='ocr_line' id='line_1_12' title="bbox 122 1215 1135 1301; baseline -0.002 -19"><span class='ocrx_word' id='word_1_89' title='bbox 122 1217 309 1300; x_wconf 69' lang='lat' dir='ltr'><strong>sipiificatio</strong></span> <span class='ocrx_word' id='word_1_90' title='bbox 332 1216 411 1282; x_wconf 75' lang='lat' dir='ltr'><strong>‘eum</strong></span> <span class='ocrx_word' id='word_1_91' title='bbox 434 1217 523 1283; x_wconf 86' lang='lat' dir='ltr'><strong>satra</strong></span> <span class='ocrx_word' id='word_1_92' title='bbox 544 1218 692 1301; x_wconf 73' lang='lat' dir='ltr'><strong>dipsitete</strong></span> <span class='ocrx_word' id='word_1_93' title='bbox 710 1237 778 1282; x_wconf 80' lang='lat' dir='ltr'><strong>eree</strong></span> <span class='ocrx_word' id='word_1_94' title='bbox 791 1215 917 1300; x_wconf 84' lang='lat' dir='ltr'><strong>potero&#39;,</strong></span> <span class='ocrx_word' id='word_1_95' title='bbox 940 1238 1018 1299; x_wconf 79' lang='lat' dir='ltr'><strong>quae</strong></span> <span class='ocrx_word' id='word_1_96' title='bbox 1040 1218 1135 1281; x_wconf 81' lang='lat' dir='ltr'><strong>iater-</strong></span> 
     </span>
     <span class='ocr_line' id='line_1_13' title="bbox 119 1302 1134 1389; baseline -0.001 -18"><span class='ocrx_word' id='word_1_97' title='bbox 119 1307 253 1388; x_wconf 80' lang='lat' dir='ltr'><strong>pretetio</strong></span> <span class='ocrx_word' id='word_1_98' title='bbox 275 1326 308 1370; x_wconf 90' lang='lat' dir='ltr'><strong>eo</strong></span> <span class='ocrx_word' id='word_1_99' title='bbox 329 1307 429 1388; x_wconf 81' lang='lat' dir='ltr'><strong>mepis</strong></span> <span class='ocrx_word' id='word_1_100' title='bbox 451 1307 628 1388; x_wconf 78' lang='lat' dir='ltr'><strong>arripienda</strong></span> <span class='ocrx_word' id='word_1_101' title='bbox 650 1311 702 1389; x_wconf 88' lang='lat' dir='ltr'><strong>est,</strong></span> <span class='ocrx_word' id='word_1_102' title='bbox 724 1307 753 1371; x_wconf 90' lang='lat' dir='ltr'><strong>si</strong></span> <span class='ocrx_word' id='word_1_103' title='bbox 770 1306 816 1372; x_wconf 82' lang='lat' dir='ltr'><strong>ite</strong></span> <span class='ocrx_word' id='word_1_104' title='bbox 834 1302 968 1370; x_wconf 77' lang='lat' dir='ltr'><strong>dietrm³</strong></span> <span class='ocrx_word' id='word_1_105' title='bbox 990 1310 1035 1371; x_wconf 90' lang='lat' dir='ltr'><strong>est</strong></span> <span class='ocrx_word' id='word_1_106' title='bbox 1053 1304 1134 1371; x_wconf 71' lang='lat' dir='ltr'><strong>‘erim</strong></span> 
     </span>
     <span class='ocr_line' id='line_1_14' title="bbox 121 1393 1134 1476; baseline -0.001 -16"><span class='ocrx_word' id='word_1_107' title='bbox 121 1396 313 1460; x_wconf 79' lang='lat' dir='ltr'><strong>commodem</strong></span> <span class='ocrx_word' id='word_1_108' title='bbox 330 1393 408 1476; x_wconf 81' lang='lat' dir='ltr'><strong>erit’,</strong></span> <span class='ocrx_word' id='word_1_109' title='bbox 425 1394 479 1460; x_wconf 79' lang='lat' dir='ltr'><strong>hee</strong></span> <span class='ocrx_word' id='word_1_110' title='bbox 497 1400 540 1460; x_wconf 88' lang='lat' dir='ltr'><strong>est</strong></span> <span class='ocrx_word' id='word_1_111' title='bbox 557 1393 638 1460; x_wconf 74' lang='lat' dir='ltr'><strong>‘eum</strong></span> <span class='ocrx_word' id='word_1_112' title='bbox 650 1395 719 1460; x_wconf 81' lang='lat' dir='ltr'><strong>sine</strong></span> <span class='ocrx_word' id='word_1_113' title='bbox 731 1394 920 1460; x_wconf 78' lang='lat' dir='ltr'><strong>incommodo</strong></span> <span class='ocrx_word' id='word_1_114' title='bbox 933 1415 998 1459; x_wconf 84' lang='lat' dir='ltr'><strong>meo</strong></span> <span class='ocrx_word' id='word_1_115' title='bbox 1007 1394 1134 1476; x_wconf 84' lang='lat' dir='ltr'><strong>potero&#39;.</strong></span> 
     </span>
    </p>

    <p class='ocr_par' dir='ltr' id='par_1_4' title="bbox 122 1482 1135 1920">
     <span class='ocr_line' id='line_1_15' title="bbox 215 1482 1135 1568; baseline -0.002 -20"><span class='ocrx_word' id='word_1_116' title='bbox 215 1484 265 1548; x_wconf 78' lang='lat'><strong>17.</strong></span> <span class='ocrx_word' id='word_1_117' title='bbox 282 1482 471 1566; x_wconf 86' lang='grc' dir='ltr'><strong>Ι).46,3,82.</strong></span> <span class='ocrx_word' id='word_1_118' title='bbox 503 1483 659 1548; x_wconf 84' lang='lat' dir='ltr'><strong>Proculus</strong></span> <span class='ocrx_word' id='word_1_119' title='bbox 672 1483 756 1549; x_wconf 89' lang='lat' dir='ltr'><strong>libro</strong></span> <span class='ocrx_word' id='word_1_120' title='bbox 772 1482 885 1568; x_wconf 88' lang='lat' dir='ltr'><strong>quinto</strong></span> <span class='ocrx_word' id='word_1_121' title='bbox 900 1483 1135 1567; x_wconf 78' lang='lat' dir='ltr'><strong>Epistularum.</strong></span> 
     </span>
     <span class='ocr_line' id='line_1_16' title="bbox 124 1569 1134 1657; baseline 0 -21"><span class='ocrx_word' id='word_1_122' title='bbox 124 1608 166 1619; x_wconf 95' lang='lat'>—</span> <span class='ocrx_word' id='word_1_123' title='bbox 185 1569 230 1657; x_wconf 82' lang='lat' dir='ltr'><strong>Si,</strong></span> <span class='ocrx_word' id='word_1_124' title='bbox 253 1594 325 1637; x_wconf 86' lang='lat' dir='ltr'><strong>eum</strong></span> <span class='ocrx_word' id='word_1_125' title='bbox 344 1571 511 1638; x_wconf 79' lang='lat' dir='ltr'><strong>Cornelius</strong></span> <span class='ocrx_word' id='word_1_126' title='bbox 534 1571 668 1637; x_wconf 88' lang='lat' dir='ltr'><strong>fundum</strong></span> <span class='ocrx_word' id='word_1_127' title='bbox 692 1593 787 1637; x_wconf 88' lang='lat' dir='ltr'><strong>suum</strong></span> <span class='ocrx_word' id='word_1_128' title='bbox 805 1573 935 1637; x_wconf 85' lang='lat' dir='ltr'><strong>nomina</strong></span> <span class='ocrx_word' id='word_1_129' title='bbox 955 1570 1046 1637; x_wconf 80' lang='lat' dir='ltr'><strong>Seiae</strong></span> <span class='ocrx_word' id='word_1_130' title='bbox 1064 1573 1134 1637; x_wconf 86' lang='lat' dir='ltr'><strong>viro</strong></span> 
     </span>
     <span class='ocr_line' id='line_1_17' title="bbox 124 1660 1135 1746; baseline -0.002 -21"><span class='ocrx_word' id='word_1_131' title='bbox 124 1660 193 1725; x_wconf 91' lang='lat' dir='ltr'><strong>eius</strong></span> <span class='ocrx_word' id='word_1_132' title='bbox 213 1660 281 1726; x_wconf 89' lang='lat' dir='ltr'><strong>doti</strong></span> <span class='ocrx_word' id='word_1_133' title='bbox 296 1660 435 1726; x_wconf 84' lang='lat' dir='ltr'><strong>dedisset</strong></span> <span class='ocrx_word' id='word_1_134' title='bbox 447 1683 507 1726; x_wconf 89' lang='lat' dir='ltr'><strong>nee</strong></span> <span class='ocrx_word' id='word_1_135' title='bbox 521 1660 559 1725; x_wconf 89' lang='lat' dir='ltr'><strong>de</strong></span> <span class='ocrx_word' id='word_1_136' title='bbox 574 1682 612 1725; x_wconf 91' lang='lat' dir='ltr'><strong>eo</strong></span> <span class='ocrx_word' id='word_1_137' title='bbox 627 1660 789 1726; x_wconf 89' lang='lat' dir='ltr'><strong>reddendo</strong></span> <span class='ocrx_word' id='word_1_138' title='bbox 804 1661 973 1746; x_wconf 86' lang='lat' dir='ltr'><strong>quiequam</strong></span> <span class='ocrx_word' id='word_1_139' title='bbox 988 1661 1135 1744; x_wconf 86' lang='lat' dir='ltr'><strong>cavisset,</strong></span> 
     </span>
     <span class='ocr_line' id='line_1_18' title="bbox 122 1747 1134 1834; baseline 0.002 -22"><span class='ocrx_word' id='word_1_140' title='bbox 122 1749 210 1832; x_wconf 88' lang='lat' dir='ltr'><strong>feeit,</strong></span> <span class='ocrx_word' id='word_1_141' title='bbox 233 1754 270 1813; x_wconf 88' lang='lat' dir='ltr'><strong>ut</strong></span> <span class='ocrx_word' id='word_1_142' title='bbox 292 1749 377 1813; x_wconf 89' lang='lat' dir='ltr'><strong>inter</strong></span> <span class='ocrx_word' id='word_1_143' title='bbox 400 1771 434 1814; x_wconf 88' lang='lat' dir='ltr'><strong>sa</strong></span> <span class='ocrx_word' id='word_1_144' title='bbox 459 1750 507 1814; x_wconf 86' lang='lat' dir='ltr'><strong>vir</strong></span> <span class='ocrx_word' id='word_1_145' title='bbox 525 1751 558 1813; x_wconf 89' lang='lat' dir='ltr'><strong>et</strong></span> <span class='ocrx_word' id='word_1_146' title='bbox 576 1747 650 1814; x_wconf 87' lang='lat' dir='ltr'><strong>Seia</strong></span> <span class='ocrx_word' id='word_1_147' title='bbox 667 1750 918 1834; x_wconf 77' lang='lat' dir='ltr'><strong>paciscerentur,</strong></span> <span class='ocrx_word' id='word_1_148' title='bbox 941 1753 978 1814; x_wconf 94' lang='lat' dir='ltr'><strong>ut</strong></span> <span class='ocrx_word' id='word_1_149' title='bbox 995 1749 1134 1815; x_wconf 87' lang='lat' dir='ltr'><strong>divortio</strong></span> 
     </span>
     <span class='ocr_line' id='line_1_19' title="bbox 122 1837 1134 1920; baseline 0 -18"><span class='ocrx_word' id='word_1_150' title='bbox 122 1837 209 1902; x_wconf 83' lang='lat' dir='ltr'><strong>facto</strong></span> <span class='ocrx_word' id='word_1_151' title='bbox 234 1839 262 1902; x_wconf 91' lang='lat' dir='ltr'><strong>is</strong></span> <span class='ocrx_word' id='word_1_152' title='bbox 285 1837 402 1902; x_wconf 85' lang='lat' dir='ltr'><strong>fundus</strong></span> <span class='ocrx_word' id='word_1_153' title='bbox 427 1837 576 1904; x_wconf 81' lang='lat' dir='ltr'><strong>Cornelio</strong></span> <span class='ocrx_word' id='word_1_154' title='bbox 599 1837 798 1918; x_wconf 86' lang='lat' dir='ltr'><strong>redderetur,</strong></span> <span class='ocrx_word' id='word_1_155' title='bbox 825 1859 888 1904; x_wconf 78' lang='lat' dir='ltr'><strong>reor</strong></span> <span class='ocrx_word' id='word_1_156' title='bbox 906 1843 982 1920; x_wconf 75' lang='lat' dir='ltr'><strong>pute</strong></span> <span class='ocrx_word' id='word_1_157' title='bbox 1005 1839 1134 1904; x_wconf 81' lang='lat' dir='ltr'><strong>divortio</strong></span> 
     </span>
    </p>
   </div>
   <div class='ocr_carea' id='block_1_3' title="bbox 21 1925 1135 2008">
    <p class='ocr_par' dir='ltr' id='par_1_5' title="bbox 21 1925 1135 2008">
     <span class='ocr_line' id='line_1_20' title="bbox 21 1925 1135 2008; baseline 0 -16"><span class='ocrx_word' id='word_1_158' title='bbox 21 1933 22 1936; x_wconf 75' lang='grc'>’</span> <span class='ocrx_word' id='word_1_159' title='bbox 121 1926 205 2008; x_wconf 83' lang='lat' dir='ltr'><strong>facto</strong></span> <span class='ocrx_word' id='word_1_160' title='bbox 241 1927 344 1992; x_wconf 80' lang='lat' dir='ltr'><strong>virum</strong></span> <span class='ocrx_word' id='word_1_161' title='bbox 379 1931 496 1992; x_wconf 78' lang='lat' dir='ltr'><strong>retente</strong></span> <span class='ocrx_word' id='word_1_162' title='bbox 527 1926 602 1993; x_wconf 80' lang='lat' dir='ltr'><strong>Seia</strong></span> <span class='ocrx_word' id='word_1_163' title='bbox 632 1948 702 1992; x_wconf 80' lang='lat' dir='ltr'><strong>eum</strong></span> <span class='ocrx_word' id='word_1_164' title='bbox 731 1927 865 2008; x_wconf 81' lang='lat' dir='ltr'><strong>fundum</strong></span> <span class='ocrx_word' id='word_1_165' title='bbox 897 1925 1036 1993; x_wconf 75' lang='lat' dir='ltr'><strong>Cernetis</strong></span> <span class='ocrx_word' id='word_1_166' title='bbox 1068 1932 1135 1992; x_wconf 80' lang='lat' dir='ltr'><strong>tete</strong></span> 
     </span>
    </p>
   </div>
   <div class='ocr_carea' id='block_1_4' title="bbox 122 2017 1137 3165">
    <p class='ocr_par' dir='ltr' id='par_1_6' title="bbox 122 2017 1136 2629">
     <span class='ocr_line' id='line_1_21' title="bbox 122 2017 1135 2100; baseline 0.002 -21"><span class='ocrx_word' id='word_1_167' title='bbox 122 2017 317 2081; x_wconf 78' lang='lat' dir='ltr'><strong>redditurum</strong></span> <span class='ocrx_word' id='word_1_168' title='bbox 335 2035 405 2099; x_wconf 83' lang='lat' dir='ltr'><strong>esse,</strong></span> <span class='ocrx_word' id='word_1_169' title='bbox 427 2017 518 2081; x_wconf 81' lang='lat' dir='ltr'><strong>sicuti</strong></span> <span class='ocrx_word' id='word_1_170' title='bbox 535 2017 572 2096; x_wconf 86' lang='lat' dir='ltr'><strong>si,</strong></span> <span class='ocrx_word' id='word_1_171' title='bbox 589 2036 659 2080; x_wconf 82' lang='lat' dir='ltr'><strong>eum</strong></span> <span class='ocrx_word' id='word_1_172' title='bbox 671 2021 800 2100; x_wconf 83' lang='lat' dir='ltr'><strong>pestem</strong></span> <span class='ocrx_word' id='word_1_173' title='bbox 817 2021 994 2082; x_wconf 79' lang='lat' dir='ltr'><strong>convertere</strong></span> <span class='ocrx_word' id='word_1_174' title='bbox 1012 2017 1135 2081; x_wconf 78' lang='lat' dir='ltr'><strong>nultum</strong></span> 
     </span>
     <span class='ocr_line' id='line_1_22' title="bbox 124 2105 1135 2187; baseline 0 -18"><span class='ocrx_word' id='word_1_175' title='bbox 124 2105 349 2187; x_wconf 78' lang='lat' dir='ltr'><strong>intercessisset,</strong></span> <span class='ocrx_word' id='word_1_176' title='bbox 380 2105 509 2170; x_wconf 89' lang='lat' dir='ltr'><strong>divortio</strong></span> <span class='ocrx_word' id='word_1_177' title='bbox 538 2105 621 2186; x_wconf 83' lang='lat' dir='ltr'><strong>furto</strong></span> <span class='ocrx_word' id='word_1_178' title='bbox 652 2105 763 2170; x_wconf 79' lang='lat' dir='ltr'><strong>mulier</strong></span> <span class='ocrx_word' id='word_1_179' title='bbox 789 2105 880 2172; x_wconf 82' lang='lat' dir='ltr'><strong>iussit</strong></span> <span class='ocrx_word' id='word_1_180' title='bbox 906 2126 973 2170; x_wconf 82' lang='lat' dir='ltr'><strong>erm</strong></span> <span class='ocrx_word' id='word_1_181' title='bbox 999 2106 1135 2186; x_wconf 78' lang='lat' dir='ltr'><strong>fundum</strong></span> 
     </span>
     <span class='ocr_line' id='line_1_23' title="bbox 124 2191 1136 2276; baseline 0.001 -18"><span class='ocrx_word' id='word_1_182' title='bbox 124 2191 265 2259; x_wconf 81' lang='lat' dir='ltr'><strong>Cerreelio</strong></span> <span class='ocrx_word' id='word_1_183' title='bbox 282 2193 377 2275; x_wconf 82' lang='lat' dir='ltr'><strong>reddi,</strong></span> <span class='ocrx_word' id='word_1_184' title='bbox 399 2193 507 2260; x_wconf 76' lang='lat' dir='ltr'><strong>deiude</strong></span> <span class='ocrx_word' id='word_1_185' title='bbox 524 2199 688 2275; x_wconf 79' lang='lat' dir='ltr'><strong>antequem</strong></span> <span class='ocrx_word' id='word_1_186' title='bbox 706 2194 887 2272; x_wconf 83' lang='lat' dir='ltr'><strong>redderetur,</strong></span> <span class='ocrx_word' id='word_1_187' title='bbox 908 2194 1054 2276; x_wconf 77' lang='lat' dir='ltr'><strong>vetuisset,</strong></span> <span class='ocrx_word' id='word_1_188' title='bbox 1072 2214 1136 2260; x_wconf 80' lang='lat' dir='ltr'><strong>dore</strong></span> 
     </span>
     <span class='ocr_line' id='line_1_24' title="bbox 124 2281 1136 2366; baseline 0 -20"><span class='ocrx_word' id='word_1_189' title='bbox 124 2287 187 2348; x_wconf 81' lang='lat' dir='ltr'><strong>tuto</strong></span> <span class='ocrx_word' id='word_1_190' title='bbox 209 2283 391 2347; x_wconf 77' lang='lat' dir='ltr'><strong>redderetur.</strong></span> <span class='ocrx_word' id='word_1_191' title='bbox 437 2283 489 2347; x_wconf 90' lang='lat' dir='ltr'><strong>sed</strong></span> <span class='ocrx_word' id='word_1_192' title='bbox 509 2284 538 2348; x_wconf 86' lang='lat' dir='ltr'><strong>si</strong></span> <span class='ocrx_word' id='word_1_193' title='bbox 560 2287 724 2365; x_wconf 79' lang='lat' dir='ltr'><strong>antequam</strong></span> <span class='ocrx_word' id='word_1_194' title='bbox 746 2282 819 2349; x_wconf 75' lang='lat' dir='ltr'><strong>seia</strong></span> <span class='ocrx_word' id='word_1_195' title='bbox 841 2288 966 2366; x_wconf 81' lang='lat' dir='ltr'><strong>vetaret,</strong></span> <span class='ocrx_word' id='word_1_196' title='bbox 994 2281 1136 2348; x_wconf 82' lang='lat' dir='ltr'><strong>Oorretio</strong></span> 
     </span>
     <span class='ocr_line' id='line_1_25' title="bbox 124 2371 1134 2456; baseline 0 -21"><span class='ocrx_word' id='word_1_197' title='bbox 124 2391 192 2435; x_wconf 81' lang='lat' dir='ltr'><strong>erem</strong></span> <span class='ocrx_word' id='word_1_198' title='bbox 209 2372 346 2453; x_wconf 77' lang='lat' dir='ltr'><strong>fredum</strong></span> <span class='ocrx_word' id='word_1_199' title='bbox 363 2371 541 2436; x_wconf 85' lang='lat' dir='ltr'><strong>reddidisset</strong></span> <span class='ocrx_word' id='word_1_200' title='bbox 558 2391 611 2436; x_wconf 83' lang='lat' dir='ltr'><strong>ree</strong></span> <span class='ocrx_word' id='word_1_201' title='bbox 627 2371 921 2454; x_wconf 68' lang='lat' dir='ltr'><strong>eausamdabuisset</strong></span> <span class='ocrx_word' id='word_1_202' title='bbox 934 2371 1134 2456; x_wconf 77' lang='lat' dir='ltr'><strong>existimandi</strong></span> 
     </span>
     <span class='ocr_line' id='line_1_26' title="bbox 124 2458 1136 2546; baseline 0 -22"><span class='ocrx_word' id='word_1_203' title='bbox 124 2461 159 2524; x_wconf 90' lang='lat' dir='ltr'><strong>id</strong></span> <span class='ocrx_word' id='word_1_204' title='bbox 180 2461 282 2524; x_wconf 81' lang='lat' dir='ltr'><strong>irrite</strong></span> <span class='ocrx_word' id='word_1_205' title='bbox 299 2459 372 2525; x_wconf 74' lang='lat' dir='ltr'><strong>Sere</strong></span> <span class='ocrx_word' id='word_1_206' title='bbox 391 2458 549 2540; x_wconf 78' lang='lat' dir='ltr'><strong>facturum</strong></span> <span class='ocrx_word' id='word_1_207' title='bbox 567 2479 637 2543; x_wconf 83' lang='lat' dir='ltr'><strong>esse,</strong></span> <span class='ocrx_word' id='word_1_208' title='bbox 659 2481 713 2525; x_wconf 79' lang='lat' dir='ltr'><strong>ree</strong></span> <span class='ocrx_word' id='word_1_209' title='bbox 730 2460 840 2525; x_wconf 74' lang='lat' dir='ltr'><strong>melius</strong></span> <span class='ocrx_word' id='word_1_210' title='bbox 857 2479 911 2525; x_wconf 79' lang='lat' dir='ltr'><strong>nee</strong></span> <span class='ocrx_word' id='word_1_211' title='bbox 929 2461 1056 2542; x_wconf 73' lang='lat' dir='ltr'><strong>aequites</strong></span> <span class='ocrx_word' id='word_1_212' title='bbox 1073 2478 1136 2546; x_wconf 82' lang='lat' dir='ltr'><strong>esse</strong></span> 
     </span>
     <span class='ocr_line' id='line_1_27' title="bbox 123 2547 808 2629; baseline -0.001 -16"><span class='ocrx_word' id='word_1_213' title='bbox 123 2549 343 2614; x_wconf 23' lang='lat' dir='ltr'><strong>existimarem*</strong></span> <span class='ocrx_word' id='word_1_214' title='bbox 355 2569 424 2613; x_wconf 85' lang='lat' dir='ltr'><strong>eum</strong></span> <span class='ocrx_word' id='word_1_215' title='bbox 443 2547 580 2629; x_wconf 75' lang='lat' dir='ltr'><strong>fundum</strong></span> <span class='ocrx_word' id='word_1_216' title='bbox 602 2548 692 2614; x_wconf 79' lang='lat' dir='ltr'><strong>Seiae</strong></span> <span class='ocrx_word' id='word_1_217' title='bbox 713 2549 808 2614; x_wconf 89' lang='lat' dir='ltr'><strong>reddi.</strong></span> 
     </span>
    </p>

    <p class='ocr_par' dir='ltr' id='par_1_7' title="bbox 123 2635 1137 3165">
     <span class='ocr_line' id='line_1_28' title="bbox 216 2635 1135 2722; baseline -0.003 -21"><span class='ocrx_word' id='word_1_218' title='bbox 216 2639 266 2704; x_wconf 89' lang='lat'><strong>18.</strong></span> <span class='ocrx_word' id='word_1_219' title='bbox 284 2636 475 2722; x_wconf 84' lang='grc' dir='ltr'><strong><em>Ι).23,3,82.</em></strong></span> <span class='ocrx_word' id='word_1_220' title='bbox 506 2636 662 2701; x_wconf 81' lang='lat' dir='ltr'><strong>Proculus</strong></span> <span class='ocrx_word' id='word_1_221' title='bbox 676 2637 760 2701; x_wconf 90' lang='lat' dir='ltr'><strong>libro</strong></span> <span class='ocrx_word' id='word_1_222' title='bbox 776 2636 889 2721; x_wconf 87' lang='lat' dir='ltr'><strong>quinto</strong></span> <span class='ocrx_word' id='word_1_223' title='bbox 903 2635 1135 2718; x_wconf 83' lang='lat' dir='ltr'><strong>Epistularum.</strong></span> 
     </span>
     <span class='ocr_line' id='line_1_29' title="bbox 123 2722 1137 2810; baseline -0.003 -19"><span class='ocrx_word' id='word_1_224' title='bbox 123 2760 169 2772; x_wconf 92' lang='lat'><em>-</em></span> <span class='ocrx_word' id='word_1_225' title='bbox 182 2723 266 2799; x_wconf 78' lang='lat' dir='ltr'><strong>Cum</strong></span> <span class='ocrx_word' id='word_1_226' title='bbox 284 2748 365 2791; x_wconf 84' lang='lat' dir='ltr'><strong>uxor</strong></span> <span class='ocrx_word' id='word_1_227' title='bbox 384 2726 489 2791; x_wconf 83' lang='lat' dir='ltr'><strong>virum</strong></span> <span class='ocrx_word' id='word_1_228' title='bbox 508 2746 601 2789; x_wconf 92' lang='lat' dir='ltr'><strong>suum</strong></span> <span class='ocrx_word' id='word_1_229' title='bbox 620 2747 716 2809; x_wconf 85' lang='lat' dir='ltr'><strong>quam</strong></span> <span class='ocrx_word' id='word_1_230' title='bbox 734 2723 905 2810; x_wconf 79' lang='lat' dir='ltr'><strong>pecuniam</strong></span> <span class='ocrx_word' id='word_1_231' title='bbox 924 2723 987 2787; x_wconf 91' lang='lat' dir='ltr'><strong>sibi</strong></span> <span class='ocrx_word' id='word_1_232' title='bbox 1005 2722 1137 2788; x_wconf 86' lang='lat' dir='ltr'><strong>deberet</strong></span> 
     </span>
     <span class='ocr_line' id='line_1_30' title="bbox 124 2811 1136 2896; baseline -0.001 -18"><span class='ocrx_word' id='word_1_233' title='bbox 124 2815 157 2878; x_wconf 88' lang='lat' dir='ltr'><strong>in</strong></span> <span class='ocrx_word' id='word_1_234' title='bbox 196 2814 304 2880; x_wconf 88' lang='lat' dir='ltr'><strong>dotem</strong></span> <span class='ocrx_word' id='word_1_235' title='bbox 336 2814 422 2879; x_wconf 89' lang='lat' dir='ltr'><strong>filiae</strong></span> <span class='ocrx_word' id='word_1_236' title='bbox 455 2813 634 2879; x_wconf 85' lang='lat' dir='ltr'><strong>eommunis</strong></span> <span class='ocrx_word' id='word_1_237' title='bbox 667 2813 742 2878; x_wconf 88' lang='lat' dir='ltr'><strong>dare</strong></span> <span class='ocrx_word' id='word_1_238' title='bbox 774 2813 906 2877; x_wconf 90' lang='lat' dir='ltr'><strong>iusserit</strong></span> <span class='ocrx_word' id='word_1_239' title='bbox 937 2815 969 2877; x_wconf 88' lang='lat' dir='ltr'><strong>at</strong></span> <span class='ocrx_word' id='word_1_240' title='bbox 1000 2811 1071 2896; x_wconf 85' lang='lat' dir='ltr'><strong>&lt;is&gt;</strong></span> <span class='ocrx_word' id='word_1_241' title='bbox 1102 2811 1136 2877; x_wconf 93' lang='lat' dir='ltr'><strong>id</strong></span> 
     </span>
     <span class='ocr_line' id='line_1_31' title="bbox 124 2901 1137 2986; baseline 0.001 -21"><span class='ocrx_word' id='word_1_242' title='bbox 124 2901 239 2969; x_wconf 80' lang='lat' dir='ltr'><strong>fecisse</strong></span> <span class='ocrx_word' id='word_1_243' title='bbox 263 2902 401 2986; x_wconf 81' lang='lat' dir='ltr'><strong>dicatur,</strong></span> <span class='ocrx_word' id='word_1_244' title='bbox 419 2908 496 2986; x_wconf 81' lang='lat' dir='ltr'><strong>preto</strong></span> <span class='ocrx_word' id='word_1_245' title='bbox 518 2903 822 2968; x_wconf 75' lang='lat' dir='ltr'><strong>animadvertendum</strong></span> <span class='ocrx_word' id='word_1_246' title='bbox 844 2921 918 2985; x_wconf 83' lang='lat' dir='ltr'><strong>esse,</strong></span> <span class='ocrx_word' id='word_1_247' title='bbox 939 2905 1046 2966; x_wconf 80' lang='lat' dir='ltr'><strong>etrum</strong></span> <span class='ocrx_word' id='word_1_248' title='bbox 1068 2922 1137 2966; x_wconf 79' lang='lat' dir='ltr'><strong>eura</strong></span> 
     </span>
     <span class='ocr_line' id='line_1_32' title="bbox 124 2991 1137 3075; baseline -0.002 -18"><span class='ocrx_word' id='word_1_249' title='bbox 124 2992 223 3057; x_wconf 61' lang='lat' dir='ltr'><strong>deum</strong></span> <span class='ocrx_word' id='word_1_250' title='bbox 246 3013 301 3058; x_wconf 80' lang='lat' dir='ltr'><strong>arro</strong></span> <span class='ocrx_word' id='word_1_251' title='bbox 323 3013 367 3058; x_wconf 80' lang='lat' dir='ltr'><strong>arr</strong></span> <span class='ocrx_word' id='word_1_252' title='bbox 388 2993 496 3057; x_wconf 75' lang='lat' dir='ltr'><strong>aroris</strong></span> <span class='ocrx_word' id='word_1_253' title='bbox 518 2993 640 3057; x_wconf 79' lang='lat' dir='ltr'><strong>romine</strong></span> <span class='ocrx_word' id='word_1_254' title='bbox 662 2993 760 3058; x_wconf 88' lang='lat' dir='ltr'><strong>dedit:</strong></span> <span class='ocrx_word' id='word_1_255' title='bbox 783 2992 892 3075; x_wconf 76' lang='lat' dir='ltr'><strong>sistro,</strong></span> <span class='ocrx_word' id='word_1_256' title='bbox 914 2991 1013 3056; x_wconf 80' lang='lat' dir='ltr'><strong>nitito</strong></span> <span class='ocrx_word' id='word_1_257' title='bbox 1031 2991 1137 3056; x_wconf 79' lang='lat' dir='ltr'><strong>mirus</strong></span> 
     </span>
     <span class='ocr_line' id='line_1_33' title="bbox 123 3080 1137 3165; baseline -0.001 -19"><span class='ocrx_word' id='word_1_258' title='bbox 123 3081 217 3146; x_wconf 75' lang='lat' dir='ltr'><strong>exere·</strong></span> <span class='ocrx_word' id='word_1_259' title='bbox 246 3101 315 3146; x_wconf 84' lang='lat' dir='ltr'><strong>eum</strong></span> <span class='ocrx_word' id='word_1_260' title='bbox 342 3080 444 3147; x_wconf 87' lang='lat' dir='ltr'><strong>debere</strong></span> <span class='ocrx_word' id='word_1_261' title='bbox 464 3081 643 3165; x_wconf 75' lang='lat' dir='ltr'><strong>pemriem,</strong></span> <span class='ocrx_word' id='word_1_262' title='bbox 674 3082 704 3146; x_wconf 87' lang='lat' dir='ltr'><strong>si</strong></span> <span class='ocrx_word' id='word_1_263' title='bbox 729 3081 838 3147; x_wconf 78' lang='lat' dir='ltr'><strong>ureris</strong></span> <span class='ocrx_word' id='word_1_264' title='bbox 864 3082 987 3145; x_wconf 79' lang='lat' dir='ltr'><strong>romine</strong></span> <span class='ocrx_word' id='word_1_265' title='bbox 1013 3081 1137 3162; x_wconf 86' lang='lat' dir='ltr'><strong>dederit</strong></span> 
     </span>
    </p>
   </div>
   <div class='ocr_carea' id='block_1_5' title="bbox 123 3169 1136 3391">
    <p class='ocr_par' dir='ltr' id='par_1_8' title="bbox 123 3169 1127 3342">
     <span class='ocr_line' id='line_1_34' title="bbox 123 3169 681 3252; baseline 0.002 -18"><span class='ocrx_word' id='word_1_266' title='bbox 123 3169 228 3252; x_wconf 83' lang='lat' dir='ltr'><strong>ipsum</strong></span> <span class='ocrx_word' id='word_1_267' title='bbox 250 3171 290 3234; x_wconf 82' lang='lat' dir='ltr'><strong>ab</strong></span> <span class='ocrx_word' id='word_1_268' title='bbox 311 3190 405 3234; x_wconf 75' lang='lat' dir='ltr'><strong>reare</strong></span> <span class='ocrx_word' id='word_1_269' title='bbox 428 3170 589 3234; x_wconf 78' lang='lat' dir='ltr'><strong>literatum</strong></span> <span class='ocrx_word' id='word_1_270' title='bbox 611 3190 681 3236; x_wconf 86' lang='lat' dir='ltr'><strong>esse.</strong></span> 
     </span>
     <span class='ocr_line' id='line_1_35' title="bbox 215 3257 1136 3391; baseline -0.007 -68"><span class='ocrx_word' id='word_1_271' title='bbox 215 3258 266 3323; x_wconf 92' lang='grc'><strong>19.</strong></span> <span class='ocrx_word' id='word_1_272' title='bbox 283 3258 322 3322; x_wconf 93' lang='lat' dir='ltr'>D</span> <span class='ocrx_word' id='word_1_273' title='bbox 327 3258 380 3343; x_wconf 88' lang='grc'><strong><em>24</em></strong></span> <span class='ocrx_word' id='word_1_274' title='bbox 387 3258 416 3342; x_wconf 88' lang='grc'><strong>3,</strong></span> <span class='ocrx_word' id='word_1_275' title='bbox 422 3259 473 3323; x_wconf 87' lang='grc'><strong>60.</strong></span> <span class='ocrx_word' id='word_1_276' title='bbox 506 3259 660 3324; x_wconf 83' lang='lat' dir='ltr'><strong>Proculus</strong></span> <span class='ocrx_word' id='word_1_277' title='bbox 677 3258 759 3323; x_wconf 89' lang='lat' dir='ltr'><strong>libro</strong></span> <span class='ocrx_word' id='word_1_278' title='bbox 775 3257 888 3342; x_wconf 87' lang='lat' dir='ltr'><strong>quinto</strong></span> <span class='ocrx_word' id='word_1_279' title='bbox 903 3257 1136 3391; x_wconf 84' lang='lat' dir='ltr'><strong>Epistularum</strong></span> 
     </span>
    </p>
   </div>
   <div class='ocr_carea' id='block_1_6' title="bbox 177 3396 563 3608">
    <p class='ocr_par' dir='ltr' id='par_1_9' title="bbox 194 3396 563 3608">
     <span class='ocr_line' id='line_1_36' title="bbox 194 3396 508 3466; baseline 0.003 -15"><span class='ocrx_word' id='word_1_280' title='bbox 194 3403 210 3451; x_wconf 90' lang='lat'>1</span> <span class='ocrx_word' id='word_1_281' title='bbox 233 3397 307 3453; x_wconf 75' lang='lat' dir='ltr'><strong>Trite.</strong></span> <span class='ocrx_word' id='word_1_282' title='bbox 326 3396 508 3466; x_wconf 88' lang='lat' dir='ltr'><strong>promisisset.</strong></span> 
     </span>
     <span class='ocr_line' id='line_1_37' title="bbox 177 3467 462 3538; baseline -0.008 -14.87"><span class='ocrx_word' id='word_1_283' title='bbox 177 3477 211 3523; x_wconf 97' lang='grc'><strong><em>2</em></strong></span> <span class='ocrx_word' id='word_1_284' title='bbox 233 3468 309 3523; x_wconf 71' lang='lat' dir='ltr'><strong>Trite.</strong></span> <span class='ocrx_word' id='word_1_285' title='bbox 328 3467 462 3538; x_wconf 88' lang='lat' dir='ltr'><strong>promisit.</strong></span> 
     </span>
     <span class='ocr_line' id='line_1_38' title="bbox 194 3539 563 3608; baseline -0.011 -13"><span class='ocrx_word' id='word_1_286' title='bbox 194 3547 210 3595; x_wconf 87' lang='grc'><strong>3</strong></span> <span class='ocrx_word' id='word_1_287' title='bbox 231 3539 307 3595; x_wconf 75' lang='lat' dir='ltr'><strong>rra.</strong></span> <span class='ocrx_word' id='word_1_288' title='bbox 325 3539 492 3608; x_wconf 85' lang='lat' dir='ltr'><strong>promissum</strong></span> <span class='ocrx_word' id='word_1_289' title='bbox 512 3539 563 3592; x_wconf 88' lang='lat' dir='ltr'><strong>est.</strong></span> 
     </span>
    </p>
   </div>
   <div class='ocr_carea' id='block_1_7' title="bbox 0 0 1309 3902">
    <p class='ocr_par' dir='ltr' id='par_1_10' title="bbox 0 0 1309 3902">
     <span class='ocr_line' id='line_1_39' title="bbox 0 0 1309 3902; baseline 0 0"><span class='ocrx_word' id='word_1_290' title='bbox 0 0 1309 3902; x_wconf 95' lang='lat' dir='ltr'><strong> </strong></span> 
     </span>
    </p>
   </div>
  </div>
 </body>
</html>
