2580 3900
182 203 245 268 158
260 204 308 260 ΙΙΙ.
318 204 395 260 GAII
404 202 551 260 CLAUDII
560 203 696 260 NERON.
707 203 852 261 GALBAE
863 204 970 260 TEMP.
981 204 1076 260 IURIS
1087 202 1194 262 CONS.

180 372 230 432 ter
249 389 321 432 eum
340 366 500 451 mancipio
521 367 590 432 dari
609 367 733 449 debere,
751 368 827 453 quie
845 369 916 453 lege
930 366 993 432 XII
1007 367 1195 434 tabularum

180 461 309 522 cautum
332 457 383 539 sit,
407 457 469 540 (ne
489 457 582 521 aliter
600 456 688 521 filius
707 457 746 521 de
765 461 927 542 potestate
945 457 1071 541 patris>
1091 461 1198 542 exeat,

180 545 328 630 quamsi
350 548 401 610 ter
424 545 521 610 fuerit
544 547 758 629 mancipatus.

524 687 575 753 Dc
596 689 709 753 domno
732 688 850 769 infecto.

271 796 320 861 78.
357 792 395 857 Ι).
420 795 473 877 39,
491 793 522 880 2,
541 795 593 860 26.
651 792 811 875 Ulpianus
848 794 932 859 libro
969 795 1196 878 octogensimo

181 883 285 967 primo
314 883 354 948 ad
382 883 521 947 edictum
549 880 600 970 (P.
622 880 747 969 libell).
778 919 814 929 -
846 882 1000 948 Proculus
1029 885 1089 966 ait,
1120 905 1196 948 cum

180 973 252 1055 quis
280 973 350 1037 iure
379 972 457 1056 quid
484 973 518 1036 in
547 994 604 1036 suo
634 972 766 1054 faceret,
798 973 945 1055 quemvis
973 971 1197 1056 promississet

180 1060 289 1126 damni
311 1061 422 1126 infecti
445 1060 560 1139 vicine,
586 1064 784 1126 nontamen
809 1082 881 1125 eum
905 1062 1006 1125 teneri
1031 1083 1067 1126 ea
1091 1061 1196 1146 stipu-

179 1149 316 1231 latione,
342 1151 445 1215 veluti
473 1151 500 1214 si
526 1151 617 1214 iuxta
640 1171 713 1214 mea
735 1149 880 1214 aedificia
903 1148 1023 1214 habeas
1048 1150 1196 1214 aedificia

180 1260 280 1322 euque
304 1241 373 1304 iure
396 1246 452 1303 tuo
478 1239 576 1302 altius
600 1239 707 1316 tollas,
731 1242 787 1302 aut
811 1238 893 1302 siin
911 1240 1017 1303 vicino
1036 1243 1093 1303 tuo
1113 1261 1195 1325 agro

180 1329 329 1394 cuniculo
352 1328 403 1392 vel
420 1327 510 1391 fossa
529 1349 646 1410 aquam
665 1349 770 1391 meam
789 1349 916 1410 avoces3
940 1328 1088 1411 quamvis
1107 1329 1195 1392 enim

181 1422 214 1483 et
236 1418 290 1482 hie
314 1439 432 1502 aquam
454 1416 535 1482 mihi
558 1415 697 1480 abducas
714 1419 754 1481 'et
776 1416 842 1482 illic
865 1416 1040 1482 luminibus
1060 1417 1197 1500 efficias,

181 1513 290 1571 tamen
310 1528 349 1571 ex
369 1528 406 1570 ea
425 1505 635 1589 stipulatione
654 1505 814 1569 actionem
829 1505 909 1569 mihi
923 1527 988 1569 non
1002 1510 1196 1590 competere,

181 1595 329 1681 [scilicet
351 1596 510 1678 quianon
530 1593 644 1658 debeat
664 1594 762 1658 videri
780 1594 809 1657 is
829 1593 982 1658 damnum
1001 1593 1114 1679 facere,
1137 1596 1195 1678 qui

180 1706 218 1750 eo
243 1685 343 1748 veluti
362 1685 462 1767 lucro,
486 1704 549 1767 quo
569 1682 673 1747 adhuc
691 1682 852 1766 utebatur,
875 1682 1091 1768 prohibetur],
1113 1684 1196 1747 mul·

179 1777 312 1857 tumque
332 1773 498 1854 interesse,
515 1777 623 1836 utrum
644 1771 797 1835 damnum
815 1772 886 1854 quis
905 1771 1014 1854 faciat,
1033 1794 1075 1836 an
1093 1771 1195 1858 lucre,

180 1862 265 1945 quod
290 1861 393 1926 adhuc
416 1862 567 1940 faciebat,
592 1861 640 1925 uti
662 1860 880 1946 prohibeatur.

266 1955 389 2014 Pernioe
412 1948 457 2014 11²
478 1976 506 2033 p.
522 1957 563 2015 49
588 1975 616 2013 n.
633 1957 662 2014 2.

270 2039 320 2105 79.
342 2039 381 2104 D.
394 2040 444 2122 10,
453 2040 483 2122 3,
493 2038 524 2106 5.
563 2038 719 2122 Ulpianus
733 2037 818 2102 libro
833 2037 971 2102 secundo
987 2037 1025 2102 ad
1041 2036 1194 2104 Urseium

178 2127 332 2192 Ferocem
356 2126 405 2214 (P.
421 2125 509 2215 897).
534 2165 572 2174 -
598 2127 655 2212 (ἱ.
680 2126 793 2192 scribit
815 2124 970 2211 Iulianus,
994 2126 1021 2191 si
1046 2128 1136 2192 missi
1159 2129 1194 2192 in

177 2219 415 2300 possessionem
457 2217 569 2281 damni
609 2215 720 2281 infecti
761 2215 861 2280 simus
903 2219 936 2280 et
977 2219 1052 2280 ante
1094 2238 1193 2300 quam
1282 2265 1283 2296 3

176 2305 341 2389 possidere
371 2306 568 2387 laberemur,
601 2326 661 2389 ego
692 2303 832 2369 insulam
859 2303 994 2385 fulsere,
1026 2309 1193 2389 sumptum
1282 2307 1283 2326 ¹

177 2398 276 2460 istum
309 2396 470 2460 communi
501 2393 676 2460 dividundo
709 2392 828 2458 iudicio
861 2392 1014 2478 consequi
1048 2415 1098 2458 me
1125 2415 1192 2458 non

176 2482 292 2569 posse?
338 2483 376 2549 D.
397 2485 447 2564 10,
466 2486 497 2567 3,
514 2486 545 2568 4,
562 2479 609 2571 4).
655 2483 709 2548 sed
738 2481 766 2546 si
797 2504 849 2546 res
876 2503 941 2547 non
969 2481 1193 2548 defenderetur

177 2578 210 2639 et
236 2574 308 2639 ideo
335 2573 416 2639 iussi
444 2596 554 2639 sumus
582 2595 603 2637 a
628 2579 776 2656 praetore
804 2592 858 2636 eas
887 2570 980 2636 aedes
1008 2570 1192 2654 possiderel

177 2666 210 2727 et
237 2685 276 2728 ex
304 2664 365 2728 hoc
389 2662 565 2728 dominium
589 2683 699 2727 earum
722 2661 994 2742 nancisceremur,
1022 2661 1194 2744 respondit

176 2751 334 2818 Proculus
362 2753 524 2818 communi
552 2751 724 2817 dividundo
748 2750 866 2815 iudicio
889 2753 1015 2834 partem
1040 2749 1108 2814 eius
1132 2750 1191 2814 im·

176 2863 295 2925 pensae
319 2863 369 2905 me
394 2846 599 2906 servaturum
624 2862 704 2906 esse.

266 2935 482 3012 Fragmentum
492 2934 757 3011 inResponserum
766 2932 863 3009 capita
874 2937 973 2992 errore
984 2933 1125 2992 omissum
1136 2937 1191 2993 est.

266 3018 319 3083 80.
342 3017 381 3084 D.
391 3017 442 3096 39,
452 3018 483 3095 2,
493 3018 546 3083 32.
587 3017 688 3081 Gaius
711 3017 793 3081 libro
817 3015 991 3082 vicensimo
1016 3020 1130 3081 octavo
1150 3017 1191 3082 ad

177 3105 315 3170 edictum
338 3106 533 3190 provinciale
554 3102 602 3190 (P.
616 3102 707 3191 371).
726 3141 768 3150 -
788 3151 813 3168 ..
837 3105 865 3168 si
887 3127 968 3170 unas
990 3105 1084 3170 aedes
1103 3126 1190 3170 com·

177 3215 289 3258 munes
313 3199 418 3259 tecum
441 3193 541 3258 habui
564 3215 683 3278 eaeque
706 3193 820 3258 vitium
844 3193 967 3258 faciant
988 3200 1020 3257 et
1038 3194 1124 3259 circa
1141 3216 1190 3258 re·

176 3283 350 3348 fectionem
377 3303 486 3347 earum
511 3304 636 3347 cessare
660 3280 812 3366 videaris,
839 3284 942 3347 nostri
965 3285 1190 3366 praeceptores
1277 3311 1278 3318 ¹

177 3377 299 3455 negant
322 3392 434 3435 cavere
457 3376 489 3434 te
514 3370 636 3457 debere,
659 3371 735 3454 quie
757 3371 826 3454 ipse
849 3371 978 3436 reficere
1000 3369 1122 3454 possim
1141 3394 1190 3436 re·
1276 3389 1278 3454 ;

250 3515 263 3563 1
292 3508 377 3564 Lenel
404 3509 435 3564 P.
455 3514 505 3565 897
534 3510 586 3566 ait:
616 3507 779 3565 ‘verisimile
807 3511 851 3563 est
878 3507 1017 3563 Iulianum
1044 3509 1190 3564 interdicti
1276 3551 1277 3554 .

179 3581 267 3646 Quem
285 3579 401 3636 fundum
421 3581 589 3636 mentionem
608 3580 728 3638 fecisse'.

1275 3501 1277 3540 l

1275 3557 1277 3624 l

1274 3767 1276 3784 ,

1273 3785 1276 3857 l
