2596 3902
494 201 518 252 ⁵1.
537 193 725 250 PROOULUS
1052 195 1113 260 107

98 381 185 424 mors
211 361 267 422 aut
291 357 423 422 exilium
446 360 541 422 esset.
583 358 639 442 qui
659 380 779 424 nomen
797 358 922 440 detulit,
946 380 1114 425 accusasse

99 447 336 532 intellegendus
363 450 426 530 est,
448 447 514 511 nisi
538 447 748 512 abolitionem
771 446 868 532 petit,
895 449 992 533 idque
1016 449 1114 514 etiam

99 536 237 601 Proculo
263 536 423 620 placuisse
447 527 603 601 Servilius
628 537 737 600 refert.

186 647 252 708 Hoc
274 649 487 726 fragmentum,
511 667 576 707 eum
601 647 746 708 Servilius
769 649 857 708 testis
880 649 1031 726 laudetur,
1054 669 1114 710 non

98 740 170 796 ncta
192 737 231 796 ad
254 737 424 797 Labeonem
447 735 567 814 scripta,
595 737 647 796 sed
669 756 846 813 responsum
865 738 1036 797 habendum
1058 745 1113 798 est.

96 829 230 886 ceterum
255 826 291 885 cf.
315 825 446 885 incertae
469 823 548 884 sedis
570 826 743 904 fragmenta
764 826 845 886 infra
867 846 893 901 p.
911 829 982 888 141.

516 980 566 1045 Dc
588 981 699 1064 legatis.

185 1105 218 1169 4.
246 1104 285 1168 D.
303 1105 356 1188 23,
375 1106 405 1188 3,
423 1105 476 1182 48,
498 1105 524 1169 1.
569 1104 661 1169 Idem
688 1104 747 1188 (sc.
769 1101 930 1190 Iulianus)
953 1105 1039 1170 libro
1064 1128 1113 1170 se-

98 1194 201 1258 cundo
226 1194 267 1256 ad
288 1192 439 1259 Urseium
457 1192 612 1258 Ferocem
635 1189 685 1279 (P.
700 1193 790 1278 892).
812 1231 851 1240 -
873 1192 971 1259 Socer
994 1215 1113 1278 genero

100 1303 156 1346 suo
190 1283 239 1348 sic
270 1283 451 1367 legaverat:
484 1280 596 1347 ‘Lucio
625 1282 711 1348 Titio
744 1281 830 1347 filiae
863 1303 953 1369 meae
981 1283 1113 1348 nomine

97 1376 227 1436 centum
246 1372 338 1436 heren
358 1392 448 1436 meus
467 1371 602 1439 damnas
622 1377 691 1436 esto
711 1370 809 1436 dare'.
842 1372 926 1436 hanc
942 1372 1112 1454 pecuniam

100 1480 254 1544 generum
290 1464 400 1544 pctore
437 1460 566 1539 debere,
608 1464 756 1526 exactam
793 1467 959 1546 acceptam
994 1461 1112 1544 legatis

99 1548 225 1633 referri,
254 1549 311 1614 scd
339 1548 461 1632 <nihilo
489 1549 596 1614 miuus
624 1549 709 1614 dotis
739 1571 810 1614 esse
836 1549 958 1615 factam
989 1549 1044 1635 et>
1066 1549 1114 1613 di-

99 1638 203 1702 vortio
235 1637 322 1703 facto
353 1639 401 1703 rei
431 1637 576 1704 uccrice¹
604 1639 731 1704 actione
760 1639 887 1703 mulieri
914 1639 1110 1703 reddendam

98 1723 251 1791 Proculus
275 1727 441 1810 respoudit
460 1730 507 1807 [et
525 1727 627 1792 nihilo
648 1727 753 1792 minus
774 1727 859 1793 dotis
879 1749 949 1793 csse
967 1728 1110 1808 faetaml.

187 1815 218 1880 5.
247 1814 286 1878 D.
305 1815 358 1897 34,
378 1815 408 1898 2,
427 1817 479 1900 32,
498 1815 528 1882 5.
574 1816 694 1881 Paulus
721 1816 805 1881 libro
830 1819 967 1882 secundo
993 1817 1033 1881 ad
1057 1816 1113 1881 Vi-

96 1905 227 1968 tellium
260 1900 309 1990 (P.
329 1902 457 1991 sorel).
486 1941 527 1952 -
556 1904 708 1970 Neratius
735 1904 907 1970 Proculum
940 1905 1041 1970 refert
1066 1907 1113 1970 ita

99 1992 321 2078 respondisse:
360 1995 447 2058 vasis
485 1995 646 2059 electrinis
680 1993 798 2078 legatis
830 1995 914 2059 nihil
946 1996 1113 2078 interesse,

95 2088 257 2164 quantum
287 2103 326 2146 ea
352 2104 445 2168 vasa,
477 2083 514 2146 de
543 2084 660 2166 quibus
688 2084 867 2166 quaeritur,
901 2085 1029 2170 argenti
1057 2089 1114 2148 aut

97 2170 210 2235 electri
232 2170 391 2255 habeant,
414 2172 470 2236 sed
494 2176 602 2238 utrum
625 2177 796 2256 argentum
819 2173 939 2238 electro
964 2195 1007 2236 an
1030 2173 1112 2238 elec-

97 2261 186 2323 trum
216 2264 353 2344 argento
377 2259 478 2325 cedat.
529 2261 561 2326 id
584 2283 623 2325 ex
647 2264 780 2344 aspectu
804 2283 956 2326 vasorum
984 2260 1112 2326 facilius

96 2346 246 2432 intellegi
272 2369 382 2432 posse,
411 2349 495 2433 quod
524 2349 552 2415 si
579 2350 614 2414 in
642 2350 779 2416 obscuro
803 2351 855 2433 sit,
877 2349 1112 2434 inspiciendum

95 2441 156 2588 lest,
180 2437 214 2500 in
237 2439 313 2502 utro
335 2459 469 2502 numero
489 2461 526 2504 ca
544 2460 623 2504 vasa
640 2439 679 2522 is,
702 2441 756 2524 qui
776 2443 1008 2504 testamentum
1027 2441 1113 2521 fecit,

120 2526 257 2590 abuerit.

189 2614 219 2679 6.
244 2613 284 2678 D.
298 2615 352 2699 31,
365 2615 417 2680 20.
452 2614 543 2680 Idem
562 2613 621 2702 (sc.
634 2614 762 2701 Celsus)
781 2616 864 2680 libro
883 2635 970 2679 nono
990 2615 1112 2680 decimo

97 2701 311 2786 Digestorum
334 2702 382 2789 (P.
400 2701 488 2790 158).
511 2741 553 2752 -
577 2703 758 2769 ..Proculo
778 2704 949 2788 placebat.
964 2755 971 2768 .
986 2753 1003 2786 .,
1026 2703 1113 2787 quod

95 2813 190 2858 seruo
215 2792 377 2857 communi
400 2793 544 2878 legatum
569 2795 620 2876 sit,
643 2795 672 2858 si
693 2793 776 2858 alter
794 2792 998 2856 dominorum
1017 2792 1111 2857 cmit-

94 2883 191 2963 teret,
215 2879 311 2945 alteri
329 2903 395 2946 non
415 2883 613 2967 adcrescerc3
635 2883 805 2947 nonenim
825 2881 1032 2966 coniunctim,
1056 2883 1111 2946 sed

94 2973 208 3052 partes
227 2969 368 3054 legatas3
385 2992 463 3035 nam
483 2971 578 3036 ambo
594 2970 623 3036 si
637 2971 846 3053 vindicarent,
865 2993 937 3034 eam
952 2993 1110 3056 quemque

94 3059 198 3143 legati
220 3063 347 3142 partem
370 3059 571 3144 habiturum,
595 3082 693 3144 quam
716 3060 750 3125 in
774 3081 868 3125 servo
892 3060 1036 3125 haberet.

418 3218 468 3284 De
489 3220 792 3285 manumissionibus.

190 3343 217 3407 7.
248 3341 286 3407 D.
305 3342 358 3426 40,
376 3343 407 3428 9,
428 3344 456 3425 7,
477 3344 503 3408 1.
550 3341 696 3408 Iulianus
719 3344 804 3410 libro
828 3345 965 3408 secundo
989 3343 1028 3408 ad
1052 3343 1113 3408 Ur·

101 3432 207 3498 seium
230 3431 384 3497 Ferocem
408 3431 457 3518 (P.
472 3431 562 3516 903).
584 3467 628 3480 -·-
651 3431 759 3497 Minor
782 3432 875 3496 annis
900 3431 1017 3515 viginti
1040 3451 1113 3494 cum

167 3575 183 3624 1
206 3571 283 3627 rac.
303 3556 337 3626 st
357 3570 432 3627 cose.
