2590 3902
436 223 461 272 9.
481 215 633 271 castrus
653 215 805 270 SABINUS
1062 215 1126 280 251

112 381 216 447 teneri
239 377 389 446 Caelius1
417 379 477 462 ait,
503 379 636 464 perinde
664 401 702 444 ao
729 379 757 443 si
780 378 972 443 nominatim
996 378 1129 445 morbus

112 475 265 555 exceptus
285 469 400 534 fuisset
419 469 473 548 [ad
492 490 547 533 eos
562 467 648 532 enim
663 467 795 533 morbos
809 468 952 553 vitiaque
966 468 1128 552 pertinere

112 559 253 626 edietum
277 557 430 623 aedilium
451 556 655 642 probandum
679 561 738 642 est,
764 579 846 642 quae
870 559 941 642 quis
965 557 1130 642 ignoravit

111 649 163 714 vel
186 649 340 732 ignorare
364 649 495 731 potuit}

200 737 231 802 4.
264 735 347 802 Gall.
361 735 393 820 4,
409 737 501 816 2,11.
518 771 555 782 -
573 733 622 800 De
636 756 753 820 myope
768 756 904 818 quoque,
918 736 973 819 qui
987 736 1130 800 luscitio-

111 849 165 892 sus
180 825 299 890 Latine
315 825 507 910 appellatur,
522 823 705 889 dissensum
720 827 782 908 est,
802 824 857 888 alii
873 824 959 887 enim
972 825 1129 889 rethiberi

111 914 298 981 omnimodo
327 914 457 992 debere,
484 914 543 978 alii
571 917 698 997 eontra,
725 912 788 976 nisi
816 911 849 976 id
876 913 992 978 vitium
1015 915 1129 978 morbo

112 1007 316 1070 contractum
339 1006 434 1068 esset.

201 1091 244 1158 5?
276 1091 322 1156 Id.
343 1093 394 1157 12.
418 1129 459 1139 -
483 1091 568 1156 Eum
596 1139 631 1156 ..
658 1090 812 1154 euidens
836 1089 971 1171 deesset,
1001 1088 1129 1155 Servius

111 1181 269 1247 rethiberi
295 1202 391 1265 posse
410 1179 593 1264 respondit,
615 1179 724 1244 Labeo
749 1179 784 1243 in
809 1200 908 1244 eausa
931 1199 1001 1242 esse
1024 1178 1129 1242 redhi-

113 1270 211 1336 bendi
233 1271 375 1355 negavit.
415 1291 492 1334 nam
515 1273 547 1333 et
569 1287 699 1352 magna,
721 1268 837 1353 inquit,
860 1288 936 1351 pars
961 1270 994 1330 et
1013 1288 1042 1350 q.
1061 1289 1085 1332 s.

201 1365 239 1423 V.
261 1382 353 1440 supra
375 1363 416 1437 Π,
432 1367 449 1422 1
466 1384 494 1439 p.
510 1365 583 1424 143.

202 1467 246 1533 6·.
273 1465 440 1531 Id.9.10.
463 1501 506 1512 -
530 1464 579 1529 De
603 1465 714 1529 sterila
738 1513 767 1528 ..
791 1462 938 1546 muliere,
967 1461 994 1525 si
1017 1461 1130 1526 nativa

112 1555 288 1622 sterilitate
306 1556 358 1635 sit,
382 1553 572 1618 Trebatium
590 1558 704 1619 eontra
721 1552 906 1618 Labeonem
924 1549 1129 1633 respondisse

113 1647 233 1710 dieunt.
277 1666 355 1707 nam
382 1664 455 1707 oum
482 1643 640 1708 rethiberi
668 1665 740 1708 eam
762 1641 872 1706 Labeo
901 1639 995 1724 quasi
1022 1640 1129 1704 minus

19 1809 20 1816 ,
113 1755 226 1799 sanam
244 1735 401 1818 putasset,
419 1752 556 1816 negasse
576 1731 668 1796 aiunt
686 1731 876 1796 Trebatium
894 1752 933 1793 ex
951 1729 1056 1794 edicto
1076 1728 1131 1812 agi

19 1883 20 1906 ,
111 1844 219 1908 posse,
239 1821 268 1886 si
287 1843 325 1887 ea
343 1820 460 1886 mulier
480 1820 672 1906 aprinoipio
687 1820 823 1906 genitali
842 1819 1016 1884 sterilitate
1036 1822 1130 1883 esset.

112 1917 146 1978 at
170 1912 200 1976 si
223 1910 370 1976 valitudo
395 1910 464 1974 eius
488 1909 675 1974 offendisset
695 1931 797 1994 exque
816 1931 854 1974 ea
873 1909 988 1974 vitium
1006 1907 1130 1973 factum

19 2003 20 2074 Ῠ
113 2006 213 2082 esset,
236 2004 273 2064 ut
297 1999 465 2082 concipere
487 1999 572 2064 fetus
595 2020 662 2064 non
684 2002 810 2082 posset,
832 2003 903 2063 tum
926 2019 1039 2062 sanam
1062 2019 1131 2060 non

19 2135 20 2176 3
113 2088 217 2155 videri
240 2092 274 2152 et
296 2109 365 2152 esse
388 2089 423 2151 in
448 2109 545 2154 eausa
566 2087 796 2153 rethibitionis.

202 2175 248 2243 bb.
281 2176 321 2241 D.
339 2178 392 2259 21,
413 2176 442 2260 l,
462 2176 512 2259 14,
531 2177 560 2242 3.
584 2213 626 2222 -
655 2176 814 2259 Ulpianus
841 2176 926 2240 libro
953 2175 1060 2258 primo
1090 2174 1130 2238 ad

110 2267 256 2333 edietum
287 2265 440 2330 aedilium
468 2266 627 2330 curulium
654 2263 703 2352 (P.
725 2262 849 2352 17602).
882 2301 919 2311 —
949 2264 998 2328 De
1026 2262 1129 2328 sterili

113 2355 244 2422 (laelius
264 2355 463 2438 distinguere
477 2353 665 2419 Trebatium
684 2353 770 2437 dicit,
784 2356 821 2418 ut
836 2355 864 2418 si
877 2356 994 2417 natura
1008 2352 1130 2417 sterilis

114 2447 171 2529 sit,
196 2466 276 2510 sana
301 2444 357 2525 sit,
380 2439 408 2507 si
431 2443 510 2508 vitio
534 2446 692 2526 eorporis,
715 2448 838 2508 eontra.

204 2532 246 2598 7?
271 2531 354 2598 Gall.
368 2533 398 2617 4,
412 2532 444 2614 2,
457 2533 553 2598 6-8.
577 2568 616 2579 -
640 2531 690 2596 De
718 2531 863 2596 eunucho
888 2579 922 2595 ..
946 2529 1131 2614 quaesitum

113 2628 172 2707 est,
197 2645 239 2687 an
262 2626 378 2687 eontra
400 2621 540 2685 edietum
563 2620 716 2685 aedilium
735 2619 901 2685 videretur
919 2617 1132 2700 venundatus,

114 2714 141 2776 si
164 2715 352 2798 ignorasset
375 2713 512 2793 emptor,
535 2731 609 2774 eum
630 2710 812 2774 eunuchum
830 2729 910 2772 esse.
947 2707 1130 2772 Labeonem

19 2803 20 2882 ᾗ
113 2799 320 2884 respondisse
345 2798 450 2881 aiunt,
473 2798 630 2863 rethiberi
652 2818 748 2883 posse
772 2797 865 2881 quasi
889 2796 1086 2861 morbosum.

19 2927 20 2936 =
204 2889 235 2954 8.
259 2887 299 2952 D.
314 2888 366 2971 21,
383 2890 411 2970 1,
427 2889 523 2973 11,1ι
568 2885 727 2972 Ulpianus
750 2887 833 2950 libro
856 2887 961 2969 primo
986 2885 1026 2950 ad
1050 2883 1131 2948 edie-

112 2983 183 3043 tum
208 2977 363 3043 aedilium
386 2977 544 3041 curulium
569 2975 619 3061 (P.
635 2973 755 3061 17612).
783 3012 820 3022 —
847 2973 975 3041 Caelius
1000 3023 1025 3039 ..
1049 2973 1132 3058 fugi·

19 3111 20 3152 ,
113 3068 217 3132 tivum
250 3087 319 3130 esse
353 3066 400 3129 ait
430 3087 516 3149 eum,
549 3065 605 3150 qui
633 3087 670 3130 ea
697 3067 805 3130 mente
833 3064 989 3147 discedat,
1021 3085 1062 3128 ne
1091 3062 1131 3127 ad

114 3155 284 3222 dominum
310 3155 434 3239 redeat,
461 3154 592 3218 tametsi
615 3157 741 3219 mutato
765 3153 900 3220 oonsilio
925 3153 965 3217 ad
989 3174 1063 3217 eum
1084 3174 1132 3216 re·

114 3249 274 3328 vertutum
298 3261 385 3309 aomo
408 3245 488 3308 enim
506 3243 564 3308 tuli
577 3249 706 3326 peceato,
724 3243 843 3328 inquit,
859 3243 1055 3326 paenitentia
1073 3261 1133 3306 aaa

114 3354 224 3400 nocens
246 3352 308 3398 esse
329 3333 450 3398 desinit.

204 3427 419 3505 0111412,
440 3428 481 3487 60
509 3425 658 3502 Ulpianus
689 3427 767 3486 libro
799 3424 897 3502 primo
930 3425 968 3484 ad
1000 3422 1132 3482 edietum

187 3601 202 3650 1
222 3597 270 3652 m.
289 3593 437 3652 Caecilius.
