2614 3912
163 215 231 280 440
266 215 299 270 V.
319 213 468 271 NERVAE
486 214 532 269 ΕΤ
550 214 703 269 TRAIANI
721 214 828 272 ΤΕΜΡ.
847 214 943 270 IURJS
963 214 1141 271 consum

161 383 239 444 libro
258 382 313 441 XV
336 382 373 442 de
392 382 483 443 furtis
504 383 618 444 dietum
636 382 729 444 fuisse
748 386 882 460 apparet.
918 383 978 442 alia
996 387 1066 444 sunt
1083 383 1175 459 plane

161 472 290 551 ineerts3
320 472 449 532 fortasse
482 470 515 532 in
544 473 757 532 nonnullorum
784 473 1022 549 fragmentorum
1048 472 1176 548 inserip-

162 560 295 621 tionibus
326 560 471 621 librorum
502 561 618 620 numeri
650 562 782 637 corrupti
809 563 887 620 sunt.
932 561 1113 638 ubicumque
1137 561 1176 620 de

162 668 276 710 oonexu
307 649 383 708 nihil
414 649 490 710 aerii
520 650 585 710 erui
616 651 728 727 potest,
760 649 931 729 fragmenta
956 651 1000 710 ita
1026 648 1176 727 disposui,

162 741 197 798 ut
219 757 267 799 res
289 738 441 800 commode
464 739 667 799 exhibeantur.

591 959 699 1020 Liber
721 959 744 1018 I.

537 1078 588 1144 De
610 1079 802 1144 testamentis.

414 1198 470 1274 Qui
492 1202 659 1259 testamenta
680 1199 778 1274 faeere
794 1205 927 1274 possunt.

253 1309 296 1374 1?
323 1309 363 1374 D.
381 1309 435 1393 28,
453 1309 484 1394 2,
503 1310 577 1395 opr.
623 1307 784 1394 Ulpianus
812 1310 896 1376 libro
924 1311 1019 1375 tertio
1048 1307 1089 1374 ud
1120 1308 1177 1374 Sa-

165 1398 287 1464 binum.
311 1435 352 1445 —
377 1401 472 1463 ..est
495 1398 687 1482 quaesitum,
710 1420 752 1463 un
775 1399 803 1463 is
827 1397 883 1484 qui
905 1420 1059 1484 generare
1079 1396 1176 1464 facile

162 1510 229 1553 non
248 1489 361 1572 possit,
379 1491 566 1573 postumum
585 1487 735 1552 heredem
754 1487 859 1552 fauere
878 1489 990 1574 possit,
1009 1491 1042 1552 et
1060 1485 1177 1553 scribit

165 1574 298 1642 Cassius
322 1580 355 1641 et
372 1576 543 1641 Iavolenus
565 1597 675 1661 posse3
698 1598 774 1641 num
797 1581 831 1641 et
852 1593 985 1642 uxorem
1008 1577 1122 1641 ducere
1143 1579 1178 1641 et

164 1666 317 1749 adoptare
348 1669 471 1750 potest3
505 1664 680 1748 spadonem
713 1686 839 1750 quoque
865 1687 961 1751 posse
988 1668 1177 1751 postumum

163 1754 314 1819 heredem
329 1754 468 1819 seribere
482 1758 516 1818 et
530 1752 637 1819 Labeo
652 1757 686 1818 et
699 1752 831 1819 Cassius
846 1754 1000 1837 scribunt,
1019 1753 1177 1839 quoniam

165 1864 223 1908 neo
247 1847 336 1907 aetas
359 1864 418 1907 neo
443 1842 597 1908 sterilitas
621 1843 651 1907 ei
673 1842 722 1908 rei
744 1843 973 1928 impedimento
998 1849 1054 1909 est.

384 2063 386 2068 ·
457 2043 504 2103 De
525 2045 675 2104 mactans
696 2046 886 2105 autionariis.
985 2069 988 2076 ·

253 2153 283 2217 2.
306 2152 345 2217 D.
360 2153 456 2236 28‚5,
472 2156 522 2219 14.
563 2154 737 2218 Iavolenus
761 2154 845 2219 libro
867 2154 972 2239 primo
996 2176 1035 2219 ex
1052 2152 1176 2220 Cassia.

168 2277 205 2289 —
228 2241 266 2308 Si
287 2243 357 2324 qais
378 2241 498 2309 medes
520 2244 565 2309 itu
588 2244 737 2308 instituit:
762 2242 878 2308 ‘Titius
897 2263 935 2306 en
950 2248 1043 2326 parte
1058 2244 1177 2326 prima,

167 2329 257 2398 Seius
279 2351 317 2396 aa
334 2337 425 2414 porte
445 2334 587 2410 sonando,
611 2331 756 2398 Maeuius
778 2352 816 2397 on
831 2337 924 2414 parte
945 2333 1044 2412 tertia,
1067 2329 1176 2414 Sulpi-

165 2421 231 2486 oins
252 2439 289 2485 en
305 2426 398 2503 parte
419 2427 532 2504 quartu
554 2421 674 2486 heredes
695 2419 811 2505 sunto,
837 2441 951 2502 aeqiuoe
968 2427 1074 2504 partes
1095 2420 1177 2485 hene-

164 2511 272 2575 ditatis
289 2512 333 2575 ad
348 2510 503 2576 institutos
515 2511 718 2592 pertinebant,
741 2511 816 2591 qnia
834 2514 957 2575 testator
973 2510 1177 2592 appellatione

164 2600 303 2664 numanis
320 2601 489 2681 scripturae
506 2601 606 2681 munis
623 2601 768 2678 ordinenn,
787 2619 881 2682 qaum
894 2599 1019 2664 mnam
1029 2598 1178 2681 partius

164 2689 344 2771 inposuisse
365 2689 489 2753 uidetur.

254 2779 283 2843 3.
308 2776 345 2841 D.
361 2778 413 2861 28,
427 2776 457 2860 ὃ,
473 2777 525 2843 64.
565 2774 736 2842 Iavolenus
758 2776 842 2842 libro
865 2776 972 2861 primo
996 2798 1034 2841 ex
1053 2773 1177 2841 Cassio.

165 2901 210 2911 -
227 2865 364 2930 Heredes
381 2867 447 2930 nne
458 2865 603 2948 partnhns
620 2870 727 2930 ntrnm
745 2866 930 2932 coniunctim
947 2886 991 2930 on
1007 2866 1177 2946 separatim

165 2954 349 3032 sentiantur,
376 2953 430 3019 hoo
456 2956 591 3036 interest,
617 2957 709 3037 qnod,
735 2956 764 3020 si
786 2955 855 3038 qais
877 2974 914 3018 ea
936 2954 1104 3019 nminnotas
1126 2954 1175 3018 olo·

166 3043 262 3124 cessit,
284 3062 347 3107 non
369 3045 413 3108 ud
433 3063 544 3121 omnes
566 3044 619 3107 sed
639 3045 682 3106 ud
697 3044 830 3126 reliquos
847 3044 901 3125 qni
917 3043 1070 3108 ooninnati
1087 3047 1178 3108 nunt

159 3131 309 3213 pertinet
341 3132 391 3194 sin
418 3136 521 3195 annm
544 3152 581 3196 en
608 3132 772 3214 separatas,
798 3133 842 3197 ad
866 3153 981 3212 omnes,
1008 3132 1062 3214 qni
1089 3135 1176 3196 testa·

165 3223 265 3283 mento
287 3219 387 3283 eodem
409 3221 515 3302 saepti
536 3223 612 3284 snnt
633 3221 764 3301 Ιιενεᾱθε,
781 3223 884 3303 portio
907 3222 972 3286 eins
987 3221 1130 3303 pertinet.

256 3307 284 3372 4.
312 3305 352 3371 D.
366 3307 419 3393 28,
433 3309 463 3389 2,
477 3308 507 3372 5.
552 3307 724 3372 Iavolenus
751 3308 835 3374 libro
862 3311 967 3393 primo
990 3331 1029 3373 ex
1053 3306 1175 3374 Cassio.

169 3433 208 3444 —
233 3397 356 3480 ideoque
377 3398 432 3480 qni
451 3401 629 3479 postumam
652 3396 788 3462 herem
805 3399 943 3464 institnit
957 3399 986 3463 si
1001 3402 1070 3480 post
1087 3401 1173 3462 testa
1296 3391 1298 3442 i

167 3491 302 3551 mentam
323 3486 441 3567 suanm
458 3486 592 3551 mutant
609 3486 852 3571 matrimonium,
874 3488 1079 3553 isinstiiatns
1095 3486 1174 3551 uiue·

167 3579 226 3655 inr,
248 3576 303 3656 qni
324 3595 361 3640 en
378 3577 545 3658 posteram
566 3576 764 3642 matrimonio
785 3581 878 3642 notas
900 3581 951 3641 est.
