2602 3906
186 217 250 283 516
556 213 828 270 ancirianam

466 377 514 443 De
535 399 619 460 aqua
637 379 747 460 pluvio
769 378 910 442 urceadu.

274 496 326 560 57.
355 493 394 558 D.
417 493 470 577 40,
499 494 527 575 7,
555 493 607 557 21.
653 491 850 577 Pomponius
879 492 961 557 libro
991 492 1134 576 septimo
1164 515 1204 557 ex

186 585 324 650 Plautio.
342 620 379 629 —
401 582 566 648 ...verba
585 582 667 667 legis
687 581 853 646 duodecim
872 581 1054 646 tabularum
1074 586 1204 646 veteres

186 673 392 757 interpretati
425 676 500 735 sunt
532 669 572 735 ‘si
605 694 688 756 aqua
720 671 830 754 pluvia
861 669 976 754 nocet',
1008 668 1042 733 id
1078 675 1131 734 est
1162 669 1204 735 ‘si

186 785 300 828 nocere
323 760 463 845 poterit'.
1028 771 1032 788 ·

556 848 605 913 De
622 848 823 930 postliminio.
852 918 860 932 ,

275 963 465 1048 tunm,
490 964 540 1046 16,
570 964 636 1028 234
663 986 712 1047 pr.
761 961 850 1027 Idem
879 960 935 1050 (sc.
965 959 1081 1050 Gaius)
1115 965 1201 1030 libro

187 1055 325 1120 secundo
356 1055 395 1117 ad
419 1053 524 1137 legem
551 1052 718 1117 duodecim
741 1052 935 1116 tabularum.
958 1088 1002 1098 —
1026 1051 1116 1128 Quos
1140 1076 1202 1118 nos

186 1145 297 1209 hostes
322 1142 531 1226 appellamus,
555 1162 610 1205 eos
634 1145 756 1206 veteres
780 1141 959 1224 perduelles
981 1142 1202 1227 appellabant,

185 1255 243 1317 per
258 1254 328 1298 eam
345 1230 556 1296 adiectionem
570 1229 749 1295 indicantes
764 1251 837 1294 cum
848 1229 962 1314 quibus
973 1230 1094 1295 bellum
1105 1237 1202 1296 esset

462 1404 498 1492 b)
527 1407 580 1471 De
603 1408 686 1472 iure
709 1406 927 1472 honorario.

523 1523 573 1587 Dc
595 1530 629 1587 ln
651 1524 701 1589 ius
722 1525 864 1589 vocando.

274 1641 326 1707 59.
359 1638 397 1703 D.
429 1640 460 1721 2,
492 1640 523 1716 4,
555 1640 585 1721 4,
617 1639 647 1702 2.
699 1637 859 1722 Ulpianus
891 1637 974 1703 libro
1009 1639 1124 1723 quinto
1158 1641 1200 1705 ad

187 1731 334 1795 edietum.
373 1765 415 1775 —
453 1727 591 1805 Quidam
629 1732 794 1808 parentem
831 1748 931 1811 usque
968 1728 1008 1791 ad
1042 1729 1201 1794 tritavum

187 1818 342 1903 appellari
370 1819 469 1901 aiunt,
499 1817 680 1900 superiores
708 1816 846 1881 maiores
875 1815 952 1901 dici;
981 1815 1043 1882 hoo
1073 1821 1200 1883 vetere·

187 1907 388 1971 existimasse
412 1905 608 1990 Pomponius
631 1904 738 1970 refert.

563 2056 612 2120 De
631 2056 826 2137 postulando.

276 2172 340 2237 60?
365 2171 403 2236 D.
418 2173 448 2253 3,
465 2173 493 2254 1,
509 2173 536 2254 1,
548 2172 577 2236 6.
610 2169 767 2254 Ulpianus
786 2172 871 2236 libro
887 2175 977 2236 sexto
995 2171 1034 2237 ad
1052 2173 1202 2240 edictum.

189 2299 227 2308 -
255 2311 284 2328 ..
308 2284 363 2327 eos
392 2261 447 2345 qui
474 2260 603 2324 virtutis
629 2259 846 2324 ostendendae
870 2282 968 2326 causa
991 2261 1052 2326 hoc
1076 2262 1202 2328 faciunt

187 2347 246 2438 (sc.
270 2372 342 2415 oum
366 2350 478 2425 bestiis
503 2346 702 2435 depugnant)
727 2350 797 2413 sine
821 2349 979 2428 mercede,
1006 2372 1071 2415 non
1096 2354 1201 2417 teneri

188 2441 280 2505 aiunt
306 2444 444 2522 veteres,
473 2439 534 2502 nisi
562 2440 596 2502 in
624 2439 745 2502 harena
768 2440 856 2522 passi
881 2444 956 2502 sunt
980 2460 1013 2504 se
1036 2439 1202 2505 honorari.

276 2542 419 2602 Veterum
446 2541 521 2600 hano
550 2541 729 2600 sententiam
757 2559 776 2599 a
799 2539 980 2601 Tritoniano
1008 2540 1110 2600 fictam
1136 2562 1202 2603 esse

187 2632 310 2692 Pemice
332 2631 452 2690 iudicat.

459 2758 520 2839 Qui
536 2779 597 2840 pro
619 2759 693 2823 aliis
714 2779 752 2823 ae
772 2758 931 2839 postileat.

277 2874 328 2939 61.
362 2873 469 2956 Spicil.
493 2873 626 2940 Solesm.
650 2874 696 2938 ed.
721 2872 812 2937 Pitra
834 2872 851 2937 Ι
877 2895 907 2956 p.
927 2873 1001 2938 282.
1038 2863 1201 2958 Ulpianus

188 2963 270 3027 libro
299 2963 339 3026 ad
368 2963 507 3027 edictum
532 2966 630 3027 sexto.
663 3000 706 3010 -
737 2961 924 3027 Invenimus
957 2962 1041 3046 apud
1076 2967 1202 3029 veteres

189 3050 332 3115 mulieris
366 3050 580 3134 appellatione
613 3052 873 3138 etiamvirgines
897 3051 1063 3117 contineri.

567 3200 617 3264 Dc
638 3202 705 3265 dolo
728 3203 818 3267 malo.

278 3304 330 3368 62.
354 3303 392 3367 D.
415 3306 446 3388 4,
469 3306 499 3390 3,
524 3307 551 3384 1,
575 3309 604 3370 3.
656 3305 814 3390 Ulpianus
842 3307 927 3373 libro
959 3308 1129 3374 undecimo
1162 3308 1202 3374 ad

191 3393 337 3457 edictum.
365 3427 402 3438 -
505 3397 628 3457 veteres
651 3395 760 3459 dolum
785 3397 881 3461 etiam
906 3398 1027 3461 bonum
1052 3397 1203 3462 dicebant

191 3488 224 3544 et
255 3503 312 3565 pro
347 3481 490 3545 sollertia
522 3481 584 3546 hoc
610 3504 729 3547 nomen
757 3484 956 3567 accipiebant
987 3485 1141 3565 [maxime
1173 3485 1202 3550 si

191 3571 344 3634 adversus
368 3569 494 3634 hostem
518 3570 742 3656 latronemque
766 3573 836 3656 quis
861 3573 1108 3654 machinetur?].
