2614 3912
170 229 236 294 354
272 229 305 283 V.
325 225 474 283 NERVAE
492 226 539 282 ET
560 225 713 281 TRAIANI
732 223 840 280 ΤΕΜΡ.
858 223 954 280 IUBIS
973 222 1153 279 CONSULTI

259 396 384 456 Pernioe
412 397 539 456 fortasse
568 395 603 454 66
634 394 709 454 iun's
741 393 819 454 sacri
851 393 984 472 collegiis
1017 405 1185 454 sermonem

171 504 235 546 esse
269 485 390 564 egregie
422 485 531 544 conicit
557 503 621 562 arg.
645 484 703 561 leg.
731 482 837 544 (66666.
859 502 884 543 6.
914 485 969 544 67:
1003 477 1088 543 ‘neve
1116 484 1184 559 quis

170 593 260 651 quem
286 575 318 633 in
342 573 510 653 conlegium
533 573 708 649 pontificum
730 572 834 650 kapito
858 572 1008 650 sublegito
1043 575 1184 648 cooptato

169 665 227 723 nisi
250 666 323 723 tunc
346 682 415 723 cum
432 663 532 723 minus
551 663 647 722 tribus
666 661 857 739 pontificibus
876 661 967 721 exiis
986 660 1037 739 qui
1051 660 1185 721 coloniae

171 751 334 814 Genetivae
358 755 429 814 sunt
452 746 562 812 erunt?

517 923 568 990 De
589 924 716 1007 nepottts
735 923 836 1006 pestis.

260 1031 312 1097 65.
345 1030 384 1096 D
402 1032 433 1116 3,
451 1030 481 1114 5,
502 1032 552 1096 17.
601 1029 720 1095 Paulus
751 1030 835 1094 libro
864 1051 967 1095 nono
977 1028 1017 1094 66
1047 1028 1186 1094 edictum

171 1118 225 1224 (Ρ.
237 1117 387 1207 190).-
416 1119 631 1185 Ρ666616666
616 1119 803 1206 tPegesus
832 1119 951 1184 bonam
978 1107 1075 1182 fidem
1103 1140 1187 1204 eum,

172 1210 285 1295 quiin
308 1211 462 1274 servitute
486 1228 597 1294 gerere
621 1209 735 1292 eoepit,
758 1213 868 1292 preest
869 1230 922 1272 666
946 1207 1062 1273 666666
1081 1207 1187 1293 aiunt,

172 1299 309 1384 ideoque
324 1303 424 1383 quant
425 1320 490 1381 um,
509 1319 537 1362 s1
528 1297 677 1362 ’“61666
649 1319 718 1362 6666
732 1297 865 1382 negotia
879 1296 1043 1383 gessisset,
1058 1257 1187 1361 servare²

171 1388 343 1472 potuisset,
366 1392 494 1452 tantum
519 1407 601 1472 eum,
624 1386 680 1488 qui
702 1409 722 1451 6
740 1387 869 1451 semet
859 1407 931 1470 ipso
948 1408 1015 1451 non
1034 1386 1188 1471 exegerit,

171 1478 379 1563 negotiorum
402 1479 569 1561 gestorum
593 1475 719 1541 6666666
742 1479 991 1559 praestaturum,
1015 1474 1043 1539 66
1065 1474 1187 1558 aliquid

170 1565 510 1720 1666666Ν666666166,
532 1564 623 1630 ouius
646 1565 827 1629 retentione
849 1563 882 1628 id
906 1564 1029 1629 servari
1051 1561 1187 1648 potuit¹.

170 1656 256 1720 idem
312 1657 382 1720 6666
382 1655 442 1720 666.

207 1833 261 1898 Ε6
283 1831 393 1914 quoius
415 1831 518 1898 666666
540 1831 673 1896 maures
694 1830 803 1896 XXV
821 1831 915 1896 66666
937 1831 972 1896 ie
994 1833 1150 1913 66696666

572 1921 784 1986 restituuntur.

262 2027 313 2093 66.
341 2026 380 2092 D
394 2028 425 2107 4
440 2028 470 2110 6
486 2026 536 2109 16
550 2028 581 2093 3
625 2026 786 2110 Ulpianus
814 2027 898 2092 16666
926 2025 1117 2092 duodecimo
1146 1960 1188 2091 66

173 2091 314 2182 edictum
332 2115 382 2232 ip:
375 2078 455 2182 .431
458 2114 482 2203 ).
503 2152 541 2163 -
562 2115 697 2199 ..quod
720 2115 910 2200 simpliciter
932 2118 1064 2200 praetor
1087 2113 1190 2179 edixit

172 2205 338 2291 posteave
369 2206 416 2269 ita
434 2203 655 2288 accipiendum
675 2210 733 2288 est,
751 2208 797 2288 ut,
817 2227 845 2269 66
837 2203 992 2270 inchoat
977 2204 1070 2269 tasit
1055 2203 1188 2270 tbonae

172 2295 248 2360 fidei
282 2294 480 2379 possessoris
513 2294 691 2359 detentatio
725 2299 799 2358 ante
833 2293 1057 2376 [absentiam],
1093 2292 1190 2358 finita

173 2389 281 2450 autem
314 2405 456 2465 reverso,
488 2381 705 2448 restitutionis
739 2383 894 2449 auxilium
927 2383 1035 2448 locum
1066 2381 1190 2447 habeat

172 2497 238 2540 non
270 2473 476 2559 quandoque,
508 2472 564 2538 666
596 2473 643 2537 666
675 2471 816 2554 demum,
849 2471 876 2536 66
908 2473 995 2536 intra
1025 2469 1190 2536 modicum

173 2572 300 2667 tempus
320 2585 418 2648 quam
436 2561 533 2626 rediit
552 2560 613 2628 hoo
632 2561 778 2645 contigit,
797 2560 830 2625 id
849 2564 899 2625 est
916 2559 993 2624 dum
1008 2560 1189 2644 hospitium

174 2654 247 2738 quis
266 2651 425 2735 conducit,
402 2651 622 2716 taaroinulas
642 2650 816 2735 componit,
837 2649 948 2735 quaeri
949 2649 1189 2734 tadvooatum,

173 2764 249 2807 nam
273 2764 361 2827 eum,
387 2741 442 2826 qui
465 2740 573 2805 differt
594 2761 646 2805 res
649 2741 850 2820 titutionem,
874 2761 941 2804 666
963 2759 1034 2802 6666
1058 2737 1189 2804 audien·

173 2830 250 2896 dum
273 2829 429 2896 Neratius
453 2829 574 2894 scribit

462 3004 514 3071 Dc
535 3006 699 3071 66666666
722 3005 899 3071 actionibus.
931 3081 933 3086 ¹

264 3112 315 3176 67.
340 3110 379 3176 Ι).
389 3112 419 3192 9,
428 3112 459 3190 4,
470 3113 522 3194 21,
533 3112 562 3177 6.
604 3109 765 3195 Ulpianus
788 3111 872 3176 16666
895 3109 1071 3176 vicensimo
1090 3111 1189 3176 tertio

175 3200 216 3266 ad
244 3198 383 3264 edictum
407 3197 457 3284 (P.
472 3198 561 3285 681).
587 3235 625 3247 -
652 3198 687 3264 Si
713 3199 936 3266 iusiurandum
964 3202 1073 3286 exegit
1098 3204 1190 3266 66666

175 3309 311 3373 reusque
340 3288 459 3353 6666666
488 3287 545 3373 (66.
572 3289 607 3353 66
636 3311 693 3353 666
720 3294 883 3372 potestate
912 3310 1039 3354 servum
1066 3307 1190 3356 66666

174 3375 323 3464 habere),
356 3377 470 3442 666666
502 3382 618 3460 postea
653 3379 763 3443 noxali
798 3378 877 3443 velit
915 3380 1005 3442 66666
1041 3376 1189 3462 experiri,

174 3466 348 3532 videndum
368 3471 426 3550 est,
445 3488 486 3532 an
506 3467 652 3552 exceptio
672 3466 882 3533 iurisiurandi
899 3467 1016 3532 debeat
1034 3466 1188 3531 66666666

248 3614 262 3662 1
284 3605 330 3664 Fu
348 3608 449 3677 potest.
