2614 3912
492 180 517 230 5.
542 174 659 231 TITIUS
678 175 808 232 ARISTO
1088 176 1153 242 369

22 385 24 422 5
141 339 192 404 oui
216 337 294 404 data
316 341 402 402 esset
425 359 560 423 summa,
584 337 612 402 si
635 339 739 403 vietus
763 342 849 404 esset
865 339 1055 404 hereditatis
1073 341 1154 424 peti·

22 431 23 504 ζ
140 429 243 510 tione,
272 449 344 493 oum
372 429 488 493 ueteris
515 425 601 492 hane
627 448 752 511 quoque
775 428 944 512 pecuniam
967 429 1083 494 viatori
1106 451 1153 494 re-

141 518 275 582 stituere
298 516 421 581 debere.

486 657 537 723 De
559 657 808 724 manumissione.

231 784 261 849 8.
288 782 328 848 D.
342 783 395 861 40,
411 783 439 866 9,
456 783 507 866 16,
521 783 551 848 3.
595 781 685 846 Idem
714 779 771 869 (se.
789 780 924 867 Paulus)
947 783 1031 848 libro
1054 785 1152 850 tertio

22 907 24 958 ζ
142 873 181 937 ad
200 872 307 957 legem
325 871 453 937 Aeliam
473 869 618 936 Sentiem
635 867 784 958 (sels).
801 871 967 936 —Aristo
985 874 1153 958 respondit

142 983 161 1025 1
183 961 330 1025 debitore
354 961 439 1043 fisci,
467 961 522 1046 qui
545 959 698 1026 solvendo
721 981 787 1024 uon
810 963 893 1045 erat,
918 962 1151 1026 manumissum

22 1125 23 1128 ¹
141 1048 216 1136 [ita]
247 1049 394 1115 revocari
425 1049 459 1113 in
492 1048 681 1114 servitutem
712 1049 826 1114 debere
861 1048 903 1130 [si
934 1071 1000 1114 non
1033 1050 1086 1114 diu
1118 1050 1153 1114 in

139 1138 290 1204 libertate
312 1139 437 1218 fuisset,
460 1138 493 1202 id
516 1140 567 1202 est
589 1159 655 1203 non
674 1138 780 1203 minus
799 1138 968 1224 deoenni03
991 1138 1086 1222 plane
1106 1161 1153 1222 ea,

140 1246 222 1314 quae
250 1227 285 1291 in
312 1226 458 1292 fraudem
486 1227 557 1292 fisei
582 1226 616 1292 in
639 1226 728 1292 sinus
753 1227 820 1292 eius
844 1227 963 1293 collata
986 1230 1076 1312 sunt,
1104 1249 1152 1292 re·

138 1317 306 1397 vocanda]⁸

141 1427 144 1434 ’
228 1410 390 1470 Traianum
416 1410 451 1469 de
474 1409 540 1469 iure
562 1409 627 1469 fisoi
649 1409 781 1469 edietum
798 1409 987 1487 proposuisse
1006 1409 1151 1469 traditum

139 1503 186 1559 est
209 1500 245 1558 fr.
264 1500 300 1558 de
323 1499 388 1559 iure
410 1497 474 1559 fisci
497 1495 517 1574 ξ
538 1501 566 1558 6.
607 1502 697 1575 atque
719 1499 785 1577 lege
804 1498 891 1558 Aelia
909 1497 1012 1558 Sentis
1030 1501 1152 1559 cautum

141 1589 217 1664 erat,
239 1590 276 1647 ut
298 1587 350 1663 qui
372 1587 404 1646 in
430 1587 570 1647 fraudem
593 1587 773 1646 creditorum
796 1606 898 1648 servos
917 1589 1151 1664 manumitteret,

139 1676 217 1734 nihil
245 1679 350 1752 ageret
373 1667 455 1756 (Gai.
472 1681 500 1754 1,
517 1668 588 1758 37),
617 1676 696 1751 quod
722 1677 769 1735 ius
796 1695 863 1735 oum
891 1695 984 1752 usque
1008 1676 1046 1735 ad
1068 1677 1152 1735 illam

140 1767 271 1824 aetatem
289 1765 328 1824 ad
347 1765 427 1826 eires
445 1766 565 1824 tantum
583 1764 785 1843 pertinuisset,
804 1784 841 1825 ex
859 1765 1004 1824 Hadriani
1022 1766 1151 1826 auotori-

137 1857 204 1914 tate
232 1853 269 1913 ad
296 1854 470 1932 peregrinos
498 1872 616 1932 quoque
647 1854 865 1913 extendendum
890 1858 1011 1914 senatus
1034 1855 1151 1914 censuit

138 1936 221 2024 (esi.
252 1945 282 2016 1,
307 1935 374 2022 47).
429 1944 481 2002 sed
512 1944 572 2001 inni
605 1941 726 2001 Traiani
758 1946 857 2024 aetate
890 1943 926 2002 de
958 1943 1151 2003 libertatibus

139 2051 158 2090 1
180 2031 245 2091 fisei
267 2031 403 2092 debitore
425 2031 458 2090 in
480 2031 617 2091 fraudem
640 2030 703 2090 fisoi
725 2031 804 2091 datis
825 2035 990 2091 tractatum
1014 2051 1077 2092 esse
1101 2051 1151 2109 ap-

138 2124 233 2197 paret.
264 2123 343 2180 uerte
362 2120 535 2179 Aristonem
554 2121 589 2179 de
608 2119 664 2178 heo
687 2139 719 2179 re
738 2121 909 2180 consultum
927 2121 1019 2180 fuisse
1038 2121 1151 2181 Paulus

140 2211 198 2271 1.1.
222 2208 327 2285 tradit,
350 2209 403 2268 sed
425 2227 502 2284 quae
521 2227 590 2269 eum
609 2207 644 2268 de
662 2208 813 2268 Aristonis
831 2228 974 2284 responso
992 2209 1152 2270 tradidisse

139 2297 338 2358 Triboniauus
364 2297 416 2374 nit,
443 2297 603 2356 maximam
631 2295 849 2357 dubitationem
879 2303 1009 2359 movent
1059 2300 1150 2374 atque

138 2386 262 2446 Pernioe
293 2379 339 2446 11²
370 2407 399 2464 p.
428 2388 491 2447 369
525 2385 644 2462 quidem
680 2386 772 2446 verba
808 2379 850 2444 ‘id
882 2389 928 2446 est
959 2405 1018 2446 non
1050 2387 1150 2446 minus

139 2469 292 2536 deoeunio'
318 2475 476 2535 subditioia
499 2493 564 2534 esse
586 2474 706 2535 iudicet.
743 2475 795 2534 sed
818 2475 937 2551 longius
960 2475 1150 2550 progredien-

139 2562 212 2623 dum
242 2565 389 2642 pluraque
423 2562 609 2640 segreganda
639 2581 704 2622 esse
731 2580 846 2624 oenseo.
889 2580 960 2622 nam
986 2563 1080 2622 rerba
1108 2557 1152 2622 ‘in

140 2654 221 2714 sinus
241 2655 306 2713 eius
323 2646 445 2715 collata'
464 2651 638 2712 Scaevolam
656 2650 776 2727 quidem
795 2651 916 2728 sapiunt
929 2643 978 2730 (D.
990 2653 1040 2724 22,
1053 2652 1082 2729 3,
1093 2643 1151 2731 27)

139 2744 170 2802 et
192 2741 356 2819 Ulpianum
376 2732 427 2822 (D.
442 2743 495 2817 48,
510 2742 540 2818 8,
555 2732 589 2823 2)
609 2742 639 2800 et
657 2739 870 2800 Tribouianum
888 2733 934 2822 (G.
951 2731 1151 2821 1,17‚2,1)‚

138 2850 199 2890 non
227 2830 347 2906 sapiunt
373 2831 455 2890 illius
485 2829 593 2890 aetatis
626 2828 859 2889 iurisoonsnltos.
909 2828 1035 2903 aoeedit,
1070 2829 1149 2906 quod

139 2920 192 2995 qui
216 2937 336 2979 sermm
363 2918 556 2996 manumittit,
584 2918 661 2978 nihil
683 2919 715 2976 in
737 2917 818 2978 sinus
841 2936 910 2978 suos
934 2918 1057 2979 confert.
1098 2937 1149 2995 ge-

138 3008 265 3067 nuinum
300 3008 451 3068 Aristonis
472 3025 647 3084 responsum
666 3007 792 3067 fortasse
810 3007 931 3067 exhibet
948 3006 1150 3086 fragmentum

139 3098 176 3157 de
205 3097 271 3156 iure
302 3096 365 3156 fisoi
393 3093 487 3172 §192
520 3089 550 3156 ‘a
578 3097 712 3156 debitore
746 3095 810 3156 fisci
842 3095 873 3155 iu
900 3097 1036 3156 fraudem
1063 3095 1147 3156 dates

138 3186 295 3246 libertates
322 3185 435 3245 retrahi
461 3179 593 3262 plaouit.’
645 3204 720 3263 quae
749 3186 897 3246 sententia
923 3185 1004 3264 quod
1027 3189 1147 3245 senatus

138 3275 276 3335 consulto
307 3275 360 3334 illo
393 3293 429 3333 ex
459 3273 605 3334 Hadriani
641 3273 820 3335 austeritate
857 3275 937 3336 faoto
973 3275 1013 3334 iu'
1037 3274 1150 3334 librum

139 3364 176 3423 de
216 3364 280 3422 iure
321 3363 384 3424 fisoi
422 3367 542 3440 recepta
585 3367 643 3441 est,
682 3364 751 3422 inde
793 3363 905 3441 elucet,
946 3382 984 3422 an
1026 3367 1149 3422 senatus

139 3453 308 3512 consultum
332 3469 370 3511 an
398 3453 435 3511 ad
460 3470 526 3511 eam
553 3470 669 3529 quoque
696 3452 732 3510 (11
760 3469 819 3528 qua
845 3451 947 3530 agitur
972 3471 1036 3511 rem
1058 3452 1150 3526 perti-

139 3543 238 3620 neret,
261 3540 405 3618 quosdam
426 3540 588 3617 prudentes
611 3540 773 3600 dubitasse.

193 3650 292 3698 Iurlspr.
306 3648 424 3690 11111111,
438 3649 532 3691 111111
541 3648 638 3690 Bremsr.
664 3647 724 3699 Π,1.
903 3641 937 3691 24
