2580 3900
154 173 222 237 200
244 173 290 227 IV.
304 170 521 227 VESPASIANI
535 169 606 224 TlTl
620 169 816 226 DOMITIANI
829 169 936 226 TEMP.
951 169 1047 226 IURIS
1062 170 1169 226 CONS.

155 341 221 400 iuro
241 343 372 417 utamur,
394 357 452 416 quo
471 339 586 398 utimur
603 339 635 397 in
653 338 818 398 hereditate
837 338 947 400 civium
964 340 1169 399 Romanorum

157 422 378 489 libertinorum'
402 419 482 509 (Gai.
501 430 529 502 3,
546 419 610 509 64).
656 428 809 503 respondit
832 427 867 486 de
890 429 927 486 iis
950 429 1002 507 qui
1024 432 1170 506 quaestus

156 537 250 578 causa
267 519 299 576 in
317 517 481 576 certamina
499 517 684 576 descendunt
702 513 797 597 (11.3,
814 519 842 594 2,
858 519 886 593 2,
902 511 951 595 5),
970 517 1006 576 da
1020 518 1168 595 magistro

155 607 255 685 navis,
283 607 335 684 qui
361 609 501 665 mutuam
528 605 683 681 pecuniam
712 605 873 680 sumpserit
896 599 945 686 (D.
964 609 1013 684 14,
1030 610 1057 679 1,
1075 610 1102 683 1,
1118 598 1170 687 8),

158 696 195 754 de
228 695 419 771 statulibero,
451 694 498 754 cui
530 694 680 769 peculium
712 695 847 771 legatum
879 695 920 753 sit
947 695 1051 771 cuique
1079 695 1170 756 111111

156 785 278 844 interim
296 783 422 843 credidit
440 775 491 865 (D,
507 785 558 856 33,
574 785 602 857 8,
618 773 718 863 811),
743 784 779 842 de
797 783 938 843 libertate
957 803 1042 844 servo
1061 785 1169 844 relicta

157 876 188 933 11
207 872 315 932 herede
334 875 450 948 rogato,
474 867 521 931 ‘ut
539 891 606 930 eum
627 871 786 930 artificium
805 871 919 950 doceat,
937 873 1017 931 unde
1036 891 1068 932 se
1087 874 1169 933 tueri

156 957 264 1039 poseit’
289 953 491 1044 (113212),
520 961 557 1019 de
585 979 618 1020 11
646 961 699 1036 qui
727 978 815 1019 onere
843 963 967 1020 onustus
994 961 1040 1020 ita
1063 963 1170 1037 lapsus

157 1054 212 1129 est,
235 1054 272 1111 ut
295 1069 415 1124 servum
438 1050 569 1110 alienum
590 1068 678 1108 onere
696 1049 840 1125 presserit
858 1041 909 1131 (D.
925 1053 954 1126 3,
970 1053 999 1125 2,
1015 1052 1042 1123 7,
1059 1044 1106 1130 2),
1130 1051 1170 1110 de

156 1140 270 1200 furioso
308 1141 361 1216 qui
392 1139 533 1198 damnum
565 1137 681 1196 dederit
713 1131 763 1218 (D.
784 1140 812 1212 9,
835 1140 861 1210 2,
883 1140 910 1214 5,
931 1130 978 1219 2),
1016 1139 1053 1197 de
1085 1139 1169 1198 fidei-

157 1229 322 1289 commissis
351 1247 511 1303 eorumque
534 1227 683 1286 fructibus
705 1228 894 1302 praestandis
917 1219 968 1309 (D.
984 1228 1035 1306 31,
1051 1229 1102 1303 43,
1118 1222 1170 1308 2),

157 1318 193 1378 de
222 1336 256 1377 1ο
284 1337 303 1376 1
326 1336 384 1393 quo
408 1335 456 1376 res
478 1315 624 1377 vindIcari
646 1316 743 1391 possit
765 1307 814 1397 (D.
831 1318 859 1394 8,
876 1320 904 1392 1,
921 1308 969 1396 9),
998 1317 1034 1375 de
1057 1336 1093 1376 11
1116 1317 1170 1392 qui

156 1406 212 1466 tibi
232 1410 351 1466 eentum
370 1404 572 1482 spoponderit,
591 1405 617 1464 si
635 1405 766 1463 iurasses
780 1409 811 1463 te
825 1423 933 1464 nomen
952 1405 1015 1464 eius
1034 1405 1170 1466 laturum

157 1487 209 1577 (D.
225 1498 276 1573 39,
292 1497 320 1571 5,
338 1497 387 1571 19,
403 1487 450 1576 6),
474 1493 509 1552 11
533 1493 659 1568 arbitro,
682 1493 734 1571 qui
756 1493 924 1570 litigatores
947 1494 1061 1552 nonin
1083 1494 1170 1570 urbe,

158 1584 211 1644 sed
232 1585 264 1642 in
285 1585 351 1642 loco
375 1584 454 1642 circa
474 1581 580 1642 urbem
603 1582 707 1641 adesse
729 1581 851 1641 iusserit
874 1575 970 1660 (11.4,
985 1584 1013 1658 8,
1028 1584 1081 1658 21,
1102 1581 1170 1662 10).

247 1671 321 1732 Oum
337 1672 471 1748 Pegasus
486 1690 574 1747 saepe
587 1689 655 1730 cum
670 1670 739 1730 aliis
753 1670 973 1731 iurisconsultis
988 1671 1171 1731 coniunctim

157 1760 307 1836 laudetur,
321 1760 467 1836 Ulpianus
482 1761 573 1819 semel
587 1762 614 1818 ei
627 1759 759 1836 priorem
771 1759 872 1819 locum
885 1758 1025 1820 attribuit
1039 1779 1171 1838 eumque

159 1851 231 1908 ante
253 1849 385 1910 Nervam
406 1849 502 1908 filium
524 1840 610 1928 (Uip.
625 1848 692 1924 Dig.
709 1850 737 1922 3,
753 1849 782 1926 2,
798 1850 826 1923 2,
842 1843 885 1928 5).

247 1936 322 1997 Oum
359 1942 478 2014 praeter
510 1955 560 1997 111
593 1936 770 2013 1111111111,
802 1955 877 2014 quae
909 1937 1021 1997 diserte
1050 1936 1172 2014 Pegaso

159 2025 343 2102 tribuuntur,
367 2027 442 2086 alias
466 2045 582 2104 quoque
607 2029 637 2086 11
659 2026 792 2103 generali
814 2026 933 2085 nomine
955 2025 1087 2104 insignes
1106 2026 1172 2086 eius

159 2134 225 2174 1111
264 2119 380 2174 certum
416 2115 468 2188 sit,
505 2116 536 2173 in
572 2115 680 2193 quibus
715 2114 892 2192 fragmentis
925 2114 1172 2174 Proculianorum

162 2203 328 2264 sententiae
351 2204 522 2277 laudantur,
546 2223 649 2264 eorum
666 2204 810 2281 pleraque
827 2202 866 2262 ad
885 2202 1035 2280 Pegasum
1053 2223 1171 2280 quoque

159 2292 318 2352 referenda
341 2311 405 2352 1111
423 2292 516 2351 Lenel
536 2293 568 2352 P.
582 2292 613 2351 II
635 2293 723 2352 col.9
748 2293 810 2350 1.1
836 2291 996 2352 existimat.
1032 2293 1084 2352 sed
1102 2311 1172 2352 cum

161 2381 337 2441 Sabimanos
364 2383 413 2442 vel
435 2381 629 2441 Proculianos
654 2381 707 2458 qui
728 2383 874 2440 vocantur
896 2400 956 2440 non
978 2381 1010 2439 in
1033 2382 1172 2441 omnibus

160 2470 250 2530 rebus
264 2470 312 2531 vel
328 2469 472 2530 Sabinum
485 2471 533 2530 vel
548 2471 709 2530 Proculum
726 2472 843 2529 secutos
858 2487 923 2528 asse
939 2473 1172 2530 consentaneum

160 2559 202 2620 sit
222 2579 278 2620 nec
299 2559 379 2636 quod
402 2561 449 2620 vel
468 2558 654 2619 Proculianis
673 2560 791 2634 placere
811 2558 943 2618 traditur
959 2559 1008 2618 vel
1026 2558 1106 2635 quod
1126 2559 1172 2617 di·

161 2668 266 2711 versae
286 2649 404 2709 scholae
419 2653 555 2708 auctores
570 2648 741 2708 existimare
756 2646 848 2708 Gaius
864 2647 959 2723 docet,
972 2647 1052 2706 idem
1067 2647 1173 2708 statim

161 2741 193 2798 11
207 2739 323 2814 Pegaso
337 2757 441 2798 uerum
455 2736 551 2799 videri
570 2737 714 2812 debuerit,
733 2755 770 2796 ea
787 2739 907 2796 tantum
925 2754 993 2796 cum
1006 2735 1171 2812 probabili-

160 2831 224 2886 tate
244 2827 282 2886 ad
295 2826 444 2902 Pegasum
457 2827 637 2901 referuntur,
657 2845 732 2903 quae
745 2845 804 2885 non
818 2824 980 2885 Proculum
994 2825 1100 2904 solum,
1120 2825 1172 2885 sed

161 2917 276 2974 ceteros
299 2933 418 2991 quoqne
441 2914 575 2974 eiusdem
594 2917 711 2974 scholae
729 2917 866 2973 austures
885 2917 992 2989 putare
1012 2912 1104 2974 Gaius
1124 2916 1172 2973 vel

161 3001 326 3062 Venuleius
345 3003 478 3080 tradunt,
496 3003 527 3060 id
546 3004 626 3080 quod
645 3004 738 3080 2,15,
755 3004 826 3062 195.
845 3002 881 3063 D.
893 3004 944 3077 45,
956 3007 984 3077 1,
997 3004 1109 3079 13811.
1127 3002 1172 3063 fit.

244 3205 268 3265 I.
301 3203 632 3265 Senatusconsulta
655 3205 791 3282 Pegaso
815 3206 962 3265 consule
985 3207 1092 3266 faeta.

372 3331 399 3396 1.
427 3323 567 3390 Deiera
589 3325 802 3408 udrpc'sccndcc
824 3325 964 3391 moilatio.

252 3437 322 3502 Gai.
334 3439 363 3517 1,
373 3437 425 3503 31.
438 3475 482 3486 —
496 3488 503 3503 .
519 3488 526 3502 .
540 3439 591 3503 ius
608 3439 833 3524 adipiscendae
852 3440 992 3506 civitatis
1006 3441 1174 3506 Romanae

163 3526 292 3592 etiamsi
321 3527 383 3591 soli
410 3527 551 3592 minores
579 3529 716 3615 triginta
744 3550 901 3594 annorum
928 3529 1118 3595 manumissi
1141 3534 1174 3595 et
