2602 3906
229 211 263 265 Il.
282 209 521 266 INOERTORUM
540 211 770 266 SENTENTIAE
790 213 835 267 ΕΤ
853 213 960 267 LIBRI.
1037 213 1103 277 543

97 375 193 438 monii
217 396 314 440 causa
337 375 564 440 manumittere
591 374 659 456 [sed
682 373 740 459 ita,
766 376 793 440 si
821 375 904 441 forte
928 399 1101 443 conservus

98 486 170 528 suus
193 463 228 528 in
250 464 312 529 hoc
337 464 365 527 ei
388 465 515 548 legatus
539 465 635 544 est?].

181 567 216 628 cf.
241 565 305 627 Gai.
322 569 350 645 1,
367 569 416 627 19.

182 669 234 734 61.
259 667 387 733 Dosith.
413 669 462 734 17.
493 705 530 715 —
556 667 734 752 Magna..
758 667 914 734 dissensio
943 674 992 734 est
1019 671 1104 735 inter

97 757 225 842 peritos,
246 761 353 822 utrum
373 778 410 821 eo
425 761 570 841 tempore
584 757 668 821 vires
683 757 842 841 accipiant
855 759 972 837 omnia,
991 781 1054 843 quo
1069 761 1103 823 in

98 867 193 910 censu
217 852 370 930 aguntur,
399 869 441 910 an
470 867 507 910 eo
531 853 675 929 tempore
699 866 762 929 quo
785 847 923 910 lustrum
947 847 1104 912 conditur.

98 938 172 999 sunt
191 937 276 999 enim
297 935 352 1019 qui
372 934 558 998 existimant
576 956 641 999 non
661 935 740 998 alias
759 935 844 998 vires
864 937 1007 1018 accipere
1023 959 1103 1021 quae

96 1024 245 1088 incensu
265 1028 415 1108 aguntur,
434 1023 498 1087 nisi
516 1023 594 1088 haec
614 1023 681 1087 dies
701 1028 860 1108 sequatur,
886 1045 948 1107 qua
967 1024 1104 1088 lustrum

96 1111 253 1176 conditur:
280 1113 468 1176 existimant
492 1111 577 1176 enim
601 1133 731 1176 censum
751 1112 941 1176 descendere
960 1114 999 1177 ad
1019 1113 1104 1178 diem

95 1201 199 1286 lustri,
222 1222 288 1265 uon
311 1201 451 1264 lustrum
473 1222 635 1265 recurrere
659 1200 701 1265 ad
724 1200 807 1265 diem
832 1222 952 1266 census.

183 1289 246 1354 62?
278 1288 316 1354 D.
330 1289 384 1372 40,
400 1291 428 1373 1,
441 1290 472 1373 4,
488 1290 517 1355 7.
549 1288 706 1372 Ulpianus
729 1289 812 1354 libro
837 1293 927 1354 sexto
951 1288 1105 1375 Disputa-

93 1378 227 1444 tionum.
254 1414 291 1424 -
411 1379 438 1442 si
470 1378 553 1442 forte
586 1378 667 1469 quis
692 1376 737 1442 sic
770 1380 1005 1462 comparaverit
1038 1381 1104 1444 suis

95 1466 246 1547 nummis,
269 1489 308 1530 ne
332 1489 406 1531 eum
428 1467 646 1550 manumittat,
670 1517 698 1530 ..
723 1473 772 1530 est
795 1467 905 1550 opinio
928 1468 1104 1532 dicentium

95 1555 180 1620 hunc
200 1555 240 1619 ad
257 1556 442 1620 libertatem
460 1555 636 1640 pervenire,
655 1577 727 1620 cunr
748 1559 780 1618 et
797 1577 915 1620 nomen
930 1557 1105 1640 emptionis

95 1644 308 1728 imaginarius
326 1645 388 1709 iste
407 1648 534 1728 emptor
552 1643 773 1709 accommodet
791 1649 824 1708 et
840 1647 1007 1728 praeterea
1021 1646 1105 1710 nihil

83 1733 126 1796 -ei
150 1733 242 1796 absit.
1128 1754 1130 1759 ’

502 1820 552 1886 De
575 1821 697 1886 libertis.

183 1945 234 2009 63.
258 1943 327 2012 Gai.
341 1947 371 2027 3,
387 1946 436 2012 75.
455 1983 493 1993 —
512 1995 564 2011 ...
583 1968 649 2010 non
669 1996 697 2011 ..
716 1945 751 2008 hi
770 1942 827 2030 (sc.
842 1967 921 2031 quos
939 1947 991 2011 lex
1009 1946 1106 2012 Aelia

94 2033 207 2099 Sentio
226 2034 449 2100 dediticiorum
467 2057 602 2100 numero
621 2031 714 2119 facit)
732 2035 855 2099 habent
873 2085 898 2100 ..
917 2036 1104 2100 testamenti

92 2123 280 2204 factionem3
304 2124 435 2187 numid
459 2123 621 2208 plerisque
645 2124 777 2207 placuit.

183 2212 246 2276 64?
272 2211 314 2276 D.
332 2211 388 2294 23,
408 2212 442 2296 2,
460 2212 513 2277 46.
559 2212 659 2277 Gaius
685 2211 769 2277 libro
797 2216 910 2277 octavo
935 2213 974 2276 ad
997 2213 1103 2298 legem

92 2299 209 2365 Iuliam
234 2303 267 2364 et
286 2300 429 2382 Papiam.
445 2299 584 2364 —Illud
609 2300 820 2366 dubitationis
845 2305 902 2378 est,
927 2323 968 2365 an
992 2307 1025 2365 et
1049 2301 1105 2385 qui

93 2410 298 2453 communem
324 2389 473 2452 libertam
501 2411 634 2453 uxorem
662 2389 788 2453 duxerit
815 2389 855 2453 ad
882 2389 944 2453 hoc
970 2391 1020 2453 ius
1050 2390 1105 2452 ad-

92 2479 245 2542 mittatur
268 2475 326 2564 (sc.
351 2477 436 2561 quod
459 2477 537 2542 dicit
559 2477 662 2543 invito
688 2481 825 2560 patrono
850 2477 1000 2542 libertam
1023 2498 1104 2560 quae

92 2567 124 2630 ei
152 2569 256 2650 nupta
284 2569 348 2648 est,
376 2565 432 2630 alii
455 2566 575 2629 nubere
598 2588 663 2631 non
685 2563 805 2650 posse).
850 2565 1018 2630 Iavolenus
1050 2587 1104 2628 ne·
1134 2635 1137 2641 ,

91 2654 199 2738 gavit,
232 2655 308 2738 quia
339 2675 403 2718 non
437 2655 565 2737 proprie
597 2655 723 2718 ridetur
755 2653 823 2718 eius
855 2653 985 2738 liberta,
1023 2675 1104 2738 quae

91 2745 194 2808 etiam
214 2745 346 2808 alterius
366 2742 422 2826 sit3
442 2743 513 2807 aliis
533 2747 647 2808 contra
664 2743 768 2806 risum
788 2746 846 2818 est,
865 2742 941 2827 quia
954 2743 1104 2808 libertam

92 2833 165 2897 eius
195 2853 264 2896 esse
292 2833 405 2918 negari
427 2853 493 2896 non
516 2835 633 2916 potest,
655 2831 732 2896 licet
755 2830 887 2896 alterius
911 2853 1037 2916 quoque
1061 2831 1105 2895 sit

90 2921 222 2985 liberta.
264 2943 359 3004 quam
384 2921 580 2985 sententiam
604 2921 748 3004 plerique
773 2969 801 2985 ..
824 2920 1051 3004 probaverunt.

442 3090 492 3154 De
514 3089 634 3154 thoreti
655 3109 757 3154 conso.

186 3212 250 3278 65?
272 3212 312 3276 D.
326 3214 378 3298 40,
395 3214 507 3299 12,24,
520 3216 550 3280 3.
577 3213 667 3278 ldem
687 3211 744 3300 (sc.
760 3210 893 3300 Paulus)
912 3213 994 3278 libro
1015 3215 1105 3298 quin-

91 3302 309 3387 quagensimo
332 3304 437 3386 primo
461 3305 501 3368 ad
525 3304 673 3369 edictum.
703 3340 738 3350 —
761 3304 937 3387 ..siquas
962 3303 1104 3367 actiones

89 3391 215 3454 inferat
240 3390 387 3455 dominus
414 3389 471 3478 (sc.
500 3393 650 3458 ordinata
676 3391 804 3455 liberali
831 3388 952 3476 causa),
980 3391 1104 3474 quaeri·

88 3484 163 3563 tur,
196 3479 433 3563 compellendus
466 3481 509 3544 sit
537 3481 697 3564 suscipere
730 3480 880 3544 iudicium
908 3475 965 3564 (sc.
993 3480 1021 3542 is
1050 3479 1104 3560 qui

90 3568 133 3632 de
170 3571 259 3632 statu
288 3589 355 3647 suo¹
373 3565 506 3654 litigat).
558 3572 591 3632 et
616 3568 763 3652 plerique
791 3567 990 3647 existimant,
1018 3566 1045 3629 si
1071 3568 1104 3626 in
