2596 3902
434 239 458 290 t.
483 233 621 290 SEXTUS
639 233 770 290 Paulus
1064 235 1107 299 95

185 399 239 463 44.
262 398 301 464 D.
313 398 366 481 43,
379 397 428 478 19,
439 399 469 476 3,
480 399 509 462 2.
556 397 717 483 Ulpianus
740 398 825 463 libro
849 400 1110 484 septuagensimo

99 487 137 552 ad
161 487 302 553 edictum
326 483 376 574 (P.
393 483 517 573 155U).
539 521 585 532 -
607 485 641 552 Si
664 487 736 572 quis
761 487 801 551 ab
826 491 957 552 auctora
980 509 1052 552 mao
1076 488 1108 552 vi

100 580 153 641 aut
180 576 264 641 olam
294 580 351 640 aut
376 577 519 659 precario
547 597 624 640 usus
653 579 716 658 est,
743 580 828 640 recte
858 599 877 640 a
904 598 955 641 me
983 575 1108 641 vianti

99 665 291 750 prohibetur
317 668 350 728 et
376 663 585 729 interdictum
614 664 644 728 ei
671 663 786 728 inutile
814 667 877 748 ast,
905 665 981 750 quia
1009 688 1028 730 a
1055 687 1108 730 ma

99 754 223 819 videtui
257 753 289 817 vi
322 753 372 817 vel
404 753 487 817 clam
520 754 571 817 vel
599 753 744 836 precario
772 752 952 838 possidere,
985 753 1041 839 qui
1068 753 1108 818 ab

101 847 229 908 auctore
257 863 329 906 meo
353 841 469 906 vitiose
493 841 644 924 possidet.
689 863 767 906 nam
791 844 824 905 et
846 840 964 906 Pedius
988 842 1110 928 scribit,

100 932 126 995 si
152 933 185 996 vi
213 933 270 994 aut
296 931 377 994 clam
402 934 459 994 aut
480 930 625 1014 precario
648 930 689 994 ab
713 951 751 994 ao
774 930 818 995 sit
840 952 934 1014 usus,
960 931 994 995 in
1018 932 1109 996 euius

100 1020 205 1084 locum
229 1019 408 1084 hereditate
430 1018 482 1083 vel
504 1017 708 1103 (bonorum)
731 1018 896 1103 emptione
919 1019 1025 1084 aliove
1046 1042 1110 1103 quo

101 1109 166 1174 iurc
181 1108 330 1192 successi,
348 1107 432 1173 idem
447 1129 516 1172 esse
531 1107 697 1172 dicendum
717 1109 803 1190 [cum
819 1107 904 1171 enim
920 1109 1111 1173 successerit

101 1198 170 1281 quis
193 1197 226 1261 in
251 1196 358 1261 locum
382 1217 502 1282 eorum,
521 1218 658 1281 aequum
676 1218 741 1261 non
760 1200 811 1260 est
828 1217 889 1260 nos
908 1196 1017 1261 noceri
1039 1197 1111 1282 hoc,

24 1271 25 1324 Ψ
101 1285 183 1371 quod
211 1285 362 1350 adversus
391 1307 463 1349 cum
491 1307 556 1350 non
583 1285 706 1369 nocuit,
733 1285 768 1350 in
791 1285 881 1350 euius
904 1285 1013 1350 locum
1043 1307 1111 1350 suc·

101 1374 278 1454 cessimus}

187 1485 268 1556 Quae
286 1485 372 1546 uncis
390 1486 544 1564 quadratis
562 1487 678 1564 inclusi,
702 1485 825 1546 Pernico
845 1485 980 1546 eiciendo.
998 1487 1107 1546 censet.

186 1575 223 1634 cl.
246 1573 339 1634 Lenal
360 1574 394 1636 P.
417 1575 456 1634 ad
477 1575 507 1634 h.
521 1577 540 1636 l.

461 1745 539 1815 Quod
557 1746 586 1800 ot
605 1750 654 1802 oet
672 1745 749 1800 elam.

187 1852 240 1918 45.
263 1852 303 1917 D.
314 1854 367 1938 43,
377 1853 428 1936 24,
442 1857 469 1936 l,
479 1855 509 1920 6.
554 1853 712 1939 Ulpianus
735 1852 819 1918 libro
845 1854 1107 1938 septuagensimo

102 1942 204 2026 primo
232 1942 272 2007 ad
300 1942 439 2008 edictum
466 1940 515 2028 (P.
532 1940 642 2030 1592).
665 1979 707 1990 -
732 1992 760 2007 ..
789 1944 816 2008 si
844 1943 915 2028 quis
943 1944 1030 2007 iactu
1058 1943 1107 2006 vel

102 2031 225 2096 minimi
257 2030 361 2113 lapilli
392 2031 575 2115 prohibitus
607 2033 712 2096 facere
744 2031 963 2115 perseveravit
993 2031 1106 2116 facero,

101 2119 183 2185 huno
215 2141 342 2205 quoquo
373 2120 406 2185 vi
435 2120 548 2184 fecisse
576 2122 677 2186 videri
705 2121 820 2186 Pedius
848 2126 881 2185 et
908 2119 1108 2206 Pomponius

103 2209 254 2274 scribunt.

407 2312 451 2367 De
469 2313 527 2368 doli
543 2315 612 2367 moli
629 2311 803 2382 exceptione?

191 2421 245 2486 46.
278 2420 317 2485 D.
338 2421 391 2505 44,
408 2422 439 2504 4,
458 2421 490 2502 5,
507 2422 537 2485 4.
587 2422 707 2487 Paulus
739 2423 822 2487 libro
851 2421 1111 2506 septuagensimo

101 2509 208 2593 primo
235 2509 273 2574 ad
299 2509 437 2575 edictum
457 2509 507 2594 (P.
518 2507 605 2596 792).
625 2548 665 2558 -
687 2510 721 2576 Si
744 2533 855 2575 servus
879 2511 980 2575 veniit
1003 2510 1043 2574 ab
1065 2530 1112 2593 eo,

104 2599 154 2663 cui
182 2599 246 2663 hoo
274 2597 422 2663 dominus
450 2600 610 2682 permisit,
638 2603 671 2664 et
697 2599 876 2663 redhibitus
903 2600 946 2662 sit
969 2598 1112 2680 domino,

101 2687 218 2840 ἔφητί.
247 2687 408 2839 νθῗάἱξοτῇ
436 2686 475 2752 de
493 2689 605 2791 'pretio
634 2689 780 2840 exoppplip
807 2687 981 2838 {PPUUW
1008 2685 1112 2837 rotchi-

105 2797 251 2947 litt
282 2796 358 2928 ‚tt
389 2798 731 2931 iiimffimlllcliol
753 2796 1113 2948 uoluntatis

105 2956 325 3018 summovetur
352 2956 385 3018 et
413 2955 467 3038 qui
495 2955 663 3038 pecuniam
692 2955 823 3019 domino
851 2954 916 3018 iam
944 2953 1053 3036 solvit,
1081 2957 1114 3018 et

104 3041 175 3106 ideo
199 3043 228 3106 is
251 3041 307 3125 qui
331 3041 475 3107 vendidit
499 3044 567 3128 agit
590 3043 741 3108 adversus
766 3042 937 3108 dominum.
979 3042 1112 3107 eandem

104 3151 234 3195 causam
262 3151 333 3194 esso
360 3131 477 3196 Pedius
506 3133 551 3196 ait
578 3133 659 3212 cius,
689 3133 743 3216 qui
770 3131 936 3218 negotium
964 3135 1113 3196 nostrum

104 3239 217 3304 gerens
242 3218 392 3285 vendidit.

297 3393 329 3449 a·
346 3395 393 3449 eui
408 3396 473 3464 ptus
490 3413 572 3466 qaam
587 3413 637 3466 per
655 3397 736 3466 tepem
754 3396 921 3452 Falcidiam.

192 3503 245 3567 47.
273 3501 313 3568 D.
331 3503 384 3588 35,
402 3505 432 3582 3,
450 3505 480 3585 3,
499 3507 529 3570 2.
566 3503 725 3590 Ulpianus
748 3505 831 3569 libro
852 3502 1112 3589 septuagensimo

24 3591 25 3630 l
106 3611 191 3657 nono
207 3591 248 3656 ad
264 3591 402 3658 edictum
417 3590 467 3681 (P.
480 3589 604 3680 13151‘).
621 3629 659 3640 -
678 3591 712 3657 si
726 3593 760 3657 in
774 3592 882 3675 plures
897 3591 964 3654 dies
977 3587 1114 3670 pecunia
