2614 3912
185 225 263 290 372·
286 221 319 280 V.
333 220 482 278 NERVAE
501 221 547 277 ET
566 221 719 276 TRAIANI
738 222 846 279 ΤΕΜΡ.
865 221 960 276 IURIS
980 220 1161 278 consum

523 456 573 522 De
594 458 662 522 iure
683 458 862 522 eremorum.

278 601 329 665 14.
356 599 395 664 Ι).
410 600 440 680 8,
453 600 483 681 5,
498 599 528 680 8,
542 600 572 665 5.
617 597 779 683 Ulpianus
805 599 888 664 libro
912 601 1048 682 septimo
1073 599 1200 666 deoimo

188 689 229 754 ad
248 688 386 753 edietum
406 687 456 774 (P.
465 685 555 773 601).
572 725 610 734 -
627 688 739 754 Aristo
755 686 893 755 Cerellio
908 687 1013 753 Vitali
1032 690 1200 772 respondit

187 799 254 843 non
277 781 391 862 putare
415 799 449 842 se
472 798 512 842 ex
529 778 665 842 taberna
684 777 821 842 oasiaria
838 776 962 842 fumum
981 779 1015 842 in
1034 778 1200 862 superiora

188 866 335 932 aedificia
352 867 420 931 iure
438 866 573 930 immitti
591 887 697 952 posse,
714 866 777 930 nisi
795 867 825 930 ei
842 867 889 930 rei
903 864 1082 951 <serviunt3
1101 869 1201 952 nam>

189 955 376 1021 servitutem
398 955 497 1020 talem
515 955 666 1020 admittit.
703 953 849 1037 idemque
868 955 929 1019 ait:
946 958 976 1020 et
991 975 1029 1020 err
1045 957 1202 1038 superiore

188 1047 223 1110 to
250 1045 401 1126 inferiora
426 1065 490 1110 ooo
516 1064 646 1127 uquam
672 1064 735 1108 oon
760 1045 836 1126 quid
856 1044 947 1108 uliud
966 1045 1093 1108 immitti
1115 1045 1200 1122 lioet;

188 1136 224 1198 io
254 1154 310 1199 suo
340 1134 423 1198 enim
454 1133 513 1198 alti
539 1133 684 1198 hortem
709 1132 811 1214 faeere
837 1131 917 1215 lieet,
943 1138 1093 1215 quatem
1119 1133 1202 1200 otto

188 1227 224 1289 tu
254 1223 392 1288 ottonom
422 1222 582 1301 immittit,
618 1221 701 1286 fumi
738 1224 846 1286 autem
879 1221 961 1287 siout
993 1242 1095 1308 aquae
1130 1244 1200 1287 esse

189 1312 434 1378 immissionem.
479 1331 573 1394 posse
600 1310 702 1396 igitur
729 1310 926 1394 superiorein
950 1331 1022 1375 oum
1046 1309 1200 1377 interiore

189 1421 285 1487 agere
308 1401 357 1465 ius
381 1399 429 1464 illi
448 1420 513 1464 non
532 1420 601 1464 esse
621 1399 655 1463 id
673 1399 720 1463 ito
739 1398 854 1464 faeere.
891 1397 1044 1463 Alfenum
1062 1399 1201 1484 denique

190 1490 331 1555 seribere
364 1489 410 1552 ait
442 1509 536 1571 posse
564 1488 610 1552 ita
638 1489 704 1572 agi:
732 1489 782 1554 ius
813 1487 862 1551 illi
888 1509 955 1552 non
983 1509 1052 1553 esse
1079 1489 1113 1553 in
1141 1511 1200 1555 suo

189 1578 329 1662 lapidem
347 1577 486 1660 caedere,
505 1579 541 1640 ut
559 1577 593 1641 in
608 1597 716 1641 meum
730 1576 866 1641 fundum
878 1575 1061 1662 fragmenta
1076 1576 1201 1644 cadant

190 1667 267 1732 dioit
298 1666 398 1751 igitur
426 1665 537 1730 Aristo
570 1688 657 1747 eum,
689 1666 745 1750 qui
776 1665 943 1730 tabernam
976 1666 1149 1731 oasiuriam
1181 1690 1201 1732 a

189 1754 465 1819 Minturnensibus
493 1754 659 1838 conduxit,
687 1778 706 1820 a
731 1754 895 1837 superiore
917 1754 1082 1838 prohiberi
1104 1777 1200 1840 posse

189 1843 315 1907 fumum
345 1839 534 1927 immittere,
567 1843 620 1907 sod
649 1842 889 1908 Minturnenses
919 1843 949 1908 ei
977 1864 1016 1908 ex
1043 1845 1201 1910 oonduoto

190 1932 306 2013 teneri3
329 1931 445 2017 agique
468 1933 515 1996 sio
535 1953 630 2016 posse
649 1931 728 1997 dioit
746 1953 819 1997 oum
839 1952 887 2015 eo,
910 1933 965 2015 qui
984 1954 1057 1996 eum
1075 1932 1201 1998 fumum

190 2020 355 2104 immittat,
377 2021 427 2085 ius
451 2021 480 2085 ei
503 2041 569 2086 non
593 2042 663 2103 esse
684 2020 808 2085 turnum
828 2019 1011 2086 immittere.
1048 2042 1125 2107 ergo
1143 2044 1202 2107 per

190 2108 389 2174 eontrarium
408 2109 462 2193 agi
479 2109 601 2193 poterit
619 2110 669 2174 ins
689 2130 759 2175 esse
774 2108 897 2174 fumum
911 2109 1095 2194 immittere,
1114 2112 1201 2197 quod

191 2201 224 2262 et
245 2197 352 2281 ipsum
376 2195 502 2261 videtur
524 2196 636 2264 Aristo
659 2197 806 2282 probare.

280 2327 316 2385 of.
340 2326 376 2385 D.
396 2328 425 2404 8,
445 2329 473 2399 5,
498 2328 564 2402 8,6
593 2325 661 2404 Ulp.
680 2328 700 2386 l.
715 2326 801 2386 XVII
833 2327 872 2386 ad
899 2329 943 2388 ed.
990 2321 1093 2406 ‘Apud
1115 2328 1202 2390 Pom·

190 2415 317 2492 ponium
342 2415 498 2476 dubitatur
523 2415 600 2475 libro
628 2416 875 2494 quadragensimo
897 2418 993 2492 primo
1016 2417 1203 2498 Lectionum,

191 2523 231 2566 an
253 2505 319 2583 quis
341 2505 437 2580 possit
459 2505 503 2564 ita
525 2523 627 2582 agere:
651 2506 741 2565 lioero
759 2506 877 2564 furnum
894 2525 953 2566 non
971 2525 1102 2583 gravem,
1126 2510 1203 2584 puta

192 2614 228 2654 ex
250 2594 325 2671 fooo,
350 2593 381 2653 in
403 2612 457 2654 sno
479 2594 578 2653 faeere
601 2597 655 2654 aut
677 2613 737 2654 non
758 2594 856 2654 licere.
902 2597 933 2654 et
955 2597 998 2654 ait
1020 2596 1118 2673 magis
1141 2615 1203 2657 non

190 2702 279 2760 posse
303 2683 353 2759 ogi
377 2677 440 2744 ...'

487 2907 538 2974 De
552 2909 761 2993 pipoeratioio
781 2909 905 2974 actione.

283 3049 333 3114 15.
361 3049 400 3113 D.
415 3049 466 3133 20,
481 3051 511 3133 3,
525 3051 555 3115 3.
598 3049 718 3115 Paulus
741 3051 823 3117 libro
848 3051 945 3116 tertio
969 3049 1203 3128 Quaestionum

192 3135 243 3221 (P.
265 3136 373 3222 1307).
399 3173 436 3184 -
463 3136 574 3203 Aristo
602 3137 738 3203 Neratio
766 3132 877 3205 Prisco
906 3139 1048 3224 scripsit:
1080 3141 1204 3208 etiamsi

191 3227 238 3290 tto
260 3229 448 3290 contractum
470 3227 518 3309 stt,
540 3231 576 3290 ut
596 3227 771 3293 senodes
792 3229 1003 3312 dimitteretur,
1025 3247 1089 3294 oon
1111 3230 1203 3296 aliter

191 3311 313 3398 <ottor>
335 3315 370 3378 to
392 3314 443 3379 ios
458 3314 602 3397 pipoorr's
623 3317 767 3403 succedo,
793 3319 859 3383 atsi
880 3319 1063 3397 conuenerit,
1086 3323 1122 3384 ut
1143 3320 1204 3386 sati

192 3403 296 3468 eudem
321 3423 370 3468 res
391 3408 465 3469 esset
486 3403 625 3487 oblr'puta.
670 3425 765 3488 nequo
786 3407 868 3471 enim
890 3408 925 3472 in
947 3407 998 3473 tos
1015 3408 1116 3490 pomi
1136 3428 1202 3474 suc·

192 3491 293 3557 cedere
314 3492 404 3572 debet,
426 3493 480 3575 qui
497 3494 562 3574 ipso
582 3493 663 3559 nibil
680 3497 818 3560 mevenit
834 3496 871 3561 de
882 3497 1028 3580 ptpnora
1051 3517 1110 3579 quo
1128 3517 1203 3564 rust

191 3582 336 3663 enrptoris
357 3601 453 3648 roasa
475 3581 582 3648 rwltor
604 3583 760 3666 efficietur.
864 3635 867 3644 .
