2570 3904
175 193 217 257 46
246 194 291 249 IIl.
308 194 383 249 CAH
398 193 543 250 CLAUDII
554 192 843 250 NERON.GALBAE
854 197 1071 254 usstassais
1084 199 1187 259 CONS.

486 363 532 420 De
549 379 687 436 pecorum
709 365 871 438 usufructu.

261 472 312 537 37.
340 470 379 537 D.
390 472 419 554 7,
432 473 460 555 1,
470 471 561 547 eal.
607 471 768 556 Ulpianus
790 475 874 540 libro
899 477 1036 559 septimo
1060 476 1187 544 decimo

172 562 212 626 ad
236 559 390 626 Sabinum
411 557 458 646 (P.
474 557 600 648 25742).
624 597 666 607 -
690 561 789 628 Fetus
813 613 843 627 ..
866 586 1021 647 pecorum
1044 562 1187 633 Sabinus

172 654 204 714 et
227 648 358 715 Cassius
382 650 507 733 opinati
530 654 607 715 sunt
630 652 670 715 ad
692 650 905 718 fructuarium
952 654 1095 720 ertinere.

259 740 311 805 38.
334 738 373 804 D.
385 739 554 824 7‚1‚70‚2.
590 738 667 824 Ulp.
680 739 755 805 ibid.
772 738 821 826 (P.
831 676 959 830 2574b5.
978 779 1021 790 —
1040 792 1063 808 ..
1083 743 1186 809 Gaius

171 825 302 892 Cassius
325 828 408 892 libro
433 832 547 893 octavo
571 828 684 892 scribit
708 850 834 894 earnem
857 830 943 895 fetus
963 830 1123 897 demortui
1142 833 1185 898 ad

170 917 380 981 fructuarium
404 918 576 1001 pertinere.

286 1082 333 1142 De
354 1083 508 1156 usufructu
524 1099 581 1156 per
603 1086 720 1141 seuutus
743 1085 902 1143 coasultum
925 1100 1063 1146 courum.

258 1192 310 1258 39.
343 1191 382 1258 D.
398 1193 427 1274 7,
442 1193 471 1275 5,
485 1192 515 1256 3.
560 1190 721 1276 Ulpianus
744 1193 829 1258 libro
854 1197 968 1259 octavo
991 1193 1116 1260 decimo
1141 1196 1184 1261 ad

169 1278 324 1346 Sabinum
352 1281 401 1369 (P.
420 1277 547 1364 25901’).
574 1315 617 1327 -
646 1280 725 1345 Post
752 1282 838 1365 quod
866 1280 922 1368 (se.
945 1287 1078 1348 senatus
1107 1305 1184 1348 oon-

169 1366 304 1457 sultum)
341 1371 485 1436 omnium
517 1390 624 1433 rerum
654 1391 733 1434 usus
765 1369 889 1435 fruetus
918 1371 1021 1456 legari
1050 1373 1183 1456 poterit.

167 1480 209 1524 au
240 1463 273 1523 et
299 1458 489 1524 nominum?
518 1508 551 1523 ..
581 1456 711 1523 Cassius
739 1462 771 1522 et
799 1457 955 1524 Proculus
984 1461 1183 1548 existimant,

166 1569 261 1632 posse
284 1548 394 1632 legari.

256 1659 442 1720 Sententiam
465 1659 562 1718 eidem
584 1658 661 1718 libro
684 1659 850 1719 attribuere
873 1659 952 1720 lieet.

276 1854 388 1913 Plane
410 1855 632 1914 insertorum
655 1853 831 1913 librorum
853 1855 1066 1930 fragmenta.

252 1979 434 2056 Fragmenta
461 1978 595 2053 disposui
622 1979 784 2038 seeundum
811 1977 945 2037 ordinem
973 1977 1178 2043 Sabinianum.

579 2149 628 2215 De
650 2151 765 2233 tepetis

551 2273 597 2330 De
618 2289 675 2330 usu
697 2273 790 2344 fuudl.

251 2382 304 2446 40.
333 2381 371 2446 D.
382 2382 410 2466 7,
420 2382 450 2462 8,
462 2379 553 2461 121.
597 2381 758 2464 Ulpianus
781 2381 865 2445 libro
889 2380 1027 2464 septimo
1050 2379 1176 2448 decimo

163 2469 203 2535 ad
228 2467 384 2536 Sabinum
407 2467 457 2556 (P.
469 2471 533 2535 257
538 2470 581 2554 7).
601 2507 643 2516 -
661 2470 796 2534 Praeter
819 2469 1054 2535 habitationem
1077 2491 1176 2554 quam

161 2559 274 2644 habet,
310 2559 362 2626 cui
393 2581 470 2624 usus
504 2560 598 2625 datus
631 2562 681 2623 est
712 2557 769 2644 (so.
797 2555 914 2645 fundi),
947 2558 1183 2634 deambulandi

161 2670 287 2735 quoque
315 2653 348 2714 et
375 2649 524 2734 gestandi
551 2649 600 2714 ius
627 2647 771 2712 habebit.
818 2646 957 2712 Sabinus
985 2650 1019 2711 et
1042 2645 1175 2714 Cassius

161 2741 192 2803 et
220 2738 320 2823 lignis
349 2739 388 2802 ad
416 2760 509 2803 usum
538 2737 749 2803 cottidianum
778 2741 811 2801 et
835 2737 931 2801 horto
955 2740 988 2799 et
1011 2736 1116 2818 pomis
1141 2744 1176 2802 et

159 2824 325 2890 holeribus
354 2837 387 2890 et
412 2827 546 2892 fioribus
573 2829 605 2889 et
633 2849 716 2911 aqua
743 2847 890 2906 usurum,
917 2846 983 2889 non
1007 2827 1174 2908 usquead

161 2915 398 2996 compendium,
422 2914 477 2977 sed
502 2914 541 2976 ad
564 2936 667 2996 usum,
692 2913 816 2977 seilicet
838 2934 904 2977 non
927 2934 1028 2997 usque
1053 2914 1093 2977 ad
1117 2915 1174 2979 ab·

159 3022 262 3064 usum.
299 3001 383 3065 idem
398 2999 516 3083 Nerva,
535 3005 567 3065 et
586 3000 683 3064 adicit
765 3000 820 3064 sed
838 3021 941 3085 neque
960 3002 1049 3066 foliis
1067 3023 1174 3086 neque

160 3089 231 3153 oleo
243 3109 345 3173 neque
355 3088 516 3154 frumento
526 3109 628 3172 neque
637 3088 785 3174 frugibus
795 3111 937 3155 usurum.
966 3090 1022 3156 sed
1032 3088 1173 3158 Sabinus

159 3182 192 3242 et
210 3175 341 3243 Cassius
432 3177 494 3242 hoo
514 3178 652 3261 amplius
671 3177 770 3242 etiam
789 3199 828 3242 ex
846 3178 897 3243 his
917 3201 999 3263 quae
1017 3179 1050 3243 iu
1068 3179 1172 3246 fundo

158 3270 342 3352 naseuntur,
366 3267 452 3352 quod
473 3267 512 3330 ad
532 3266 653 3332 vietum
673 3267 735 3332 sibi
755 3267 885 3352 suisque
904 3267 1044 3333 sufficiat
1063 3291 1172 3354 sump-

158 3358 267 3421 turum
291 3360 324 3420 et
348 3379 386 3420 ex
408 3356 459 3421 his
483 3377 564 3441 quae
587 3355 697 3422 Nerva
719 3358 860 3440 negavit.

247 3466 370 3528 Comma
402 3461 531 3528 ‘scilieet
562 3489 621 3529 non
653 3488 748 3546 usquo
779 3468 817 3528 ad
850 3463 993 3529 abusum'
1021 3467 1171 3545 Ulpianus

157 3557 279 3618 addidit.
319 3559 354 3619 of.
377 3557 443 3617 111
471 3580 497 3634 p.
518 3559 593 3618 452.
