2590 3902
172 221 238 286 296
275 220 309 276 V.
327 217 477 276 NERVAE
495 217 543 274 ΕΤ
562 215 715 272 TRAIANI
732 217 838 272 ΤΕΜΡ.
856 217 953 272 IURIS
972 215 1152 272 CONSULTI

173 385 213 450 de
240 383 387 449 dotibus:
415 381 491 459 ‘Qui
514 381 670 465 uxorem',
697 381 816 467 inquit,
844 380 1007 447 ‘ducturus
1031 384 1112 466 erat,
1141 382 1184 447 ab

174 495 226 556 eo,
258 471 341 537 unda
369 471 512 537 duoenda
540 475 623 554 erat,
653 471 884 554 stipulabatur,
912 490 983 534 earn
1009 471 1045 535 in
1072 471 1185 535 matri·

172 561 318 626 monium
340 559 475 643 <datum
497 559 552 643 iri;
576 559 632 645 qui
658 560 789 624 daturus
814 564 891 640 erat,
914 558 948 623 id
967 557 1069 624 eidem
1089 581 1185 642 spon·

173 650 279 715 debat.
316 650 394 714 iem
419 649 474 734 qui
498 670 630 714 uxorem
653 649 787 713 daturus
812 652 889 730 erat,
913 648 954 713 ab
978 669 1016 713 eo
1039 647 1092 714 oui
1111 669 1185 712 eam

174 739 310 804 daturus
334 743 414 823 erat,
438 739 661 823 stipulabatur,
685 759 756 802 eam
776 739 810 801 iu
828 735 1093 822 matrimonium>
1111 735 1185 802 duo·

173 833 244 893 tum
266 828 322 914 iri3
345 829 399 911 qui
423 828 578 893 ducturus
602 829 680 909 erat,
703 826 816 891 itidem
835 824 1022 910 spondebat
1063 828 1092 890 is
1111 846 1186 891 oon-

173 921 298 983 traotus
327 917 574 1001 stipulationum
602 917 875 1000 sponsionumque
898 914 1064 980 dicebatur
1087 917 1185 998 spon-

175 1005 266 1071 salia.
311 1010 389 1070 tuno
415 1027 496 1090 quae
518 1005 679 1089 promissa
703 1006 786 1088 erat,
809 1025 929 1089 sponsa
953 1003 1187 1088 appellabatur,

175 1097 230 1180 qui
258 1093 478 1180 spoponderat
501 1093 684 1177 duoturum,
707 1115 852 1177 sponsus.
903 1091 959 1157 sed
983 1094 1010 1157 si
1032 1096 1109 1176 post
1131 1113 1186 1156 eas

176 1185 404 1269 stipulationes
423 1203 505 1248 uxor
525 1203 590 1248 non
608 1181 747 1247 dabatur
766 1185 904 1247 autnon
923 1181 1108 1264 ducebatur,
1131 1181 1188 1264 qui

176 1273 403 1358 stipulabatur,
426 1294 465 1337 ex
488 1293 611 1356 sponsu
630 1272 757 1356 agebat.
799 1271 919 1335 iudices
938 1270 1187 1356 eognosoebant.

174 1363 270 1429 iudex
306 1361 517 1447 quamobrem
554 1360 629 1426 data
666 1364 837 1444 aooeptave
874 1381 940 1424 non
977 1363 1062 1424 esset
1098 1380 1188 1440 uxor,

180 1451 364 1538 quaerebat.
419 1451 447 1515 si
481 1449 563 1514 nihil
594 1451 698 1515 iustae
731 1469 846 1514 oausae
877 1449 1061 1530 videbatur,
1095 1448 1188 1512 litem

177 1541 312 1625 pecunia
334 1538 536 1622 aestimabat,
559 1539 736 1624 quantique
755 1536 947 1603 interfuerat
965 1559 1036 1602 earn
1055 1558 1189 1602 uxorem

177 1629 280 1712 aoeipi
306 1633 361 1694 aut
385 1627 468 1712 dari,
496 1649 568 1691 eum
592 1627 646 1710 qui
670 1622 887 1712 spoponderat
910 1626 984 1710 <ei>
1006 1625 1062 1710 qui
1085 1625 1189 1708 stipu-

176 1718 263 1782 latus
292 1723 374 1800 erat,
404 1714 660 1782 condemnabat?
705 1716 768 1782 hoo
795 1716 846 1780 ius
872 1714 1110 1800 sponsaliorum
1135 1715 1189 1779 ob

178 1810 342 1871 serratum
366 1805 446 1870 dieit
464 1803 594 1870 Servius
619 1803 660 1870 ad
682 1804 715 1869 id
737 1809 876 1888 tempus,
898 1826 961 1889 quo
985 1803 1101 1869 civitas
1120 1804 1189 1868 uni·

177 1915 272 1960 verso
291 1893 386 1959 Latio
410 1893 481 1979 lege
503 1891 588 1957 Iulia
612 1892 688 1958 data
706 1897 765 1958 est.
806 1893 886 1958 haeo
906 1893 1015 1958 eadem
1034 1891 1189 1958 Neratius

178 1983 309 2068 scripsit
330 1984 366 2046 in
389 1982 472 2047 libro
496 2003 592 2067 quem
615 1981 653 2045 de
676 1983 799 2066 nuptiis
823 1982 1016 2066 composuit.

266 2089 309 2154 2?
333 2087 414 2154 Gall.
428 2089 460 2170 4,
474 2088 505 2171 3,
518 2089 539 2153 2
561 2111 590 2153 v.
604 2086 621 2151 I
643 2110 674 2172 p.
688 2089 763 2153 227.

213 2215 220 2256 t

426 2306 462 2366 V.
490 2305 756 2383 Responsorum
779 2306 868 2366 libri
889 2305 946 2367 ΙΠ.

268 2431 427 2492 Neratium
441 2431 662 2508 Responsorum
680 2431 773 2491 libros
786 2431 835 2490 III
853 2431 980 2490 edidisse
998 2430 1096 2490 indice
1110 2430 1193 2493 Flor.

178 2521 312 2581 traditur
321 2515 496 2601 l‘Neparlov
511 2537 672 2597 respouson
682 2518 782 2599 βιβλία
795 2511 896 2601 τρία’).
920 2521 1009 2596 primi
1023 2522 1054 2580 et
1067 2521 1193 2580 secundi

182 2616 214 2671 et
235 2610 342 2670 inoerti
365 2611 435 2670 libri
454 2612 623 2689 fragmenta
640 2610 672 2668 in
691 2609 851 2670 Iustiniani
868 2608 1002 2687 Digestis
1019 2609 1194 2669 referuntur

181 2700 239 2778 ita,
271 2703 306 2761 ut
338 2703 369 2760 et
395 2698 525 2759 Paulum
557 2702 588 2758 et
614 2697 779 2776 Ulpianum
810 2699 857 2759 hia
889 2697 974 2758 libris
1007 2717 1095 2758 usum
1128 2717 1193 2758 esse

181 2789 344 2850 videamus.
402 2789 486 2849 Paul.
514 2787 630 2849 LVIII
662 2790 699 2848 ad
732 2788 884 2848 Plautium
909 2787 947 2846 D.
968 2788 1023 2864 35,
1044 2789 1076 2859 1,
1096 2788 1193 2866 43,3

180 2869 335 2937 ‘Neratius
359 2878 436 2937 libro
459 2878 555 2953 primo
574 2877 796 2954 Responsorum
814 2867 877 2936 ait’.
913 2875 982 2951 Ulp.
1001 2877 1020 2935 l.
1035 2875 1063 2934 V
1081 2876 1193 2953 Dispu-

181 2966 332 3026 tationum
364 2966 398 3025 D.
419 2967 470 3044 36,
491 2969 520 3044 1,
540 2967 591 3043 23,
611 2968 629 3026 3
664 2959 817 3026 ‘Neratius
840 2965 916 3026 libro
939 2965 1036 3041 primo
1059 2965 1192 3041 Respon-

181 3071 283 3113 sorum
306 3047 428 3114 soribit'.
474 3047 554 3130 Ulp.¹
567 3055 586 3113 l.
605 3053 704 3112 XXIX
729 3055 767 3113 ad
791 3054 921 3114 edietum
943 3052 980 3112 D.
1001 3055 1051 3130 14,
1071 3053 1100 3129 6,
1121 3056 1193 3130 7pr.

181 3135 335 3201 ‘Neratius
362 3141 439 3201 libro
466 3141 563 3217 primo
591 3144 622 3200 et
649 3142 778 3201 seeundo
805 3143 1027 3219 Respousomm
1128 3139 1193 3202 ait’.

181 3229 250 3305 Ulp.
273 3229 345 3289 ibid.
365 3228 558 3305 D.15,1,o‚
576 3233 591 3288 1
618 3224 773 3289 ‘Neratius
801 3226 878 3290 libro
906 3231 1036 3291 seeundo
1059 3230 1194 3307 Respon-

181 3337 282 3379 sorum
302 3310 425 3378 soribit'.
461 3316 532 3394 Ulp.
548 3317 695 3378 LXXXII
714 3317 752 3378 ad
770 3319 900 3380 adlatum
920 3320 955 3377 D.
972 3322 1023 3397 19,
1040 3324 1067 3396 1,
1084 3321 1135 3392 11,
1152 3322 1192 3380 12

182 3402 278 3468 ‘Idem
294 3429 296 3433 ·
315 3399 369 3489 (so.
405 3398 562 3487 Neratius)
598 3407 675 3468 libro
708 3408 836 3468 secundo
872 3407 1091 3484 Responsorum
1129 3401 1195 3486 ait',

181 3497 266 3556 Paul.
284 3497 362 3556 1.1v
377 3495 592 3567 Quaestionum
610 3497 646 3556 D.
664 3498 714 3575 15,
730 3498 758 3575 3,
775 3499 814 3557 19
831 3491 985 3556 ‘Neratius
1002 3495 1079 3556 libro
1094 3490 1125 3574 <.
1141 3539 1149 3556 .
1165 3493 1195 3574 .>
1286 3535 1287 3540 κ

181 3585 401 3663 Respousorum
424 3579 488 3646 ait'.
