2596 3902
152 181 195 244 68
224 179 271 234 111.
287 177 362 232 GAII
375 175 521 232 CLAUDII
536 174 670 230 NERON.
681 173 825 230 GALBAE
836 174 943 231 ΤΕΜΡ.
953 173 1048 229 IURIS
1059 173 1164 230 CONS.

155 344 402 425 usucapturam,
432 339 459 402 si
482 339 548 402 iam
572 337 707 402 maritus
731 337 938 420 concesserit,
965 337 1058 421 quasi
1080 358 1168 402 nunc

156 431 292 495 donasse
314 428 533 512 intellegatur

245 548 431 609 Sententiam
464 565 555 622 supra
584 567 612 623 p.
634 549 674 605 24
702 546 827 605 relatam
855 548 911 606 hoc
937 546 1002 605 loco
1030 550 1167 622 repetere

155 638 295 699 idoneum
314 637 393 696 duxi.
429 635 551 695 Pernics
565 636 639 710 Ira
660 655 687 711 p.
703 637 766 694 419
783 635 943 710 existimat,
962 628 1040 694 ‘dass
1054 634 1169 695 Paulus

97 716 100 721 ’
155 727 236 789 wohl
263 726 339 786 nach
365 724 487 785 Cassius
516 725 563 784 die
591 723 773 800 Schenkung
799 727 889 783 anter
911 725 1082 799 Ehegatten
1111 723 1169 782 mit

156 817 210 876 der
232 815 413 893 Schenkung
435 833 473 873 an
497 814 554 873 den
576 814 739 873 Haussohn
761 807 1038 873 zusammenstellt'.

246 925 320 990 127.
352 923 426 989 Vat.
454 924 494 988 fr.
521 924 587 989 266
615 919 727 1009 (Uip).
760 959 801 968 —
834 922 921 987 ..si
953 923 1024 1007 quis
1056 929 1171 988 contra

157 1017 263 1100 legem
282 1012 428 1080 Cinciam
448 1014 611 1098 obligatus
629 1033 696 1076 non
715 1016 848 1095 excepto
869 1011 1011 1091 solverit,
1030 1008 1170 1076 debebit¹

156 1104 221 1169 dici
260 1106 405 1186 repetere
445 1123 517 1167 eum
554 1123 664 1186 posse3
703 1122 779 1165 nam
818 1121 944 1183 semper
980 1101 1168 1184 exceptione

157 1190 288 1258 Cinciae
316 1192 365 1256 uti
392 1191 513 1274 potuit,
543 1210 603 1255 nec
631 1189 735 1254 solum
762 1190 846 1274 ipse,
873 1210 999 1271 verum,
1027 1196 1063 1252 ut
1091 1189 1169 1254 Pro·

157 1282 296 1347 culeiani
320 1284 433 1345 contra
452 1276 645 1342 Sabinianos
668 1282 793 1362 putant,
817 1277 915 1342 etiam
940 1277 1054 1362 quivis,
1077 1278 1170 1362 quasi

155 1370 322 1455 popularis
347 1370 391 1434 sit
413 1368 492 1432 haec
516 1367 672 1449 exceptio.

249 1475 320 1540 128.
352 1473 391 1538 D.
411 1473 463 1557 39,
482 1473 513 1555 6,
532 1472 585 1555 35,
602 1473 632 1537 2.
651 1474 681 1538 3.
735 1472 855 1537 Paulus
887 1473 971 1537 libro
1004 1479 1095 1538 sexto
1129 1473 1171 1540 ad

157 1559 262 1648 legem
287 1562 404 1627 Iuliam
428 1564 460 1625 et
480 1561 615 1645 Papiam
639 1560 688 1646 (P.
703 1557 791 1646 962).
814 1598 857 1608 -
881 1564 953 1625 ..is
976 1561 1032 1647 qui
1055 1564 1169 1628 mortis

158 1675 256 1718 causa
283 1653 395 1735 donat,
427 1672 461 1715 se
489 1650 612 1735 cogitat
639 1654 736 1734 atque
764 1672 873 1715 amore
901 1651 987 1715 vitae
1009 1652 1169 1734 recepisse

157 1742 266 1825 potius
290 1763 385 1826 quam
411 1739 536 1804 dedisse
560 1739 697 1822 mavult,
726 1742 759 1803 et
781 1737 842 1803 hoc
865 1743 924 1822 est,
948 1761 1046 1823 quare
1069 1741 1169 1825 vulgo

159 1830 298 1894 dicatur:
327 1852 360 1894 se
388 1829 497 1912 potius
526 1827 644 1892 habere
673 1827 744 1891 vult
770 1849 865 1911 quam
889 1829 1035 1893 eumeni
1059 1829 1170 1913 donat,

157 1919 250 1982 illum
279 1918 392 1982 deinde
420 1917 528 2001 potius
557 1938 652 2001 quam
681 1916 829 1980 heredem
858 1938 961 1982 suum.
1008 1938 1084 2002 ergo
1114 1921 1170 2002 qui

158 2007 273 2070 mortis
302 2026 398 2070 causa
428 2005 540 2088 donat,
568 2027 632 2090 qua
654 2009 745 2087 parte
774 2027 807 2068 se
835 2007 973 2088 cogitat,
1000 2007 1168 2091 negotium

159 2094 253 2179 gerit,
276 2093 398 2158 scilicet
420 2099 467 2175 ut,
494 2115 566 2158 cum
589 2093 795 2177 convaluerit,
822 2094 975 2158 reddatur
998 2095 1069 2159 sibi.
1111 2118 1171 2162 nec

159 2184 387 2247 dubitaverunt
414 2179 575 2263 Cassiani,
603 2181 680 2266 quin
708 2182 909 2248 condictione
936 2184 1038 2266 repeti
1065 2186 1172 2268 possit

160 2272 255 2357 quasi
278 2293 313 2335 re
337 2291 403 2336 non
427 2276 536 2335 secuta
559 2273 693 2354 propter
715 2269 800 2334 hanc
822 2272 995 2352 rationem,
1023 2273 1108 2355 quod
1133 2295 1172 2338 ca

160 2382 242 2444 quae
273 2360 417 2441 [dantur]
446 2364 503 2423 aut
530 2360 578 2424 ita
607 2359 737 2442 dantur,
763 2363 801 2423 ut
828 2359 950 2445 aliquid
974 2360 1086 2442 facias,
1115 2367 1172 2426 aut

159 2455 196 2513 ut
220 2469 280 2535 ego
304 2447 427 2532 aliquid
450 2449 604 2532 capiam„
618 2452 675 2512 aut
702 2453 739 2511 ut
760 2446 876 2514 Lucius
904 2447 1022 2529 Titiae,
1051 2453 1107 2514 aut
1135 2457 1172 2515 ut

160 2538 282 2622 aliquid
306 2538 470 2622 optingat,
494 2539 541 2619 [et
563 2537 597 2600 in
619 2537 705 2618 istis]
730 2535 891 2601 condictio
915 2539 1069 2621 sequitur.

249 2657 437 2734 Quamquam
464 2657 601 2718 Cassium
631 2659 710 2717 inter
737 2656 894 2717 Cassianos
925 2675 1083 2717 numerare
1112 2679 1173 2720 nen

159 2748 240 2825 lieet,
263 2750 364 2807 tamen
386 2747 597 2825 fragmentum,
621 2748 700 2825 quod
722 2746 816 2807 Lenel
837 2747 887 2807 vel
908 2746 940 2804 iu
964 2744 1067 2805 Sabini
1089 2748 1171 2828 frag-

159 2840 262 2896 menta
284 2826 331 2917 (P.
353 2827 432 2915 171)
453 2837 579 2914 recepit,
602 2836 658 2896 hoc
681 2838 746 2896 loco
771 2836 905 2912 proferre
928 2834 1068 2894 idoneum
1092 2838 1170 2900 duxi.

251 2944 323 3009 129.
347 2944 385 3009 D.
400 2946 454 3026 41,
469 2945 499 3024 3,
512 2948 543 3028 4,
557 2947 610 3009 21.
646 2944 764 3009 Paulus
780 2945 862 3009 libro
878 2944 1171 3029 quinquagensimo

162 3037 278 3116 quarto
302 3032 342 3096 ad
366 3031 504 3097 edictum
531 3030 580 3119 (P.
594 3031 683 3117 673).
706 3069 749 3079 -
773 3030 807 3097 Si
828 3055 896 3096 rem
915 3031 1043 3120 pignori
1062 3040 1171 3102 datam
1273 3051 1286 3072 '

162 3120 289 3185 debitor
317 3120 516 3203 subripuerit
543 3125 575 3185 et
601 3120 792 3204 vendiderit,
821 3124 955 3207 usucapi
981 3143 1053 3188 eam
1075 3147 1172 3209 posse

162 3207 294 3275 Cassius
328 3208 453 3293 scribit,
491 3209 567 3292 quia
598 3209 632 3274 in
665 3213 859 3293 potestatem
890 3211 1012 3275 domini
1045 3214 1173 3280 videtur

161 3318 358 3472 ξὲξνξιὲῖἰεεῖ,
381 3298 436 3382 qui
459 3297 591 3382 pignori
615 3296 747 3383 dederit,
771 3300 916 3383 quamvis
940 3321 1013 3364 cum
1033 3324 1070 3367 eo
1089 3303 1172 3369 furti

234 3551 249 3599 1
274 3543 300 3597 V
315 3542 413 3599 debuit
