2590 3902
169 203 234 268 334
269 204 303 260 V.
321 202 469 258 NERVAE
489 204 534 259 ET
554 201 705 258 TRAIANI
722 202 830 259 ΤΕΜΡ.
849 202 944 260 IURIS
965 203 1142 260 CONSULTI

168 373 206 432 ad
229 373 294 432 eius
317 373 538 449 Responsorum
560 372 652 432 libros
675 373 834 449 pertinere.
880 373 918 432 ad
946 391 1034 451 quam
1062 374 1177 434 oonieo·

39 519 43 528 ,
165 465 266 521 turam
303 459 532 522 confirmandam
569 475 749 539 quamquam
781 461 852 520 addi
883 465 991 540 petest,
1024 463 1056 521 in
1088 463 1179 522 Pauli

165 549 342 627 fragmentis
365 550 427 609 illis
445 568 622 626 responsum
640 569 757 627 quoque
775 550 893 610 Neratii
911 551 1037 612 inveniri
1056 544 1106 630 (D.
1123 554 1178 630 47,

166 641 215 712 19,
238 632 280 720 6),
309 642 340 699 et
366 638 446 698 idem
473 638 535 698 fere
563 639 643 717 qnod
667 639 823 699 Neratium
851 640 1037 716 respondisse
1061 640 1178 701 Paulus

67 751 73 762 ·
164 722 200 788 D.
219 730 271 806 41,
291 728 358 806 3,8
387 726 488 796 refert,
515 727 592 789 libre
620 729 668 788 ΙΠ
696 728 735 787 ad
761 728 919 788 Neratium
951 729 987 789 D.
1007 730 1058 808 41,
1083 730 1112 808 3,
1132 731 1176 789 47

163 816 253 894 tradi,
276 819 377 876 tamen
398 817 466 894 plus
490 817 685 877 dubitationis
707 819 849 894 remanet,
878 836 969 894 quam
995 821 1031 878 ut
1058 818 1177 878 Neratii

166 906 339 984 fragmentis
358 905 579 982 Responsorum
601 906 685 966 libris
704 906 871 967 tribuendis
891 925 925 966 ea
944 906 1052 966 addere
1071 907 1174 984 lioeat,

163 1014 238 1072 quae
262 1013 298 1054 ex
319 994 408 1054 Pauli
430 994 477 1054 his
500 994 584 1055 libris
607 995 709 1071 quaeri
731 996 863 1068 possunt.
1011 988 1016 994 ’

251 1085 296 1144 De
328 1084 392 1142 iure
424 1084 560 1160 inprimis
593 1084 673 1144 cirili
696 1084 862 1149 Neratium
896 1083 1006 1144 dixisse
1038 1089 1176 1162 apparet.

164 1171 244 1251 quod,
262 1172 298 1232 de
316 1171 433 1248 peculio
450 1172 598 1247 quaedam
616 1172 739 1250 addidit,
757 1174 789 1232 in
807 1192 841 1233 eo
857 1172 1033 1234 Iauolenum
1051 1177 1176 1234 secutus

162 1262 295 1337 videtur,
326 1280 415 1338 quem
441 1260 518 1320 libre
542 1261 601 1320 XII
628 1281 663 1323 ex
687 1261 789 1322 Cassio
819 1261 855 1322 de
883 1262 999 1340 peculio
1028 1266 1059 1322 et
1081 1262 1118 1322 de
1142 1262 1177 1322 in

162 1370 227 1410 rem
258 1368 343 1411 verso
376 1349 484 1410 dixisse
512 1350 648 1410 vidimus.
699 1351 832 1428 priorum
865 1351 940 1410 iuris
967 1351 1175 1411 consultorum

163 1439 327 1500 sententias
354 1457 373 1496 a
399 1437 522 1498 Neratio
549 1441 683 1517 prolatas
711 1439 885 1500 Triboniani
908 1440 1027 1500 adiutor
1049 1439 1172 1500 videtur

162 1528 304 1588 abieeisse
328 1520 444 1608 (1145,
461 1531 619 1606 1,140pr.
654 1523 710 1589 ‘De
730 1530 786 1589 hao
804 1528 998 1606 stipulatione
1019 1572 1070 1590 ...
1093 1529 1175 1606 apud

162 1621 277 1678 veteres
301 1617 418 1676 varium
440 1617 507 1678 fuit.
530 1617 654 1678 Paulus:
678 1617 730 1678 sed
752 1617 852 1678 verius
876 1621 942 1677 est.
959 1663 965 1676 .
980 1609 1024 1698 .’).

250 1705 286 1765 16
304 1704 393 1764 Ρ6611
415 1704 592 1782 fragmentis
616 1725 682 1766 oum
701 1725 832 1785 eaquae
851 1706 888 1764 ad
907 1705 1064 1766 Neratium
1083 1709 1174 1766 nota-

161 1795 218 1872 vit,
253 1793 371 1870 saepius
402 1793 514 1854 diserte
546 1794 739 1873 designentur
770 1786 966 1877 (quibusdam
998 1795 1173 1870 praemissis

160 1883 274 1960 legitur
296 1877 431 1941 ‘Paulus'
453 1881 485 1942 P.
502 1885 596 1965 1029.
619 1884 826 1944 10301033.
848 1885 942 1943 1034.
964 1885 1173 1944 10301037.

163 1972 256 2032 1040.
274 1972 479 2031 10431048.
515 1965 639 2032 Ῥ66166
654 1967 750 2032 notat'
764 1973 796 2032 P.
814 1975 908 2032 1040.
946 1965 1113 2032 ‘Neratius'
1126 2021 1133 2034 .
1146 2019 1172 2035 ..

162 2053 296 2118 ‘Paulus'
320 2059 352 2120 P.
378 2049 487 2140 1023),
509 2079 603 2119 unum
625 2061 829 2137 fragmentum
852 2060 938 2120 Pauli
961 2062 1172 2123 tantummodo

160 2151 263 2209 notam
278 2147 416 2207 exhibere
426 2147 534 2208 dieitur
548 2141 595 2230 (P.
608 2143 717 2230 1024).
733 2149 769 2209 de
779 2149 885 2209 esteris
895 2150 1074 2226 fragmentis
1084 2150 1172 2210 dubi·

160 2237 220 2297 tari
242 2238 351 2313 potest,
374 2241 475 2295 utrum
496 2236 614 2297 Neratii
637 2256 675 2296 an
693 2237 782 2297 Pauli
805 2239 984 2298 sententiam
1002 2237 1172 2302 exhibeant.

161 2345 290 2403 quorum
316 2324 554 2402 fragmentorum
581 2327 639 2386 duo
668 2345 780 2404 genera
803 2330 881 2403 sunt,
905 2327 1034 2386 alterum
1056 2345 1172 2408 eorum,

161 2433 237 2492 quae
251 2432 341 2473 unam
355 2414 534 2474 sententiam
549 2418 719 2491 separatam
732 2416 886 2476 continent
899 2408 957 2498 (er.
972 2435 1016 2492 gr.
1027 2414 1059 2476 P.
1073 2418 1171 2478 1020.

161 2506 256 2565 1022.
282 2497 394 2584 1025),
426 2502 554 2563 alterum
587 2522 702 2579 eorum,
734 2504 841 2581 quibus
871 2506 972 2580 plures
1001 2506 1171 2566 sententiae

160 2593 333 2654 coniunctae
351 2592 396 2651 ita
413 2592 616 2670 proferuntur,
634 2593 718 2654 utin
736 2593 834 2670 priore
853 2598 939 2666 parte
953 2593 1042 2653 Pauli
1059 2611 1172 2654 nomen

159 2682 291 2758 positum
305 2682 346 2742 sit
360 2674 405 2763 (P.
417 2683 502 2744 1027
517 2682 551 2741 Ι).
562 2684 614 2759 35,
625 2685 654 2761 1,
665 2685 758 2760 9666.
774 2729 781 2744 .
796 2729 803 2742 .
817 2728 823 2741 .
839 2682 966 2743 Paulus:
990 2729 996 2741 .
1013 2728 1019 2742 .
1035 2726 1042 2741 .
1057 2679 1105 2758 §1
1124 2728 1170 2745 ...

159 2772 192 2830 P.
208 2774 293 2833 1046
314 2772 348 2832 D.
364 2772 415 2850 45,
431 2775 459 2850 1,
475 2762 1116 2852 140pr...§1...Paulus...§2...):
1139 2773 1172 2831 in

159 2861 206 2920 his
238 2860 326 2920 Pauli
357 2879 465 2920 nomen
497 2860 535 2919 ad
567 2880 632 2921 eam
663 2865 782 2921 tantum
813 2860 1005 2936 sententiam,
1043 2861 1093 2920 661
1127 2861 1171 2920 di·

160 2951 240 3008 serte
262 2948 412 3008 adiectum
436 2951 495 3022 est,
524 2953 661 3026 spectare
684 2951 757 3010 satie
780 2952 914 3026 apparet.
959 2953 992 3009 at
1013 2967 1109 3027 neque
1135 2968 1171 3009 66

158 3037 337 3112 fragmenta,
359 3036 391 3094 in
414 3036 521 3113 quibus
544 3037 632 3097 Pauli
654 3056 762 3097 nomen
785 3039 877 3116 deest,
900 3056 996 3114 neque
1018 3037 1170 3114 fragmen-

158 3128 257 3184 torum
275 3127 386 3202 partes,
404 3124 442 3182 ad
461 3143 536 3202 quas
554 3125 643 3185 Pauli
659 3144 768 3185 nomen
785 3128 933 3187 insertum
950 3145 1010 3185 non
1026 3126 1170 3205 pertinet,

157 3211 224 3272 ideo
246 3211 369 3272 Neratio
392 3211 600 3273 attribuendae
622 3216 700 3290 sunt,
718 3215 809 3275 immo
827 3215 912 3275 Pauli
932 3214 1072 3275 videntur
1091 3233 1169 3276 esse.

158 3299 230 3378 quin
258 3299 349 3358 etiam
377 3300 468 3360 Pauli¹
490 3301 586 3360 oratio
608 3320 822 3381 nonnunquam
845 3304 1026 3386 agnoscitur,
1053 3323 1098 3365 ex.
1123 3324 1168 3383 gr.

157 3390 359 3466 fragmentum
381 3388 414 3448 P.
431 3391 513 3449 1021
534 3390 570 3448 D.
588 3393 615 3469 7,
632 3394 659 3466 5,
671 3394 704 3452 4:
723 3386 806 3471 ‘ergo
825 3393 923 3453 cautio
943 3393 1035 3452 etiam
1054 3393 1092 3452 ab
1111 3393 1168 3453 hoo

158 3475 304 3556 exigenda
322 3470 392 3536 erit'
411 3476 459 3538 vel
472 3477 538 3540 ideo
552 3478 646 3541 Paulo
661 3481 887 3542 attribuendum
900 3482 1028 3561 videtur,
1042 3481 1121 3559 quod
1135 3481 1169 3542 in

157 3566 224 3626 aliis
240 3565 415 3642 fragmentis
428 3568 502 3627 haee
514 3569 668 3646 leguntur:
683 3563 820 3632 ‘Paulust
836 3590 907 3650 ergo
918 3619 925 3633 .
936 3617 942 3633 .
955 3570 1051 3633 .idem
1067 3570 1168 3630 dieen-
