2614 3912
187 203 252 268 352
289 202 322 259 V.
341 201 491 258 NERVAE
510 203 557 256 ET
577 202 730 257 TRAIANI
747 199 855 258 ΤΕΜΡ.
872 201 968 257 IURlS
987 201 1168 258 consum

186 387 337 435 nummos
362 366 541 432 debitorem
564 366 713 432 iusserim
733 367 790 431 alii
809 364 893 431 dare.
929 387 993 432 non
1012 364 1096 431 essc¹
1114 366 1200 432 enim

188 477 322 541 corpore
355 458 387 520 et
415 459 506 521 tactu
532 477 663 520 necesse
690 455 928 540 adprehendere
955 455 1202 539 possessionem,

188 545 244 611 sed
268 545 366 610 etiam
393 545 494 610 oculis
518 548 551 609 ct
574 544 701 610 affectu.
750 547 940 629 argumento
964 564 1034 608 esse
1058 566 1113 609 eas
1140 566 1202 629 res,

190 656 272 720 quae
283 637 416 718 propter
426 633 680 719 magnitudinem
689 633 838 717 ponderis
849 633 972 698 moveri
981 654 1044 698 non
1055 639 1202 718 possunt,

186 728 223 789 ut
241 724 421 807 columnas3
440 744 516 788 nam
535 744 595 808 pro
613 722 744 787 traditis
760 743 814 786 cas
828 721 947 805 haberi,
966 721 994 787 si
1013 721 1045 786 in
1061 743 1095 786 re
1111 743 1201 806 prae·

189 813 276 877 senti
299 812 534 895 consenserint,
562 815 595 876 et
617 811 692 876 vina
714 811 835 875 tradita
858 809 973 892 videri,
997 832 1069 876 cum
1094 811 1201 877 claves

187 901 287 967 cellae
310 901 455 967 vinariae
478 901 616 986 emptori
639 899 778 965 traditae
801 899 930 964 fuerint.

275 1008 327 1074 59.
359 1007 400 1072 D.
423 1008 476 1089 41,
500 1008 530 1090 2,
555 1008 583 1072 7.
634 1006 755 1071 Paulus
788 1005 872 1071 libro
906 1006 1199 1092 quinquagensimo

187 1100 302 1182 quarto
333 1097 373 1161 ad
404 1095 546 1161 edictum
575 1095 622 1178 (P.
646 1091 735 1184 660).
764 1131 806 1142 -
831 1093 885 1180 (D.
904 1096 958 1180 41,
976 1096 1006 1178 2,
1027 1095 1096 1178 ul
1126 1095 1200 1182 Ulp.

186 1187 207 1252 l.
225 1183 314 1251 LXX
342 1183 382 1250 ad
411 1183 458 1249 ed.
503 1182 578 1260 ‘Qui
601 1184 642 1248 ad
664 1183 826 1249 nundinas
848 1185 1015 1268 profectus
1038 1184 1200 1249 neminem

186 1275 355 1361 reliquerit
378 1279 425 1356 ct,
452 1273 604 1338 dumille
629 1295 647 1336 a
669 1273 820 1341 nundinis
844 1271 941 1357 redit,
968 1271 1084 1357 aliquis
1110 1294 1202 1340 occu·

186 1365 312 1448 paverit
330 1361 577 1447 possessionem,
595 1362 697 1426 rideri
716 1384 787 1427 eum
807 1361 891 1426 clam
909 1359 1073 1445 possidere
1092 1360 1200 1428 Labeo

187 1453 313 1537 scribit3
340 1451 458 1517 retinet
483 1470 559 1536 ergo
582 1451 821 1536 possessionem
844 1450 872 1514 is
895 1450 950 1535 qui
974 1449 1014 1515 ad
1036 1450 1198 1516 nundinas

187 1542 277 1606 abiit.
314 1562 426 1606 rerum
450 1540 477 1604 si
500 1543 713 1605 revertentem
735 1539 900 1604 dominum
919 1560 985 1604 non
1005 1537 1201 1622 admiserit²,

161 1631 219 1693 si
248 1630 351 1713 magis
379 1629 526 1712 intellegi
553 1627 731 1713 possidere,
763 1649 830 1693 non
857 1624 977 1714 clam')
1030 1628 1084 1693 sed
1113 1634 1146 1694 et
1174 1629 1201 1693 si

187 1718 272 1783 nolit
298 1720 332 1783 in
354 1718 490 1783 fundum
505 1717 644 1798 reverti,
667 1716 751 1801 quod
775 1717 841 1782 vim
866 1718 1020 1783 maiorem
1044 1722 1202 1803 vereatur,

189 1804 1200 1890 amisissepossessiouemvidebitur3etitaNeratius..scribit.

537 2015 545 2026 ³
567 2007 614 2067 De
636 2009 820 2080 usucapione.

276 2123 341 2190 60?
369 2124 408 2189 D.
423 2126 475 2209 41,
488 2126 519 2202 4,
535 2127 565 2208 2,
580 2127 609 2192 6.
654 2124 775 2191 Paulus
797 2126 882 2191 libro
910 2126 1201 2212 quinquagensimo

187 2217 301 2295 quarto
325 2213 364 2279 ad
387 2214 526 2279 edictum
545 2213 595 2301 (P.
606 2213 696 2300 664).
714 2251 756 2261 -
776 2213 857 2279 Cum
877 2213 1024 2280 Stichum
1043 2216 1201 2294 emissem,

186 2301 293 2368 Deme
306 2323 365 2386 per
378 2302 595 2389 ignorantiam
610 2303 690 2368 mihi
702 2325 763 2387 pro
778 2326 816 2369 eo
829 2303 969 2369 traditus
980 2306 1039 2368 est.
1071 2303 1202 2370 Priscus

187 2393 234 2457 ait
256 2415 316 2457 usu
339 2413 390 2456 me
415 2413 487 2456 eum
507 2414 574 2457 non
592 2398 771 2477 capturum,
794 2392 871 2477 quia
888 2392 930 2471 id,
953 2392 1038 2476 quod
1056 2396 1202 2476 emptum

187 2504 253 2547 non
271 2483 323 2564 sit,
342 2503 401 2564 pro
421 2485 566 2566 emptore
584 2480 718 2564 usucapi
735 2502 803 2546 non
822 2484 946 2566 potest3
965 2479 1021 2546 scd
1039 2479 1067 2544 si
1081 2480 1201 2546 fundus

187 2575 314 2655 emptus
335 2573 379 2635 sit
397 2573 430 2634 et
448 2570 621 2655 ampliores
640 2570 722 2635 fines
740 2570 882 2656 possessi
901 2569 976 2653 sint,
998 2572 1105 2634 totum
1123 2568 1203 2636 usu³

187 2659 272 2745 capi,
300 2659 452 2745 quoniam
480 2660 674 2725 universitas
703 2659 770 2725 eins
798 2658 1014 2744 possideatur,
1041 2680 1108 2722 non
1135 2660 1201 2724 sin·

187 2748 282 2835 gulae
306 2753 423 2833 partes.

277 2857 328 2921 61.
355 2854 395 2919 D.
409 2856 462 2939 41,
478 2857 528 2939 10,
543 2857 572 2922 3.
618 2855 814 2939 Pomponius
842 2853 927 2919 libro
956 2853 1131 2920 vicensimo
1156 2877 1203 2920 se·

187 2943 292 3008 cundo
319 2943 360 3008 ad
383 2943 537 3009 Sabinum
562 2942 611 3031 (P.
625 2941 730 3027 69612).
756 2980 794 2991 -
825 2941 1012 3026 Hominem,
1039 2965 1134 3028 quem
1164 2967 1204 3010 ex

188 3030 399 3114 stipulatione
418 3036 450 3096 te
470 3032 550 3096 mihi
569 3032 684 3097 debere
703 3033 785 3097 falso
801 3030 1019 3115 existimabas,
1036 3031 1203 3098 tradidisti

187 3118 276 3185 mihi.
305 3120 333 3184 si
349 3120 480 3185 scissem
495 3119 575 3184 mihi
589 3119 670 3185 nihil
685 3119 803 3203 dehent,
820 3142 879 3186 usn
894 3143 966 3185 eum
981 3141 1047 3186 non
1061 3122 1203 3206 capiam3

188 3207 330 3291 quodsi
357 3208 479 3289 nescio,
507 3209 614 3273 verius
636 3213 700 3291 est,
727 3213 764 3274 ut
786 3209 1004 3294 usucapiam[,
1032 3211 1108 3294 quia
1130 3211 1204 3296 ipsa

258 3363 436 3505 {gladiis
450 3435 527 3506 apud
540 3437 636 3491 Norat.
650 3435 736 3507 legit:
751 3437 859 3492 ‘verum
874 3436 898 3492 si
914 3439 1056 3493 revertens
1071 3439 1202 3495 dominns

187 3520 244 3561 non
263 3505 400 3561 admissus
419 3505 477 3574 sit',
496 3505 571 3577 apud
589 3509 667 3564 Paul.
686 3509 792 3563 tradita
810 3508 896 3564 verba
914 3507 1035 3564 exhibet.

260 3584 276 3632 3
298 3577 371 3634 Trio.
390 3577 475 3650 longo
494 3581 628 3651 tempore.
