2580 3900
499 206 523 254 3.
543 198 761 254 OCTAVENUS
1068 198 1134 263 215

123 368 154 428 ct
180 361 355 428 secundum
379 361 535 428 Octaveni
563 362 756 426 sententiam
784 361 864 426 mihi
891 361 953 426 soli
978 362 1135 445 competit

122 451 199 517 furti
227 453 326 532 ectio,
355 472 427 516 cum
449 450 543 516 heres
567 473 624 515 suo
648 452 779 516 nomine
801 473 866 515 non
889 450 1021 532 habeat,
1049 450 1134 533 quie,

21 569 22 622 ;
122 560 320 624 quacumque
351 540 476 604 ratione
508 540 686 604 dominium
719 543 879 603 mutatum
913 540 969 622 sit,
1001 539 1132 604 domino

21 657 22 660 ¹
121 633 304 713 competere
326 627 407 693 furti
430 629 591 693 actionem
614 630 751 694 constat.

479 788 528 853 De
551 789 611 872 iope
633 787 776 870 Aquilia.

20 943 21 968 ,
209 895 261 960 14.
286 893 323 958 D.
336 894 405 979 9‚2‚
416 892 529 974 27,25.
574 892 734 978 Ulpianus
757 893 842 958 libro
866 896 982 958 octavo
1007 893 1131 960 decimo

20 1043 21 1068 ,
120 983 158 1048 ad
190 983 332 1048 edictum
364 979 414 1069 (P.
435 981 524 1069 625).
558 1019 596 1030 -
631 980 666 1046 Si
698 982 817 1047 olivam
849 981 1046 1047 inmaturam
1080 982 1132 1047 de·

120 1073 275 1156 corpserit
297 1072 348 1135 vel
367 1075 511 1156 segetem
530 1071 708 1136 desecuerit
726 1072 933 1136 immaturam
952 1071 1002 1136 vel
1022 1071 1133 1136 vincas

19 1227 21 1242 ,
120 1161 244 1245 crudas,
266 1159 399 1245 Aquilia
417 1159 593 1244 tenebitur3
615 1160 701 1244 qnod
720 1161 748 1225 si
766 1161 831 1224 iam
851 1163 1004 1244 maturas,
1026 1164 1133 1224 cessat

19 1293 20 1304 .
120 1249 264 1335 Aquilia,
293 1248 384 1313 nulla
411 1248 497 1313 enim
524 1249 642 1313 iniuria
670 1253 732 1333 cst,
759 1271 832 1314 cum
860 1247 921 1312 tibi
949 1249 1046 1312 etiam
1075 1248 1131 1311 im·

19 1355 20 1358 ’
119 1360 235 1422 pensas
274 1337 455 1421 donaverit,
496 1359 579 1422 quae
614 1339 648 1402 in
686 1338 909 1403 collectionem
945 1336 1132 1402 huiusmodi

118 1427 283 1492 fructuum
313 1426 553 1510 impenduntur.
603 1427 658 1490 sed
695 1427 722 1491 si
755 1427 889 1492 collecta
920 1425 999 1490 haec
1031 1424 1131 1489 inter·

119 1517 253 1599 ceperit,
281 1514 362 1579 furti
384 1519 521 1579 tenetur.
567 1514 750 1580 Octavenus
773 1516 806 1580 in
831 1514 906 1605 uvis¹
925 1514 1035 1593 adicit,
1058 1515 1132 1597 nisi,

117 1604 237 1688 inquit,
259 1605 294 1668 to
317 1609 432 1669 terram
454 1624 531 1668 ovas
548 1606 691 1686 proiecit,
713 1609 749 1669 or
769 1603 1009 1684 effunderentur.

205 1696 292 1767 Quod
311 1695 480 1758 Octevenus
499 1693 542 1756 tin
559 1697 626 1758 uvis
644 1690 756 1776 adicit',
774 1699 813 1758 ed
831 1697 991 1758 Vitianum
1011 1696 1132 1757 videtur

115 1787 269 1847 adiecisse.
316 1786 453 1864 Krueger
476 1807 503 1862 p.
519 1788 582 1847 158
606 1807 634 1846 n.
651 1790 700 1847 99.

205 1875 241 1934 cf.
265 1873 329 1936 Gai.
349 1877 379 1952 3,
399 1877 461 1936 182
495 1870 533 1935 ‘si
564 1875 595 1934 in
627 1877 738 1936 oliveto
772 1877 932 1952 olivarum,
965 1875 996 1933 in
1028 1875 1130 1935 vineto

115 1983 244 2024 uvarum
266 1963 383 2022 furtum
406 1965 519 2023 factum
543 1958 610 2024 cst'.

206 2064 257 2130 15.
288 2063 328 2130 D.
346 2064 424 2130 ibid.
443 2066 462 2144 ξ
482 2065 534 2129 26.
566 2102 610 2112 -
639 2064 729 2129 Idem
763 2069 795 2130 et
826 2066 861 2129 in
894 2066 977 2130 silva
1009 2067 1131 2131 caedua

115 2154 230 2219 scribit
245 2150 516 2239 (scOctavcnus),
530 2158 576 2239 ut,
590 2157 617 2219 si
631 2155 813 2235 immatura,
828 2155 958 2239 Aquilia
972 2158 1130 2234 teneatur,

114 2243 201 2327 quod
216 2243 244 2306 si
258 2246 385 2306 matura
398 2243 612 2328 interceperit,
629 2243 709 2307 furti
722 2245 826 2308 teneri
839 2265 911 2307 eum
927 2247 961 2308 et
975 2244 1131 2309 arborum

114 2331 227 2396 furtim
252 2351 426 2395 caesarum.

206 2419 256 2485 16.
279 2419 318 2484 Ι).
334 2417 407 2482 ibid.
422 2422 441 2500 ξ
455 2420 507 2484 27.
527 2457 568 2467 -
591 2418 625 2485 Si
649 2421 799 2485 salictum
824 2424 986 2485 maturum
1010 2421 1065 2502 ita,
1088 2443 1129 2486 nc

115 2510 234 2592 stirpes
258 2507 415 2589 laederes,
437 2507 595 2588 seruerim,
619 2530 745 2573 cessare
769 2509 942 2592 Aquiliam.
1195 2503 1199 2512 '

203 2603 241 2663 cf.
261 2600 398 2660 Cassium
421 2602 457 2660 D.
474 2605 526 2679 33,
542 2605 570 2679 7,
587 2605 637 2678 12,
653 2605 692 2661 11
719 2595 824 2683 (supra
845 2623 875 2678 p.
889 2595 955 2684 48).

402 2755 452 2822 De
473 2757 639 2824 coxalibus
660 2715 840 2821 actionibus.

204 2863 255 2927 17.
280 2861 316 2926 D.
329 2862 359 2941 9,
369 2864 461 2945 4,26‚
471 2863 500 2929 5.
546 2862 667 2928 Paulus
690 2863 775 2928 libro
799 2865 913 2928 octavo
938 2862 1062 2927 decimo
1087 2864 1127 2928 ad

113 2951 253 3017 edictum
277 2949 326 3035 (P.
340 2949 447 3038 28912).
473 2988 509 2998 -
617 2953 645 3016 si
668 2951 838 3036 negaveris
861 2973 989 3016 servum
1012 2952 1047 3016 in
1070 2955 1129 3018 tua

115 3044 276 3122 potestate
305 3062 387 3119 esse,
419 3044 534 3124 postea
561 3039 656 3106 fateri
682 3039 819 3125 poteris,
846 3040 910 3105 nisi
938 3040 965 3105 si
992 3039 1058 3106 iam
1086 3042 1128 3107 lis

115 3129 266 3193 adversus
294 3133 326 3193 tc
354 3133 536 3194 contestata
563 3135 625 3212 cst3
653 3151 730 3195 nam
758 3132 836 3194 tunc
859 3129 964 3194 audiri
986 3152 1050 3195 non
1075 3131 1127 3194 de·

115 3215 219 3304 bobis,
246 3221 284 3282 ut
310 3216 418 3282 Labeo
448 3219 503 3282 ait.
548 3216 729 3284 Octevcnus
758 3240 796 3283 cx
824 3240 922 3284 causa
949 3219 1046 3283 etiam
1070 3220 1127 3284 lite

115 3309 301 3370 contestata
326 3306 388 3371 tibi
416 3307 677 3393 succurrendum,
703 3307 815 3390 utique
843 3307 986 3373 eiectas
1010 3311 1066 3372 tua
1090 3329 1129 3372 ea

116 3392 172 3476 sit,
194 3398 231 3458 ut
253 3395 381 3480 ignosci
403 3395 464 3460 tibi
487 3395 611 3460 debeat.

186 3573 200 3622 1
220 3567 269 3626 ΡΖ.
287 3567 394 3626 tuleris.
