2614 3912
188 243 253 310 438
289 243 322 300 V.
341 242 491 298 NERVAE
509 243 555 298 ΕΤ
575 241 728 298 TRntlANI
746 241 853 299 ΤΕΜΡ.
870 240 967 298 IURIS
987 238 1166 298 consului

187 414 216 474 et
239 427 275 473 ea
302 411 384 472 terra
410 407 552 472 adsiduis
571 406 692 489 pluvios
717 406 885 489 inundata,
914 406 961 470 ita
981 405 1103 487 pariete
1131 403 1198 470 eius

188 497 243 579 qui
265 496 416 561 locaverat
435 516 540 561 umore
555 496 738 578 promtituto
761 493 944 581 madefaoto,
970 493 1112 577 aedifioio
1134 513 1199 558 eor·

187 589 324 650 ruerunt.
365 585 465 650 Labeo
488 605 526 650 en
549 585 645 650 dorato
668 585 877 650 wntummodo
899 583 1047 650 actionem
1064 601 1126 647 osse
1144 583 1199 664 ait,

187 675 263 758 quia
293 693 356 740 non
387 675 458 756 obeo
488 675 650 759 unoutio,
680 675 734 739 sed
763 694 853 739 eonor
885 693 923 739 eu
948 692 985 738 eo
1010 672 1200 754 conontione

181 767 289 847 postea
315 764 428 828 damno
452 762 562 845 fuerit,
588 763 698 828 damu
719 766 820 828 autern
842 762 981 827 iniuriae
1002 761 1080 827 aetio
1103 759 1139 824 ob
1161 779 1199 825 ea

188 854 257 935 ibeo
288 853 341 937 sit,
371 873 425 933 per
451 873 541 936 quae,
572 871 636 916 nou
662 852 846 917 euuinseeus
873 850 939 940 atu
966 869 1061 915 eausa
1086 848 1199 932 oblau,

186 942 300 1007 damno
321 942 392 1024 quis
413 942 551 1022 adfectus
572 944 623 1006 est.
668 939 722 1006 boo
739 940 843 1022 probo.

589 1117 639 1183 De
660 1118 798 1184 iniuriis.

279 1235 350 1300 153.
382 1234 422 1299 D.
444 1234 497 1316 47,
523 1233 577 1315 10,
599 1233 652 1299 44.
705 1231 877 1298 Iavolenus
913 1232 997 1297 libro
1034 1252 1120 1296 nono
1158 1251 1198 1295 ex

188 1322 421 1408 posterioribus
436 1321 603 1388 Labeonis.
617 1357 655 1369 —
671 1320 709 1387 Si
721 1321 905 1403 inferiorum
918 1322 1062 1386 dminus
1074 1320 1199 1385 aodirun

188 1410 356 1497 (aedibus)
381 1411 549 1494 superiores
574 1411 670 1476 oioiui
690 1411 869 1494 fundandi
889 1429 985 1476 eausa
1005 1409 1200 1492 sumansu

187 1506 273 1587 earet,
295 1505 351 1566 aut
370 1502 401 1566 si
422 1501 561 1582 superior
578 1501 698 1566 uicinus
715 1502 750 1564 in
767 1500 930 1581 inferiores
946 1499 1034 1565 aedes
1051 1499 1128 1581 quid
1144 1502 1201 1562 aut

183 1591 346 1673 proiecerit
379 1594 436 1655 aut
471 1587 633 1674 infuderit,
669 1593 759 1672 neaot
790 1589 891 1654 Labeo
922 1589 1116 1654 iniuriarum
1146 1588 1200 1670 aqi

182 1699 280 1762 posse.
331 1680 413 1761 quad
440 1677 559 1759 fabsurn
583 1682 676 1764 puto,
705 1679 735 1744 si
757 1682 859 1744 tamen
880 1678 1017 1742 irrisoriae
1037 1676 1200 1759 faoundae

188 1787 284 1833 eausa
307 1767 481 1832 demittitur.

278 1879 314 1938 ef.
337 1878 461 1938 Pernioe
483 1868 537 1956 11²,
559 1897 588 1954 p.
604 1879 645 1938 36
669 1898 699 1939 11.
714 1880 742 1939 5.

614 2091 721 2151 Liber
743 2091 779 2152 X.

273 2208 323 2275 De
345 2211 604 2277 subaudiuariis
625 2211 808 2294 quibusdam
830 2211 946 2278 delatis
962 2210 1121 2294 privum?

281 2325 353 2393 154.
385 2325 424 2390 D.
446 2326 499 2409 46,
524 2328 552 2410 1,
575 2327 628 2392 46.
681 2326 854 2392 Iavolenus
886 2325 971 2393 libro
1005 2327 1129 2392 decimo
1162 2348 1202 2391 ex

189 2414 423 2502 posterioribus
450 2415 620 2481 Labeonis.
648 2451 692 2463 —
719 2414 797 2482 Oum
828 2417 876 2482 leo
902 2415 1125 2482 venditionibus
1152 2435 1202 2480 oo-

190 2525 310 2570 ourrere
339 2505 480 2585 uoluerit,
511 2505 672 2588 fideiussor
702 2525 819 2589 quoquo
848 2505 1009 2588 liberatur,
1040 2525 1073 2570 eo
1100 2505 1202 2588 noeais

191 2595 273 2678 quad
288 2614 346 2677 per
368 2595 518 2660 eiusmodi
539 2595 687 2660 aedoneus
708 2595 752 2660 ad
772 2593 859 2659 rouen
874 2595 1060 2678 peruenitur.

280 2722 366 2794 Quod
389 2724 425 2784 de
449 2716 539 2801 ‘lege'
563 2721 754 2802 dictumest,
777 2723 816 2784 ed
838 2743 874 2785 eu
894 2743 1012 2802 quoque
1030 2741 1106 2801 quus
1124 2721 1203 2799 legis

191 2812 286 2874 vicem
303 2813 415 2873 hebere
433 2813 603 2892 ereduntur,
626 2814 657 2872 id
676 2817 723 2875 est
741 2814 780 2874 ud
798 2813 939 2890 piineipis
957 2811 1204 2874 constitutionem

191 2901 241 2962 vel
266 2904 387 2961 senatus
406 2903 575 2962 consultum
592 2903 742 2979 pertinere
760 2902 935 2963 Iauolenum
954 2902 1097 2962 statuisse
1116 2903 1203 2960 retus

192 2992 222 3049 et
254 2988 385 3049 edietum
413 2989 475 3050 divi
501 2991 647 3069 Augusti,
679 3009 738 3068 quo
770 2992 814 3050 rei
843 2990 993 3068 litigiosae
1021 2991 1204 3067 emptionem

191 3077 305 3137 nullius
332 3079 476 3138 momenti
503 3096 568 3139 esse
596 3079 742 3139 statuitur
767 3073 818 3158 (fr.
837 3079 874 3139 de
897 3081 962 3141 iure
984 3079 1048 3140 fisci
1071 3077 1092 3156 ἕ
1111 3070 1146 3160 8)
1171 3081 1204 3140 et

192 3167 313 3225 senatus
346 3167 515 3227 consultum
545 3165 622 3225 illud
649 3166 686 3226 de
713 3167 856 3228 aedificiis
882 3187 942 3227 non
970 3168 1121 3229 diruendis
1150 3165 1205 3229 Gn.

192 3253 316 3313 Hosidio
339 3252 416 3313 Geta
437 3254 472 3315 L.
495 3254 633 3332 Vngessio
656 3273 714 3315 oos.
739 3249 780 3335 (s
803 3253 949 3335 44-46)
971 3257 1094 3334 fautum,
1123 3257 1205 3333 quod

193 3342 338 3421 quasdem
355 3342 557 3403 aedificiorum
575 3344 760 3405 venditiones
779 3338 891 3406 ‘initus
909 3339 984 3406 fieri'
1004 3345 1071 3407 vult
1088 3337 1204 3428 (Bruns

193 3431 266 3491 font.
298 3450 326 3507 p.
347 3426 486 3514 190sq.),
511 3434 645 3511 eliasque
663 3434 774 3495 similes
793 3429 898 3513 ‘leges’
917 3434 1092 3495 Iauolenum
1111 3435 1204 3512 expli·

194 3537 279 3580 essee
292 3521 468 3596 putaverim.
492 3540 569 3599 quse
583 3523 1109 3601 0001001011,11101000011110010101,
1123 3521 1203 3600 quod

194 3608 238 3668 itu
255 3609 419 3685 probabilis
438 3630 538 3672 rerum
555 3629 684 3673 obnexus
701 3611 894 3691 conspicitur5
911 3631 981 3674 num
998 3612 1051 3692 qui
1063 3632 1128 3674 rem
1140 3611 1202 3672 liti·
