2602 3906
416 225 441 274 6.
465 217 672 274 IAVOLENUS
690 217 840 273 PRISCUS
947 225 948 230 ’
1065 218 1129 282 451

123 379 229 448 nium¹
251 381 405 448 alluvione
425 381 511 463 factu
533 382 689 446 restitutus
710 385 766 458 est,
797 380 927 445 seruitus
952 401 1069 462 quoque
1095 383 1131 445 iu

118 472 288 556 pristinum
309 475 422 536 statum
445 471 632 547 redimitum
655 471 736 552 qued
756 469 785 533 si
806 470 842 534 id
863 473 980 552 tempus
993 474 1131 552 praeter·

122 561 205 646 ierit‚
231 565 267 625 ut
291 561 420 625 seruitus
446 560 621 636 amittetur,
648 578 794 623 rummare
820 578 888 622 eam
910 560 1058 640 eopeudus
1078 564 1131 624 eet.

210 649 263 714 54.
295 648 335 715 D.
349 648 424 714 ibid.
440 650 459 728 ξ
477 647 506 713 1.
528 685 572 695 -
595 646 673 713 Cum
699 647 752 712 uie
775 646 901 728 publicu
922 647 968 712 vel
989 647 1132 729 fluminis

121 740 236 821 impetu
266 739 312 804 uel
346 739 443 802 ruiua
473 738 592 802 amissa
622 741 678 820 est,
708 737 829 800 uieiuue
852 737 1016 818 proximus
1046 738 1132 802 viam

118 832 278 911 praestare
299 827 389 892 debet.

209 915 261 981 55.
284 915 386 996 D.43,
401 915 452 997 11,
464 915 493 980 2.
529 912 701 978 Iavolenus
715 913 799 978 libro
813 912 937 978 decimo
953 933 991 977 ex
1007 911 1130 980 (lessio.

122 1042 166 1052 -
196 1004 289 1070 Viam
314 1004 473 1086 publicam
497 1003 634 1086 populus
664 1022 727 1068 meu
757 1003 869 1068 uteudo
899 1003 1037 1067 emittere
1068 1023 1132 1068 mou

141 1099 223 1159 otest.

115 1116 140 1178 p
210 1182 263 1248 56.
292 1181 332 1246 D.
350 1181 403 1264 39,
421 1181 451 1262 3,
471 1182 512 1247 18
527 1201 576 1264 pr.
624 1178 796 1244 Iavolenus
827 1179 912 1244 libro
941 1178 1064 1244 decimo
1092 1201 1131 1244 ex

124 1270 245 1338 Cassio.
263 1307 301 1318 -
317 1269 356 1336 Si
372 1273 408 1334 im
421 1269 544 1353 publico
561 1289 637 1352 opus
652 1268 770 1350 fautum
787 1273 839 1350 est,
857 1289 916 1350 quo
929 1269 1131 1351 aquupluuiu

119 1365 249 1444 uoueret,
281 1361 334 1443 api
364 1379 427 1423 mou
451 1363 567 1441 potest·
599 1359 813 1422 interveniente
844 1358 906 1422 loeo
927 1357 1051 1439 publico
1079 1359 1132 1440 api

113 1451 236 1533 poterit.
286 1469 381 1514 cause
410 1448 476 1512 eius
501 1449 548 1512 rei
573 1445 647 1512 lmee
672 1451 728 1530 est,
755 1446 837 1528 quod
861 1466 898 1510 eu
924 1447 1042 1512 aetieme
1067 1467 1131 1511 uem

120 1543 237 1604 tenetur
258 1538 323 1602 uisi
344 1537 488 1602 domium
509 1537 601 1602 selus.

210 1627 275 1692 56⁸.
302 1625 341 1690 D.
355 1624 433 1691 ibid.
448 1627 467 1705 §
484 1626 513 1692 1.
537 1661 576 1672 -
603 1623 678 1690 Siue
694 1623 850 1706 permissu
868 1624 1022 1706 princepis
1046 1645 1131 1706 aqua

114 1736 174 1798 per
194 1715 277 1780 viam
295 1715 453 1796 publicam
475 1715 547 1780 duci
567 1734 632 1779 uou
648 1717 755 1796 potest.

213 1804 264 1868 51.
287 1802 326 1868 D.
336 1805 366 1882 8,
380 1804 410 1885 2,
426 1804 476 1868 12.
513 1802 685 1867 Iavolenus
706 1802 790 1865 libro
810 1799 933 1866 decimo
953 1821 992 1865 ex
1007 1799 1129 1866 Cassio.

125 1929 163 1940 -
189 1893 356 1976 Aedificia,
382 1913 460 1975 quae
486 1892 659 1957 seruitutem
682 1891 848 1974 patiuntur
872 1910 912 1955 me
937 1891 1013 1972 quid
1036 1891 1131 1956 altius

119 1983 259 2063 tollatur,
286 1983 401 2047 viridia
426 2001 524 2065 supra
551 2001 619 2045 eam
641 1980 836 2044 altitudinem
857 1978 966 2044 labere
983 1985 1129 2062 possunt·

118 2076 153 2138 ut
173 2073 203 2137 si
224 2072 261 2136 de
276 2075 439 2154 prospicui
460 2074 504 2136 est
524 2089 617 2152 euque
635 2069 793 2134 obstutmu
810 2072 890 2152 suut,
913 2088 976 2133 uou
991 2073 1130 2151 possuut.

209 2160 261 2225 58.
290 2158 327 2223 Ι).
343 2160 373 2243 8,
386 2160 417 2241 4,
430 2160 461 2224 4.
502 2158 673 2223 Iavolenus
696 2157 782 2222 libro
805 2156 928 2222 decimo
947 2179 986 2222 ex
1005 2154 1129 2223 (lessio.

120 2284 163 2294 -
187 2247 296 2314 Caveri
322 2253 358 2312 ut
378 2249 421 2313 ad
441 2252 554 2313 eertum
576 2247 771 2312 altitudinem
792 2251 1024 2321 mouumentum
1045 2247 1130 2312 aedi-

117 2340 233 2422 ficetur,
255 2358 318 2402 mou
330 2341 438 2421 potest,
457 2338 533 2418 quim
557 2336 592 2401 id
607 2337 690 2417 quod
705 2335 836 2400 humaui
853 2334 934 2400 iuris
951 2355 1014 2401 esse
1031 2337 1130 2417 demit,

117 2427 293 2492 servitutem
325 2447 389 2491 mu
419 2426 542 2508 reeipit;
578 2426 659 2490 sieut
689 2444 728 2488 ue
758 2424 817 2488 illa
848 2425 970 2506 quidem
1000 2426 1130 2490 servitus

117 2516 278 2581 eoueutere
292 2519 400 2597 potest,
423 2519 459 2578 ut
475 2518 574 2579 certus
591 2533 739 2578 uumerus
756 2513 915 2577 homiuum
933 2513 969 2576 iu
986 2533 1048 2576 uuo
1067 2513 1130 2576 loeo

118 2605 268 2670 humetur.

536 2767 646 2826 Liber
663 2767 714 2824 XI.

207 2893 270 2953 Hoe
292 2894 369 2953 libro
392 2912 460 2954 eum
482 2892 658 2952 Iavolenum
680 2891 717 2950 de
734 2888 898 2966 pistatione
922 2907 998 2967 quae
1023 2887 1072 2950 vel
1094 2889 1127 2948 in

115 2980 195 3041 mari
216 2980 265 3043 vel
287 2982 319 3041 in
341 2983 410 3042 lacu
427 2981 462 3041 fit
484 2981 593 3041 dixisse
612 2981 648 3040 D.
665 2983 714 3053 50,
733 2981 781 3056 16,
798 2979 860 3037 112
885 2979 959 3039 selis
977 2977 1126 3039 indicetur

116 3075 148 3131 et
167 3089 269 3130 earum
287 3090 403 3149 quoque
421 3089 521 3130 rerum
540 3069 651 3130 mentio
670 3069 732 3145 fiat,
751 3086 827 3146 quae
846 3088 862 3128 e
880 3067 1006 3129 navibus
1021 3067 1126 3145 deper-

116 3160 199 3219 ditae
230 3160 263 3218 in
293 3159 434 3236 piscando
467 3179 503 3220 ex
533 3157 610 3219 mari
642 3159 841 3218 extrahuntur
872 3156 908 3218 D.
936 3158 988 3234 41,
1019 3162 1045 3230 1,
1075 3159 1127 3236 58,

115 3250 153 3308 de
176 3250 278 3326 rebus,
305 3267 382 3326 quae
405 3249 575 3325 occupando
598 3247 814 3325 adquiruntur,
838 3246 1006 3323 dequibus
1031 3245 1124 3306 Gaius

119 3341 149 3417 2,
165 3339 296 3399 66-69
321 3338 409 3416 dixit,
432 3341 533 3398 aetum
555 3337 650 3398 fuisse
673 3336 840 3413 putandum
863 3340 917 3396 est.

153 3524 305 3653 stilum
332 3523 408 3580 intra
437 3528 548 3596 tempus
581 3524 657 3592 quod
683 3523 719 3576 ad
750 3522 936 3578 amittendam
963 3521 1128 3576 servitutem

118 3613 152 3651 eu
185 3614 210 3651 ci

861 3679 917 3734 29*
