2570 3904
384 240 410 291 4.
428 233 458 288 O.
473 231 617 288 onsslus
637 232 823 290 uouemus
1067 233 1111 296 43

386 438 433 497 De
455 440 593 498 bonorum
610 442 698 512 purte
720 439 821 512 leputo.

182 555 237 621 25.
274 554 315 620 D.
336 555 393 640 30,
411 557 468 641 26,
487 557 516 622 2.
571 556 769 640 Pomponius
806 556 890 620 libro
923 557 1036 641 quinto
1071 557 1111 620 ed

94 643 253 709 Sabinum
288 642 338 730 (P.
362 641 452 729 448).
484 681 526 691 -
560 643 641 710 (lum
678 646 837 709 bonorum
873 649 966 730 parte
1004 645 1112 730 legata

93 733 229 798 dubium
249 734 302 818 sit,
320 736 431 798 utrum
446 755 553 797 rerum
568 737 677 817 partes
692 755 734 797 an
749 734 932 798 aestimatio
948 733 1112 820 debeatur,

11 885 12 892 ,
96 821 239 887 Sabinus
260 870 285 886 ..
304 827 337 886 et
351 820 482 886 Cassius
498 822 768 905 aestimationem,
787 821 941 887 Proculus
957 826 989 887 et
1003 821 1113 888 Nerva

11 909 12 916 '
95 932 205 975 rerum
229 913 339 994 partes
365 931 434 975 esse
457 910 584 997 legatas
608 911 883 975 existimaverunt.

291 1119 339 1178 De
360 1122 398 1179 its
420 1137 495 1193 quoe
516 1121 569 1179 sub
592 1120 756 1180 ooudu'ou‘oue
778 1120 917 1194 leuantur.

183 1238 251 1303 26?
286 1236 326 1302 D.
344 1237 401 1318 35,
423 1240 456 1323 1,
474 1239 526 1304 68.
579 1239 752 1305 Iavolenus
783 1237 867 1302 libro
901 1237 1039 1302 secundo
1074 1260 1113 1303 ex

10 1325 11 1330 ’
97 1324 221 1392 Cassio.
257 1363 295 1373 —
331 1324 367 1391 si
399 1328 446 1391 ita
477 1329 621 1412 legatum
653 1331 740 1392 esset
771 1325 856 1393 ‘cum
882 1325 1051 1408 nubserit',
1084 1327 1113 1392 si

96 1418 199 1500 nupto
211 1414 312 1480 fuerit
324 1419 356 1480 et
365 1415 427 1480 hoc
436 1419 576 1481 testator
586 1415 707 1499 scisset,
722 1415 860 1480 alterum
870 1414 1112 1480 matrimonium

95 1525 157 1570 csse
167 1503 419 1589 exspectandum
430 1504 575 1589 nihilque
585 1505 741 1589 interesse,
753 1508 860 1569 utrum
870 1505 945 1570 viro
955 1506 1112 1568 testatore

98 1615 139 1657 an
160 1598 239 1677 post
263 1596 403 1658 mortem
427 1615 466 1658 ea
488 1594 604 1658 iterum
628 1593 782 1677 nupserit

185 1713 387 1826 Tribpnianus
424 1713 557 1790 scripsit:
599 1707 834 1774 ‘matrimonium
871 1713 943 1773 erit
977 1713 1112 1792 nihilque

96 1803 261 1864 intererit.

185 1913 238 1979 27.
262 1910 333 1977 Gai.
344 1914 374 1996 3,
383 1912 436 1978 98.
459 1947 504 1960 -
527 1963 554 1978 ..
577 1913 721 1998 legatum
746 1913 805 1978 sub
829 1912 1016 1998 inpossibili
1040 1934 1112 1978 con-

8 2021 9 2050 ³
97 2001 222 2067 dicione
259 2002 409 2067 relictum
445 2002 549 2067 nostri
580 2005 805 2085 praeceptores
836 2000 971 2086 proinde
1004 2002 1112 2067 deberi

8 2153 9 2156 ,
97 2095 228 2174 putant,
252 2090 341 2155 acsi
365 2091 433 2156 sine
457 2090 643 2156 condicione
666 2091 813 2156 relictum
837 2094 931 2156 esset.

459 2301 506 2360 De
528 2301 586 2375 tepe
607 2301 753 2360 Falcidia.

184 2420 239 2486 28.
262 2418 300 2483 D.
311 2417 364 2502 35,
376 2420 405 2501 2,
416 2421 445 2500 1,
458 2419 506 2484 14.
543 2418 662 2484 Paulus
681 2419 764 2485 libro
779 2419 937 2504 singulari
952 2419 992 2484 ad
1006 2420 1112 2506 legem

8 2505 9 2510 ’
98 2505 276 2573 Falcidiam
303 2504 354 2593 (P.
372 2506 474 2593 921⁰).
503 2544 544 2555 -
574 2506 609 2573 Si
640 2507 807 2573 coheredis
834 2508 898 2572 mei
925 2509 1032 2592 portio
1060 2529 1112 2572 ex·

98 2595 215 2662 hausta
246 2600 301 2680 sit,
328 2617 400 2661 mea
427 2597 566 2681 integra,
598 2597 744 2661 stillam
772 2595 976 2665 vindicavero
1000 2595 1059 2680 (so.
1076 2600 1114 2660 ut

8 2701 9 2766 j
98 2681 276 2772 caducam),
296 2681 429 2751 Cassius
448 2684 687 2750 conlimdendas
711 2705 781 2748 esse
804 2687 914 2767 partes
938 2684 1113 2749 existimat.

426 2897 477 2963 De
498 2897 663 2979 usufructu
685 2897 789 2980 lepoto.

374 3027 421 3086 De
442 3029 597 3101 usufructu
620 3029 706 3088 uuoru'
727 3027 833 3087 relicto.

185 3145 238 3211 29.
260 3143 302 3210 D.
313 3145 364 3230 10,
375 3146 405 3224 2,
414 3145 467 3228 44,
479 3146 508 3210 7.
544 3144 665 3210 Paulus
684 3146 767 3212 libro
787 3149 877 3211 sexto
898 3145 939 3211 ad
956 3143 1113 3212 Sabinum

97 3230 145 3321 (P.
166 3230 279 3321 1740).
308 3233 450 3300 -Usu
476 3233 583 3300 fructu
610 3235 703 3299 uxori
729 3235 839 3322 legato
869 3235 970 3300 donec
998 3236 1028 3300 ei
1055 3235 1113 3301 dos

99 3323 260 3402 solvatur,
292 3344 351 3407 per
383 3321 541 3388 arbitrum
569 3323 713 3400 familiae
742 3324 946 3390 erciscundae
973 3327 1042 3388 tam
1070 3323 1114 3404 id,

99 3411 185 3495 quod
222 3411 391 3477 coheredis
423 3411 553 3478 nomine
586 3434 625 3478 ex
659 3412 733 3476 dote
766 3412 909 3478 solutum
941 3411 999 3495 sit,
1034 3411 1114 3476 reci-

99 3500 210 3653 perari
239 3501 392 3585 [potest],
424 3523 522 3585 quam
549 3505 586 3565 ut
613 3499 745 3566 coheres
773 3501 879 3566 solvet
906 3498 990 3563 effici
1018 3516 1113 3580 posse

126 3590 231 3654 assius
258 3589 314 3654 ait
