2568 3912
541 214 818 274 ADDITAMDNTA.

473 395 533 477 Qui
555 395 720 490 arbitrium
742 398 893 478 receperit.

268 519 340 585 156.
387 520 425 586 D.
447 522 478 604 4,
502 523 532 604 8,
555 521 583 584 6.
631 520 730 584 Gaius
754 521 836 584 libro
860 521 973 605 quinto
993 521 1033 585 ad
1052 521 1189 586 edictum

177 609 384 692 provinciale.
410 645 448 655 —
480 659 514 674 ..
542 609 640 673 etiam
670 609 709 673 de
738 630 773 673 re
803 609 906 693 patris
938 609 1054 674 dicitur
1085 609 1189 674 filium

179 699 321 762 familias
355 697 512 762 arbitrum
545 719 614 762 esse
643 719 753 782 posse3
786 719 862 763 nam
890 702 923 763 et
950 699 1088 762 iudicem
1117 719 1186 762 eum

176 807 251 851 esse
274 808 368 870 posse
392 787 553 870 plerisque
577 786 692 868 placet.

270 884 343 949 157.
362 882 401 948 D.
411 885 442 966 4,
453 882 482 967 8,
491 884 543 950 30.
569 884 689 948 Paulus
704 884 787 949 libro
804 883 901 949 tertio
916 884 1038 949 decimo
1054 884 1095 948 ad
1110 884 1190 948 edic-

179 977 257 1037 tum.
286 1009 327 1018 -
359 971 393 1037 Si
422 973 493 1058 quis
521 994 601 1054 rem,
631 973 670 1037 de
694 995 758 1058 qua
780 974 1048 1056 compromissum
1071 973 1129 1055 sit,
1156 973 1190 1036 in

177 1060 331 1128 iudicium
355 1061 499 1144 deducat,
523 1062 653 1145 quidam
677 1062 788 1126 dicunt
810 1065 991 1145 praetorem
1009 1084 1075 1126 non
1094 1062 1191 1125 inter-

179 1151 287 1214 venire
311 1149 351 1213 ad
374 1150 551 1235 cogendum
578 1150 734 1215 arbitrum
760 1151 954 1215 sententiam
978 1151 1093 1234 dicere,
1115 1155 1191 1235 quia

179 1241 245 1303 iam
281 1260 386 1322 poena
424 1260 488 1304 non
524 1242 634 1322 potest
670 1260 740 1304 esse
772 1242 868 1324 atque
888 1239 929 1302 ‘si
967 1240 1108 1303 solutum
1142 1242 1192 1303 est

178 1328 454 1412 compromissum.

545 1423 595 1489 De
616 1425 826 1490 iureiurando.

272 1539 356 1606 158?
402 1538 440 1602 D.
466 1541 516 1617 12,
535 1541 565 1622 2,
584 1541 635 1605 22.
677 1540 798 1604 Paulus
821 1540 905 1605 libro
929 1542 1043 1604 octavo
1062 1538 1187 1605 decimo

179 1629 220 1694 ad
250 1629 398 1695 edictum.
424 1665 462 1675 -
488 1628 624 1705 Quidam
655 1635 687 1694 ot
715 1629 753 1694 de
775 1629 900 1712 peculio
925 1628 1084 1693 actionem
1108 1627 1189 1692 dan-

181 1717 255 1781 dam
269 1718 303 1781 in
318 1718 492 1802 dominum,
508 1717 535 1781 si
549 1718 649 1782 actori
665 1717 817 1781 detulerit
832 1739 941 1781 servus
956 1716 1188 1782 iusiurandum.

570 1884 620 1950 De
642 1886 798 1970 retiyiosir.

272 1999 343 2066 159.
390 1999 460 2065 Gai.
484 2002 514 2080 2,
533 2002 562 2065 7.
592 2037 630 2048 -
661 1991 751 2066 ..in
773 2000 965 2085 provinciali
988 2001 1057 2066 solo
1082 2002 1192 2086 placet

181 2089 342 2172 plerisque
367 2090 471 2154 solum
499 2090 686 2173 religiosum
709 2112 774 2155 non
798 2091 877 2172 fieri,
902 2089 977 2174 quia
1000 2090 1034 2153 in
1058 2111 1097 2153 eo
1120 2090 1191 2154 solo

181 2176 359 2241 dominium
382 2178 494 2262 populi
516 2177 653 2243 Romani
677 2182 726 2242 est
750 2178 800 2243 vel
820 2177 976 2260 Caesaris,
998 2199 1058 2242 nos
1082 2183 1191 2242 autem

181 2265 419 2350 possessionem
461 2270 588 2331 tantum
625 2268 676 2332 vel
717 2267 950 2332 usumfructum
987 2266 1108 2331 habere
1147 2268 1190 2330 ri·

181 2355 303 2420 demur.

499 2444 550 2510 De
571 2445 870 2526 compensationibus.

274 2569 344 2634 160.
390 2567 460 2634 Gai.
482 2570 514 2653 4,
537 2569 588 2633 66.
613 2605 655 2615 -
754 2569 787 2632 in
810 2568 1105 2651 compensationem
1129 2567 1193 2632 hoc

184 2658 288 2722 solum
319 2660 453 2722 vocatur
481 2658 565 2741 quod
595 2657 736 2722 eiusdem
767 2657 894 2743 generis
919 2661 951 2720 et
974 2661 1109 2720 naturae
1133 2659 1193 2738 eet,

261 2745 338 2811 adeo
362 2749 398 2810 ut
417 2746 607 2830 quibusdam
627 2746 755 2830 placeat
774 2767 840 2810 non
857 2746 945 2810 omni
964 2745 1059 2809 modo
1080 2746 1193 2809 vinum

184 2856 257 2899 cum
281 2836 356 2898 vino
371 2840 437 2899 'aut
459 2835 602 2900 triticum
622 2856 693 2900 cum
713 2833 823 2899 tritico
843 2832 1113 2918 conpensandum,
1138 2833 1194 2898 sed

184 2923 231 2986 ita
256 2923 283 2986 si
306 2923 448 2987 eiusdem
472 2927 607 2988 naturae
630 2923 859 3008 qualitatisque
883 2923 934 2986 sit.

594 3091 644 3156 De
657 3093 784 3174 peretto.

276 3214 347 3278 161.
392 3212 430 3279 D.
462 3214 511 3297 15,
542 3217 569 3299 1,
598 3216 626 3296 7,
656 3217 684 3280 1.
729 3213 885 3299 Ulpianus
908 3215 991 3280 libro
1014 3215 1196 3280 vicensimo

184 3321 270 3365 nono
304 3303 342 3366 ad
375 3302 522 3366 edictum.
557 3339 594 3348 —
628 3303 883 3369 ...Marcellus
916 3302 1000 3389 apud
1032 3303 1196 3369 Iulianum

185 3391 301 3453 notans
326 3388 423 3453 adicit
445 3410 540 3471 posse
564 3391 640 3474 fieri,
664 3396 699 3455 ut
723 3393 806 3475 apud
831 3392 964 3456 alterum
990 3414 1029 3456 ex
1052 3391 1196 3458 dominis

186 3497 297 3542 servus
325 3477 485 3560 peculium
512 3477 641 3560 habeat,
670 3480 754 3564 apud
786 3481 923 3544 alterum
947 3502 1025 3563 non,
1053 3485 1090 3545 ut
1112 3486 1197 3565 puta

186 3565 214 3628 si
243 3566 323 3628 alter
353 3586 392 3628 ex
419 3565 558 3630 dominis
590 3565 730 3631 furiosus
759 3568 802 3632 sit
829 3569 881 3633 vel
908 3568 1059 3654 pupillus,
1091 3571 1128 3653 si,
1159 3573 1196 3634 ut
