2596 3902
502 220 528 269 7.
546 213 736 270 PROCULUS
1063 211 1126 276 139

458 457 486 514 1.
513 453 566 512 Ad
589 454 645 513 ius
669 453 784 514 civile.

204 596 303 656 Huius
339 596 458 673 generis
489 597 661 672 fragmenta
692 596 731 655 ad
763 595 959 656 Sabinianum
990 595 1126 656 ordinem

116 685 272 762 collocavi,
294 705 353 762 quo
378 686 547 746 scholarum
569 685 724 744 dissensus
747 684 858 760 optime
880 685 1062 745 illustratur.

487 910 538 977 De
560 911 754 976 testamentis.

355 1059 600 1134 Quanadmodam
621 1061 791 1118 testosnento
807 1059 890 1130 fiant.

208 1184 235 1242 1.
268 1179 306 1243 D.
330 1179 382 1260 28,
405 1178 437 1259 5,
460 1179 512 1262 60,
533 1179 563 1242 2.
617 1174 731 1242 Celsus
763 1177 847 1241 libro
880 1181 970 1240 sexto
1004 1176 1127 1242 decimo

116 1267 323 1353 Digestorum
348 1265 397 1354 (P.
419 1264 507 1353 127).
533 1302 571 1312 -
597 1265 835 1331 ‘Titiur'heres
864 1268 950 1348 est03
980 1263 1071 1330 Seius
1097 1271 1130 1328 et

116 1354 264 1421 Maevius
300 1356 434 1421 heredes
471 1354 588 1420 sunto'.
643 1354 874 1420 ...Proculo
908 1354 1019 1438 placet
1049 1353 1128 1418 duos

117 1446 267 1510 semisses
291 1466 374 1529 esse,
397 1466 533 1529 quorum
556 1445 639 1508 alter
662 1443 860 1509 coniunctim
880 1443 1004 1508 duobus
1024 1442 1129 1506 datur.

204 1535 236 1598 2.
258 1533 408 1617 D.35,1.
424 1535 475 1598 14.
511 1532 710 1617 Pomponius
734 1533 818 1598 libro
842 1535 957 1597 oetavo
977 1531 1017 1595 ad
1037 1530 1130 1596 Sabi·

117 1644 193 1687 num
225 1621 274 1710 (P.
298 1619 403 1710 52110).
436 1659 478 1669 —
509 1621 630 1686 ‘Titius
665 1621 694 1686 si
726 1625 854 1686 statuas
885 1622 920 1684 in
952 1619 1129 1703 municipio

117 1713 270 1796 posuerit,
292 1711 386 1777 heres
409 1709 502 1777 esto'.
543 1711 571 1774 si
590 1714 722 1794 paratus
742 1714 791 1774 est
809 1731 938 1793 ponere,
962 1709 1018 1774 sed
1036 1709 1127 1774 loeus

119 1822 137 1864 a
154 1800 372 1884 municipibus
392 1799 507 1864 sinon
526 1799 630 1882 datur,
650 1798 788 1864 Sabinus
802 1797 958 1864 Proculus
977 1798 1129 1862 heredem

117 1910 189 1954 eum
212 1889 282 1954 fore
306 1894 339 1954 et
360 1889 393 1953 in
418 1891 528 1973 legato
551 1887 637 1953 idem
660 1889 738 1953 iuris
763 1909 832 1952 esse
855 1888 974 1954 dieunt

119 2162 122 2169 .
187 2127 236 2185 De
256 2127 328 2198 filiis
349 2127 482 2200 fatuitas
503 2127 548 2186 vet
568 2126 751 2186 metuendis
772 2126 817 2184 oet
839 2125 1052 2185 &tardandis

205 2247 236 2310 3.
260 2243 330 2309 Gai.
341 2246 371 2329 2,
382 2245 455 2310 123.
476 2281 514 2292 —
535 2294 561 2310 ..
585 2245 640 2329 qui
662 2245 763 2309 filium
784 2245 819 2308 in
837 2247 1000 2328 potestate
1018 2243 1130 2326 habet,

117 2355 230 2399 ourere
256 2334 352 2398 debet
373 2337 411 2398 ut
433 2331 506 2398 eum
529 2334 581 2399 vel
604 2333 754 2398 heredem
777 2335 930 2398 instituet
953 2333 1004 2396 vel
1027 2332 1130 2396 nomi-

118 2422 221 2488 natim
245 2422 429 2487 exheredat·
421 2423 598 2506 ,alioquin
622 2423 650 2487 si
674 2445 747 2488 eum
770 2423 899 2486 silentio
918 2419 1130 2505 praeterierit,

118 2511 279 2576 inutiliter
301 2511 529 2578 testabitur.
541 2511 629 2576 sed
651 2510 796 2576 diversae
820 2510 951 2575 scholae
974 2511 1048 2572 suot
1049 2529 1131 2590 ores,

119 2602 145 2664 si
169 2600 300 2685 quidem
322 2600 408 2664 filius
431 2605 546 2666 mortis
568 2601 672 2684 patris
691 2603 836 2682 tempore
854 2598 952 2676 vivat,
976 2617 1053 2661 sane
1072 2596 1131 2660 im-

116 2689 301 2774 pedimento
335 2710 407 2753 eum
440 2711 511 2754 esse
544 2689 673 2771 seriptis
705 2687 877 2751 heredibus
908 2691 941 2749 et
967 2684 1062 2748 illum
1090 2685 1130 2748 ab

118 2779 275 2844 intestato
293 2778 444 2842 heredem
461 2776 754 2860 fierieonfitentur3
773 2777 890 2839 sivero
904 2777 979 2839 ante
994 2776 1132 2837 mortem

117 2867 220 2950 patris
241 2869 439 2951 interceptus
458 2867 511 2947 sit,
534 2887 628 2951 posse
648 2887 688 2930 ex
705 2867 900 2929 testamento
919 2862 1131 2928 hereditatem

117 2957 200 3020 adiri
218 2960 344 3040 putant,
367 2955 486 3022 nullo
476 2978 542 3020 ram
560 2956 629 3019 filio
648 2953 890 3037 impedimento,
913 2957 989 3038 quia
1008 2950 1132 3017 seilicet

117 3046 309 3110 existiment
329 3043 441 3129 (non)
464 3045 539 3110 stat'
530 3067 575 3109 rm
594 3044 636 3108 ab
654 3043 749 3108 initio
768 3043 892 3107 inutilit
878 3047 927 3106 ter
946 3039 1048 3106 fierit
1034 3047 1131 3108 t-esta

118 3143 264 3199 mentum
286 3134 356 3198 filio
379 3133 562 3217 praeterito.

206 3223 238 3287 4.
270 3221 310 3287 D
324 3223 376 3306 28
390 3224 421 3301 2,
436 3223 508 3305 dpr.
554 3219 716 3306 Ulpianus
743 3221 827 3286 libro
855 3221 952 3285 tertio
977 3219 1018 3286 ad
1041 3183 1132 3284 Sabi·

118 3332 195 3376 num
215 3307 266 3397 (P.
277 3307 390 3399 2445).
407 3347 452 3360 --
472 3317 565 3376 ..est
583 3311 766 3395 quaesitum
785 3331 828 3374 en
846 3309 884 3392 is,
906 3308 962 3391 qui
978 3328 1132 3392 generare

117 3399 212 3500 facile
245 3421 313 3464 non
344 3401 463 3484 possit,
495 3402 682 3484 postumum
713 3398 864 3462 heredem
896 3396 1000 3461 faeere
1027 3395 1133 3477 possit

137 3488 211 3554 .si
231 3489 437 3554 castratus
411 3492 464 3572 s1t‚
441 3487 631 3553 tIulienus
649 3484 779 3552 Proouli
798 3485 984 3568 opinionem
1003 3488 1131 3545 secutus

118 3535 182 3642 hon
205 3580 301 3662 putat
323 3581 512 3662 postumum
535 3574 685 3639 heredem
708 3593 804 3657 posse
827 3571 1002 3635 instituere.
