2570 3904
158 172 200 235 52
227 172 274 228 lll.
290 171 367 225 GAll
382 169 528 225 CLAUDII
538 169 673 225 NERON.
685 171 829 225 GALBAE
841 170 948 226 TEMP.
958 171 1054 226 IURIS
1067 173 1167 230 CONS.

158 357 248 400 servo
278 335 321 398 sit
349 332 524 416 adscripta,
553 356 593 398 an
621 333 694 397 vivo
723 334 861 419 pupillo,
888 340 964 418 post
993 334 1169 401 aditionem

156 424 304 488 videlicet
318 421 506 486 hereditatis
520 422 633 506 patria,
646 423 819 487 statuliber
832 424 896 488 sit?
911 422 1046 489 Cassius
1062 431 1171 508 negat.

245 512 297 576 63.
329 511 368 576 D.
383 509 436 592 35,
453 512 481 594 1,
496 511 546 592 72,
562 512 590 575 7.
640 505 730 575 Idem'
761 509 818 596 (se.
842 511 1053 597 Papinianus)
1082 514 1167 579 libro

157 605 271 666 octavo
297 599 420 664 decimo
445 597 676 674 Quaestionum
699 597 748 686 (P.
762 598 852 687 272).
875 637 918 646 -
941 600 1070 666 Falsum
1094 624 1169 667 eon-

158 689 318 754 dicionem
337 686 469 753 (lessius
488 692 520 751 et
539 685 668 753 Caelius
688 686 827 754 Sabinus
846 690 1079 773 impossibilem
1099 713 1169 755 esse

157 776 321 858 dixerunt,
344 777 456 842 veluti:
480 775 689 860 ‘Pamphilus
714 777 741 840 si
766 778 850 860 quod
874 778 959 845 Titio
984 779 1082 844 debeo
1107 780 1170 844 sol·

156 867 254 951 verit,
284 865 367 931 liber
396 863 486 950 esto',
519 867 546 930 si
577 865 670 930 modo
698 865 781 929 nihil
809 866 894 932 Titio
922 867 985 932 fuit
1012 869 1169 952 debitum3

157 954 243 1038 quod
272 955 299 1018 si
326 958 402 1038 post
429 958 660 1019 testamentum
686 953 808 1018 factum
836 958 973 1022 testator
999 957 1169 1041 pecuniam

157 1044 306 1127 exsolvit,
330 1043 481 1108 defecisse
505 1042 727 1108 condicionem
750 1042 907 1128 intellegi.

246 1133 298 1197 64.
330 1130 369 1196 Ι).
382 1133 436 1216 40,
450 1131 479 1214 5,
494 1130 544 1196 35.
590 1130 774 1196 Maecianus
798 1132 882 1197 libro
907 1133 1020 1217 quinto
1044 1134 1169 1199 decimo

156 1219 492 1286 Fideicommissorum
521 1216 570 1307 (P.
591 1216 659 1306 51).
690 1255 728 1265 —
759 1219 830 1284 Gaii
859 1219 1024 1287 Cassii
1057 1226 1107 1286 est
1136 1272 1169 1289 ..

157 1310 317 1373 sententia
340 1309 555 1373 existimantis
579 1311 612 1372 et
634 1309 744 1373 heredi
769 1313 801 1373 et
824 1310 983 1394 legatario
1003 1311 1170 1376 remitten-

157 1397 231 1463 dam
251 1398 411 1462 interdum
430 1397 551 1482 proprii
572 1397 656 1461 servi
671 1398 919 1480 manumittendi
933 1401 1171 1484 necessitatem,
1275 1423 1279 1430 ·

156 1487 184 1551 si
211 1488 261 1551 vel
290 1508 366 1551 usus
394 1491 463 1550 tam
490 1486 690 1551 necessarius
720 1491 819 1569 esset,
847 1491 884 1552 ut
911 1509 947 1551 eo
972 1509 1080 1553 carere
1103 1511 1170 1554 non

156 1575 333 1659 expediret,
361 1575 462 1639 veluti
488 1575 718 1656 dispensatoris
741 1576 962 1660 paedagogive
985 1577 1171 1663 liberorum,

156 1662 207 1726 vel
225 1667 354 1727 tantum
372 1663 524 1728 delictum
544 1667 603 1748 est,
623 1667 661 1726 ut
678 1664 759 1728 ultio
778 1664 973 1730 remittenda
991 1687 1056 1730 non
1075 1670 1171 1731 esset.

246 1749 297 1816 65.
330 1751 368 1816 D.
386 1752 440 1836 40,
458 1752 489 1834 4,
507 1751 560 1816 57.
612 1751 711 1817 Gaius
743 1753 828 1817 libro
860 1755 957 1818 tertio
990 1753 1028 1818 de
1059 1777 1169 1819 manu-

156 1837 363 1904 missionibus
383 1837 433 1925 (P.
447 1837 537 1926 480).
555 1876 600 1886 -
681 1839 792 1905 Sabini
811 1845 844 1905 et
864 1841 968 1906 Cassii
988 1844 1169 1907 sententiae

156 1976 190 1992 ..
222 1928 277 2010 qui
309 1929 497 1994 existimant
529 1931 700 1995 consilium
732 1931 882 2015 cuiusque
911 1932 1170 1996 manumittentis

157 2017 297 2099 spectari
319 2016 443 2083 debere.

532 2159 582 2224 Dc
603 2161 799 2224 statuliberis.

246 2282 297 2346 66.
330 2281 368 2345 D.
387 2282 441 2363 40,
461 2283 490 2361 7,
508 2284 538 2363 4,
558 2283 586 2348 8.
636 2282 754 2348 Paulus
787 2284 871 2350 libro
905 2286 1018 2370 quinto
1047 2287 1087 2350 ad
1114 2284 1171 2351 Sa-

156 2369 270 2434 binum
294 2366 342 2458 (P.
360 2369 470 2456 1697).
494 2407 536 2416 -
556 2369 687 2436 Cassius
711 2373 757 2436 ait
780 2375 818 2457 ei,
841 2374 896 2458 qui
920 2376 1041 2439 servire
1063 2375 1171 2440 iussus

157 2461 207 2522 est
231 2480 325 2561 anne,
348 2459 428 2561 illud
452 2464 589 2544 tempus
613 2482 676 2544 qno
700 2461 734 2524 in
756 2461 837 2546 fuga
859 2463 902 2526 sit
920 2464 970 2528 vel
989 2463 1023 2527 in
1041 2467 1169 2528 contro·

156 2549 537 2722 veriliilirllildllltdlii,
554 2550 860 2727 lilliprlddilirlsc.
884 2636 1058 2726 Ulpianus)
1086 2641 1171 2706 libro

156 2726 333 2792 vicensimo
362 2728 499 2810 septimo
528 2727 567 2791 ad
596 2725 751 2793 Sabinum
775 2726 826 2815 (P.
840 2725 952 2815 2697).
975 2765 1020 2776 -
1123 2751 1171 2794 re

64 2813 67 2819 “
157 2819 284 2896 ceptum
313 2819 363 2879 est
390 2865 433 2893 ..,
461 2819 497 2879 ut
525 2838 635 2880 servus
662 2817 840 2900 peculiares
869 2839 995 2902 qnoque
1018 2839 1169 2884 nummos

157 2901 263 2966 dando
291 2905 459 2985 perveniat
485 2903 526 2967 ad
553 2904 751 2988 libertatem,
782 2908 849 2970 sive
877 2906 939 2989 ipsi
966 2906 1075 2971 heredi
1102 2907 1171 2972 sive

158 2989 213 3052 alii
237 2989 313 3053 dare
335 2991 441 3055 iussus
466 2996 523 3055 est.
565 2991 639 3054 inde
663 2994 836 3077 quaeritur,
861 2995 888 3056 si
911 2994 995 3059 forte
1013 2995 1171 3060 debeatur

156 3077 293 3162 pecnnia
324 3078 399 3142 huic
432 3100 521 3143 servo
554 3080 605 3142 vel
637 3081 678 3144 ab
707 3080 837 3166 herede,
870 3084 955 3167 quod
983 3084 1016 3149 in
1044 3084 1172 3150 domini

156 3166 315 3230 rationem
342 3167 415 3250 plus
443 3170 645 3249 erogaverat,
674 3169 724 3233 vel
751 3170 792 3234 ab
816 3174 981 3255 extraneo,
1009 3194 1066 3237 nec
1090 3173 1170 3238 velit

156 3253 251 3318 heres
292 3254 471 3319 debitorem
512 3256 681 3321 convenire
722 3258 773 3322 vel
815 3261 1004 3325 statulibero
1043 3262 1170 3327 solvere

157 3342 341 3427 pecuniam,
374 3365 415 3406 an
442 3344 558 3408 debeat
585 3345 624 3409 ad
652 3345 836 3412 libertatem
864 3351 1042 3433 pervenire,
1075 3352 1170 3434 quasi

157 3452 281 3495 moram
309 3453 366 3514 per
396 3433 546 3498 heredem
577 3434 729 3518 patiatur.
770 3440 801 3501 et
839 3441 896 3502 aut
923 3439 1067 3523 legatum
1094 3438 1170 3504 hnic

158 3519 349 3584 statulibero
368 3520 431 3586 fuit
448 3523 610 3606 peculium
628 3529 685 3589 aut
703 3547 777 3592 non.
809 3528 836 3591 si
850 3527 994 3611 legatum
1008 3528 1169 3610 peculium
