2568 3912
198 224 232 280 Il.
251 224 491 281 INCERTORUM
510 225 740 280 ΒΕΝΤΕΝΤΙΑΕ
761 227 807 281 ΕΤ
825 227 932 284 LIBRI.
1003 229 1066 293 557

333 409 363 473 b.
394 405 446 471 Da
470 407 552 472 iure
575 407 794 473 honorario.

259 559 285 598 n.
319 537 366 596 Ad
390 536 521 596 edietum
542 537 684 596 aedilium
708 537 865 598 curulium.

347 646 397 712 De
418 648 583 729 mancipiis
604 649 780 712 vendundis,

151 761 223 828 139.
251 761 289 828 D.
310 763 349 826 21
358 813 366 846 ,
387 764 419 846 1,
440 761 490 842 10,
509 762 538 827 4.
581 761 668 826 Idem
697 760 754 848 (so.
782 760 956 850 Ulpianus)
982 765 1068 830 libro

58 849 164 934 primo
193 850 232 914 ad
261 851 400 915 edictum
425 850 575 915 aedilium
599 851 766 915 curulium.
785 889 828 900 -
849 851 1069 918 Lusaitionem

58 961 131 1003 eam
159 961 230 1004 esse
259 938 388 1023 quidam
416 943 547 1024 putant,
572 939 630 1003 ubi
658 939 755 1005 homo
778 941 899 1005 lumine
923 940 1069 1007 adhibito

57 1028 140 1092 nihil
163 1028 259 1092 videt.

150 1117 223 1181 140.
251 1114 288 1180 D.
308 1117 365 1199 21,
386 1117 418 1190 1,
439 1117 493 1197 17,
511 1117 544 1180 4.
589 1115 747 1200 Ulpianus
778 1117 862 1182 libro
895 1117 1000 1202 primo
1029 1119 1069 1183 ad

57 1205 200 1270 edietum
215 1205 365 1270 aedilium
380 1205 547 1269 curulium.
564 1241 602 1252 -
619 1254 671 1270 ...
689 1207 877 1291 plerumque
892 1207 933 1271 ab
948 1206 1068 1291 impru-

57 1294 222 1377 dentibus,
235 1294 341 1378 inquit
350 1291 597 1378 (saVivianus),
611 1294 675 1359 dici
688 1296 772 1359 solet
785 1316 858 1359 eum
873 1317 941 1360 osse
956 1296 1069 1379 fugiti-

58 1404 146 1464 vum,
164 1382 220 1466 qui
233 1386 328 1447 noete
344 1382 451 1467 aliqua
466 1382 535 1446 sine
549 1383 715 1448 voluntate
730 1383 852 1448 domini
867 1385 1070 1450 emansisset.

151 1472 224 1536 141.
251 1470 290 1534 D.
310 1471 367 1553 21,
389 1471 553 1554 1,31,25.
595 1470 755 1556 Ulpianus
783 1473 867 1537 libro
897 1472 1001 1556 primo
1030 1473 1070 1538 ad

58 1559 202 1625 edietum
226 1559 376 1624 aedilium
396 1559 563 1624 curulium.
582 1595 623 1606 -
644 1559 736 1636 Quod
760 1561 916 1645 emptioni
938 1562 1072 1644 aceedit,

57 1650 187 1733 partem
211 1670 280 1712 esse
303 1648 496 1712 venditionis
519 1648 730 1732 prudentibus
754 1650 858 1715 visum
882 1654 939 1716 est

153 1736 224 1800 142.
252 1735 291 1800 Ι).
309 1737 361 1818 21,
375 1737 405 1818 2,
420 1737 471 1803 31.
512 1736 672 1821 Ulpianus
695 1738 778 1805 libro
803 1738 1071 1824 quadragensimo

57 1824 201 1889 seeundo
230 1823 270 1888 ad
294 1821 458 1890 Sabinum.
485 1863 523 1874 -
549 1823 583 1890 si
609 1827 656 1892 ita
683 1827 754 1912 quis
784 1828 953 1912 stipulanti
977 1850 1071 1912 spon-

57 1915 137 1978 deat
166 1935 277 1978 sanum
307 1936 388 1993 esse,
419 1915 524 1979 furem
553 1937 616 1980 non
645 1937 727 2000 esse,
757 1916 977 2001 vispellionem
1005 1939 1071 1982 non

57 2023 132 2067 esso
160 2007 192 2066 et
221 2006 341 2086 uetera,
368 2003 492 2070 inutilis
521 2004 685 2088 stipulatio
713 2005 905 2090 quibusdam
936 2005 1072 2088 videtur,

57 2091 137 2176 quia
165 2091 194 2154 si
222 2092 292 2176 quis
321 2096 370 2156 est
397 2092 430 2155 in
457 2093 519 2159 hao
547 2113 655 2175 eausa,
682 2093 884 2179 impossibile
912 2095 1071 2180 estquod

57 2179 277 2263 promittitur,
300 2180 328 2245 si
351 2202 416 2246 non
440 2186 501 2266 est,
524 2182 645 2246 frustra
668 2187 725 2247 est.
828 2185 830 2188 ’

347 2363 375 2440 β.
407 2362 455 2421 Ad
479 2363 609 2422 edietum
631 2365 788 2440 praetoris,

323 2470 373 2536 De
390 2473 491 2552 puetis
513 2478 541 2537 et
561 2474 814 2538 conventionibus.

154 2585 225 2650 143.
254 2584 347 2669 D.2,
367 2586 422 2670 14,
443 2587 476 2672 7,
497 2587 547 2652 14.
586 2585 743 2671 Ulpianus
774 2589 858 2652 libro
888 2592 1002 2672 quarto
1031 2589 1072 2652 ad

58 2674 212 2739 edietum.
232 2710 273 2719 —
294 2671 329 2738 si
352 2674 511 2760 paciscar,
540 2697 579 2740 ne
604 2676 710 2759 operis
733 2676 811 2741 novi
834 2676 1071 2741 nuntiationem

60 2784 230 2848 exsequar,
255 2763 385 2848 quidam
408 2767 526 2848 putant
548 2786 613 2828 non
636 2765 741 2828 valere
765 2766 955 2848 pactionem,
979 2766 1072 2849 quasi

58 2854 96 2917 in
120 2873 158 2916 ea
180 2873 215 2917 re
238 2853 396 2936 praetoris
419 2853 589 2937 imperium
612 2856 765 2916 versetur.

152 2956 188 3014 of.
207 2955 246 3032 11,
267 2959 283 3015 1
308 2976 337 3033 p.
353 2958 404 3016 97.

155 3048 226 3113 144.
249 3048 287 3113 D.
302 3050 333 3133 2,
350 3049 466 3134 14,27,
484 3049 510 3113 1.
551 3048 671 3113 Paulus
694 3047 779 3113 libro
803 3048 900 3114 tortio
924 3048 964 3112 ad
988 3048 1073 3113 edio-

60 3139 142 3200 tnm.
167 3172 207 3182 —-
233 3134 266 3202 Si
294 3159 367 3202 oum
393 3159 449 3202 reo
478 3139 515 3201 11
545 3141 668 3203 eertum
695 3141 823 3222 tempus
850 3137 958 3221 pactio
985 3137 1073 3203 faeta

62 3224 123 3308 sit,
151 3225 237 3289 ultra
264 3247 366 3309 neque
395 3248 450 3291 reo
475 3249 577 3311 neque
600 3226 779 3291 fideiussori
803 3226 942 3310 prodest.
988 3228 1072 3312 quod

62 3313 93 3377 si
121 3313 190 3378 sine
224 3334 360 3397 persona
389 3336 444 3379 sua
474 3338 546 3379 rous
569 3315 742 3400 pepigerit,
772 3337 812 3379 ne
840 3337 859 3379 a
886 3315 1073 3380 fideiussore

62 3405 204 3486 petatur,
237 3401 319 3466 nihil
345 3402 376 3467 id
405 3403 557 3487 prodesse
584 3403 762 3468 fideiussori
790 3403 920 3487 quidam
946 3406 1073 3487 putant,

62 3511 260 3574 quamquam
289 3489 321 3553 id
343 3491 391 3554 rei
414 3492 557 3573 intersit,
580 3493 655 3575 quia
678 3514 715 3556 aa
739 3491 866 3556 demum
891 3497 1072 3576 competere

61 3579 95 3643 ei
118 3578 233 3644 debeat
256 3579 409 3663 exceptio,
432 3601 512 3663 quae
536 3582 567 3644 et
590 3600 654 3646 reo.
