2596 3902
158 203 223 268 136
245 199 292 260 III.
303 203 379 258 GAII
389 202 535 258 CLAUDII
544 202 679 260 NLRON.
690 201 833 258 GALBAE
843 203 950 260 TEMP.
960 203 1055 260 IURIS
1066 203 1168 261 OONS.

160 368 259 431 etiam
287 388 375 452 eum,
408 367 462 451 qui
489 370 565 450 post
592 371 729 431 mortem
756 367 859 452 patris
887 367 1044 433 senatoris
1071 371 1168 434 natus

159 455 211 539 sit,
235 456 327 539 quasi
351 456 509 520 senatoris
532 453 636 520 filium
660 477 738 520 esse.
780 456 835 520 sed
859 479 941 540 eum,
965 456 1020 541 qui
1042 463 1169 541 postea·

159 538 256 628 q'uam
288 547 380 627 pater
413 545 482 608 eius
510 544 548 608 de
576 548 690 608 senatu
717 549 824 610 motus
852 550 902 610 est
929 546 1108 631 coneipitur
1137 552 1170 611 et

157 634 315 717 nascitur,
351 632 506 698 Proeulus
544 637 577 697 et
608 632 750 718 Pegasus
789 634 962 718 opinantur
998 656 1063 700 non
1096 657 1169 700 erse

158 722 251 808 quasi
275 723 434 788 senatoris
458 722 566 788 filium.

348 975 395 1034 De
417 977 569 1036 donatione
590 978 665 1035 tuter
687 978 783 1035 otram
807 981 832 1036 et
854 994 980 1038 uxorem.

248 1112 297 1176 16.
320 1109 537 1195 Ι).24,1,64.
573 1111 744 1178 Iavolenus
763 1113 848 1178 libro
867 1117 959 1178 sexto
978 1136 1017 1178 ex
1032 1115 1167 1198 posteri-

157 1201 267 1267 oribus
281 1199 452 1267 Labeonis.
470 1237 507 1248 -
524 1199 585 1264 Vir
603 1201 730 1266 mulieri
748 1201 887 1267 divortio
908 1202 994 1268 faoto
1009 1203 1168 1288 quaedam

156 1289 274 1354 ideireo
299 1289 438 1374 dederat,
460 1294 497 1354 ut
520 1289 560 1353 ad
584 1311 618 1354 se
641 1296 870 1377 reverteretur;
901 1291 1017 1355 mulier
1039 1313 1169 1356 reversa

156 1383 239 1462 erat,
269 1378 382 1443 deinde
406 1377 580 1442 divortium
603 1380 688 1443 feeit.
735 1378 857 1445 Labeo:
886 1379 1058 1445 Trebatius
1081 1382 1169 1446 inter

157 1467 343 1532 Terentiam
358 1471 391 1531 et
400 1467 619 1532 Maecenatem
633 1467 808 1552 respondit,
823 1469 851 1533 si
864 1490 977 1533 verum
993 1468 1168 1534 divortium

155 1556 284 1639 fuisset,
315 1560 420 1620 ratam
449 1577 518 1620 esse
543 1555 762 1640 donationem,
782 1556 811 1622 si
835 1556 1002 1641 simulata,
1030 1564 1165 1624 eontra.

156 1645 211 1710 sed
226 1694 232 1709 .
249 1693 255 1708 .
272 1694 278 1708 .
293 1643 449 1710 Proculus
473 1649 506 1710 et
529 1643 687 1709 Caecilius
710 1649 837 1731 putant,
861 1650 938 1710 tune
962 1668 1071 1711 verum
1096 1668 1167 1712 esse

154 1734 328 1798 divortium
348 1737 381 1798 et
400 1734 506 1798 valere
526 1733 731 1799 donationem
752 1733 895 1815 [divortii
910 1757 1008 1800 eausa
1021 1735 1166 1820 factam],

156 1823 185 1886 si
208 1822 290 1886 aliae
311 1823 443 1906 nuptiae
461 1823 624 1887 insecutae
644 1821 720 1888 sunt
739 1827 795 1887 aut
813 1827 881 1887 tam
900 1823 1000 1909 longo
1020 1827 1166 1908 tempore

155 1911 250 1976 vidua
268 1909 392 1992 fuisset,
414 1914 451 1974 ut
469 1911 602 1976 dubium
621 1934 687 1977 non
705 1911 791 1979 foret
808 1911 946 1976 alterum
966 1933 1035 1977 esse
1055 1915 1167 1979 matri·

155 2000 312 2084 monium3
346 1999 427 2064 alias
459 2020 517 2065 neo
551 1999 759 2066 donationem
787 2001 884 2067 ullius
913 2021 982 2066 esse
1011 2003 1168 2067 momenti

155 2087 307 2153 futuram.

571 2247 621 2314 De
643 2249 752 2314 tutelis.

246 2390 296 2456 17.
329 2387 400 2455 Gai.
418 2391 449 2475 2,
467 2390 541 2457 231.
564 2425 609 2437 -
643 2387 743 2478 (Ante
772 2390 898 2455 heredis
929 2391 1168 2458 institutionem

155 2478 315 2544 inutiliter
351 2480 492 2565 legatur,
530 2479 654 2544 scilieet
689 2480 765 2564 quia
798 2483 995 2545 testamenta
1026 2481 1093 2544 vim
1127 2505 1167 2546 ex

155 2567 361 2635 institutione
384 2551 510 2633 heretis
534 2568 696 2652 accipiunt
710 2619 717 2633 .
733 2619 740 2633 .
754 2570 825 2653 pari
847 2568 973 2634 ratione
992 2591 1051 2635 neo
1069 2570 1168 2635 liber-

155 2661 206 2722 tas
240 2663 315 2723 ante
347 2657 473 2722 heredis
506 2658 744 2723 institutionem
777 2657 845 2722 dari
877 2655 1008 2744 potest)
1060 2661 1167 2724 nostri

154 2751 380 2832 praeceptores
398 2768 458 2812 neo
476 2749 617 2812 tutorem
637 2768 674 2812 eo
688 2747 760 2812 loeo
774 2747 843 2812 dari
857 2769 951 2832 posse
966 2747 1167 2834 existimant3

156 2841 205 2900 set
225 2834 336 2900 Labeo
360 2838 392 2899 et
410 2834 730 2901 Proculustutorem
755 2857 850 2919 posse
875 2836 953 2921 deri,
977 2836 1060 2920 quod
1082 2836 1166 2901 nihil

158 2945 197 2987 ex
219 2923 398 2988 hereditate
423 2927 573 3009 erogatur
596 2924 714 2988 tutoris
739 2923 876 2989 datione.

247 3031 296 3094 18.
319 3029 393 3096 Vat.
407 3028 479 3094 fal
503 3026 554 3115 (P.
571 3028 680 3114 1782).
707 3065 744 3075 —
769 3028 853 3112 <Qui
877 3053 896 3094 a
919 3029 1073 3115 muliere>
1096 3032 1166 3096 sina

157 3117 277 3182 tutoris
302 3118 494 3183 auctoritate
518 3117 621 3182 seiens
645 3139 714 3182 rem
737 3120 879 3203 mancipi
903 3122 989 3196 emit,
1012 3120 1061 3184 vel
1083 3119 1165 3186 falso

155 3210 264 3270 tutore
288 3209 417 3272 auetore
442 3228 538 3291 quem
562 3205 636 3272 soiit
658 3227 723 3272 non
747 3227 825 3286 esse,
848 3229 915 3272 non
932 3207 1058 3273 videtur
1077 3210 1165 3274 bona

155 3295 217 3358 fide
246 3295 371 3359 emisse.
416 3294 525 3381 itaque
553 3298 592 3360 et·
607 3299 730 3360 veteres
754 3298 884 3381 putant,
912 3301 945 3361 et
968 3295 1106 3362 Sabinus
1132 3301 1165 3362 et

156 3381 286 3448 Cassius
320 3383 476 3448 scribunt.
530 3382 638 3448 Labeo
671 3384 800 3470 quidem
833 3387 981 3471 putabat,
1015 3407 1073 3451 nee
1105 3408 1164 3471 pro

156 3474 299 3554 emptore
323 3493 397 3536 eum
420 3471 595 3557 possidere,
621 3473 673 3538 sed
698 3495 756 3557 pro
780 3496 980 3559 possessor03
1008 3474 1164 3540 Proculus

156 3565 188 3624 et
212 3558 338 3644 Celsus,
360 3582 419 3645 pro
444 3565 596 3645 emptore.
