2570 3904
137 209 228 264 XXVI

43 415 46 421 -
137 376 357 452 posterioribus
384 375 532 436 Labeonis
561 376 727 436 sententiae
755 377 855 437 variae
884 380 994 437 extant.
1045 377 1154 453 quibus

134 465 316 543 ¹fragmentis
348 465 503 525 dissolutis
536 483 609 524 suus
637 465 742 542 cuique
769 466 814 525 rei
841 467 924 526 loeus
952 485 1152 542 numerusque

137 553 337 632 assignandus
369 554 441 628 fuir,
473 572 656 631 quamquam
682 554 748 614 fieri
774 557 908 630 poterat,
937 558 973 614 ui
1000 555 1153 614 interdurn

133 662 238 702 rerum
262 661 390 703 conexus
413 643 544 703 nondum
566 646 742 720 perspectus
766 646 1029 720 corrumperetur.v
1060 643 1152 703 inter·

133 732 210 790 rium
233 732 325 792 eiiam
347 732 572 810 paragraphum
594 732 727 792 diversas
750 750 799 791 res
822 733 1024 793 continentem
1048 732 1154 792 dissol-

137 821 266 881 vendam
290 820 373 899 duxi,
396 821 491 880 veluti
513 821 550 881 D.
568 823 620 897 43,
635 823 664 898 8,
680 823 709 896 2,
726 823 766 881 28
791 814 843 900 (of.
861 821 893 880 ΙΙ
911 842 940 899 p.
956 817 1046 902 310).

189 981 192 986 Ι
227 909 313 980 Quod
348 909 387 968 ad
424 910 588 969 sententias
620 909 694 969 iuris
726 910 931 971 consultorum
963 930 982 970 a
1012 910 1153 986 pluribus

136 999 219 1058 varie
244 999 357 1058 relatae
385 999 505 1078 attinet,
527 998 661 1058 omnium
679 999 853 1058 testimonia
870 1001 1063 1075 proponenda
1082 999 1157 1058 duxi

138 1087 303 1146 secundum
326 1087 505 1164 dignitaiem
528 1087 686 1164 disposita,
709 1106 805 1164 neque
828 1089 962 1164 priorum
987 1089 1152 1148 sententias

138 1195 157 1235 a
178 1177 307 1252 posteris
330 1177 473 1252 probatas
497 1175 577 1252 apud
599 1175 654 1235 hos
677 1176 857 1237 omittendas
880 1195 954 1237 esse.
1066 1219 1067 1222 ,

131 1307 133 1312 .
227 1264 342 1335 Quibus
370 1265 498 1325 rubricis
530 1263 700 1342 fragmenta
727 1266 878 1344 inscripsi,
905 1265 943 1326 iis
969 1266 1149 1343 plerumque
1271 1279 1272 1292 i

136 1373 196 1414 non
222 1374 325 1414 rerum
359 1354 410 1432 qui
446 1354 517 1413 olim
550 1353 667 1414 exstitit
693 1372 838 1414 conexum
870 1353 1032 1432 significari
1058 1355 1149 1433 volui,

136 1443 189 1502 sed
223 1445 324 1520 potius
357 1443 595 1520 fragmentorum
624 1443 725 1518 qualia
755 1444 844 1503 hodie
872 1445 943 1504 suni
974 1447 1152 1520 argumenta
1270 1439 1272 1484 i

135 1531 268 1592 indicari.

224 1621 361 1696 Denique
394 1619 583 1697 singulorum
611 1617 810 1694 prudentium
832 1621 984 1680 doetrinae
1013 1621 1149 1699 reliquiis
1270 1615 1272 1710 i

136 1709 232 1770 vitam
254 1710 441 1786 honoresque
464 1709 685 1784 praemittenda
706 1710 821 1786 putavi.

133 1821 135 1830 ⁴
224 1797 261 1856 In
283 1799 373 1857 rebus
397 1797 435 1856 ad
457 1797 650 1876 philologiam
673 1798 904 1876 pertinent-ibus,
928 1798 999 1858 dum
1020 1799 1148 1873 priorem

137 1887 235 1963 operis
258 1889 375 1963 partem
397 1889 509 1964 traete,
535 1887 702 1947 adiutorem
724 1890 916 1965 perpetuum,
938 1886 970 1946 id
993 1887 1073 1964 quod
1096 1907 1146 1964 ap·

136 1993 240 2052 parere
264 1976 365 2052 doleo,
388 1990 449 2035 non
472 1979 579 2036 nasius
600 1976 724 2035 subinde
743 1997 762 2035 a
781 1976 958 2040 Richardo
977 1977 1149 2052 Heinzeo,
1270 2049 1272 2052 Ι

136 2068 202 2123 ium
230 2064 346 2142 collega
373 2065 597 2143 Argentinensi‚
629 2084 707 2125 nuno
734 2066 936 2138 Berolinensi,
965 2058 1089 2126 oonsilio
1119 2069 1150 2126 ei

136 2154 273 2214 doctrina
296 2153 417 2212 adiutus
441 2173 529 2214 sum·
552 2155 584 2212 in
607 2155 703 2213 altera
726 2155 824 2229 operis
847 2156 942 2230 parte,
966 2155 1065 2230 quoad
1084 2154 1147 2214 eius
1270 2189 1272 2192 ·

136 2245 205 2318 posi
229 2241 409 2302 domicilium
433 2262 452 2300 a
474 2262 521 2302 me
544 2245 695 2302 mutatum
717 2243 749 2302 in
771 2244 858 2303 baria
879 2246 1012 2302 locorum
1030 2243 1147 2321 longin-
1271 2235 1272 2238 ¹

136 2331 254 2408 quitata
276 2330 341 2389 fieri
363 2333 473 2407 posset,
496 2331 533 2390 H.
554 2331 782 2406 Sohroederi,
803 2332 951 2409 gymnasii
974 2333 1146 2392 Proiesian·

136 2419 213 2478 tium
232 2419 460 2496 Argentinensis
483 2419 669 2497 professoris,
692 2419 774 2479 fideli
792 2439 883 2496 opera
901 2423 991 2498 atque
1011 2421 1146 2481 doctrina

136 2527 208 2568 usus
237 2529 311 2568 sum.
357 2508 482 2584 denique
508 2509 683 2568 Alsredus
705 2509 868 2584 Pernioe‚
896 2510 1009 2570 amisus
1036 2509 1146 2570 harum

135 2617 236 2657 rerum
253 2598 341 2658 unice
359 2597 482 2677 peritae,
506 2599 629 2658 schedas
648 2599 881 2676 typographicae
899 2599 1002 2674 legens
1023 2599 1148 2659 adnote-

137 2687 232 2747 iiones
256 2689 367 2747 multas
391 2705 499 2764 easque
523 2687 646 2747 eximias
669 2707 786 2748 meeum
809 2687 1048 2766 communicavit,
1071 2708 1147 2765 quas

136 2775 341 2836 lubeniissime
365 2794 418 2836 suo
442 2777 506 2837 loeo
530 2776 680 2853 proposui.

226 2917 336 2994 Scripsi
358 2917 480 2976 Bonnae
504 2937 604 2978 mense
627 2919 791 2979 Novembri
813 2919 884 2977 anni
906 2918 1001 2978 MOM.
