2614 3912
139 191 205 257 380
241 192 274 247 V.
294 190 443 246 NERVAE
463 190 511 244 ET
530 189 681 244 TRAIANI
699 189 806 246 TEMP.
826 189 921 246 leals
940 189 1118 246 CONSULTI

137 356 260 421 tionem
290 354 464 420 secundum
494 353 656 419 Aristonis
685 353 879 419 sententiam
907 357 1045 435 constat,
1073 375 1148 418 cum

137 444 202 528 ipsi
223 443 291 509 filio
315 463 381 508 non
404 443 567 508 videretur
590 449 660 507 esse
685 443 840 508 volvendo
862 442 1034 509 hereditas.

227 537 309 608 Quae
332 539 512 614 sequuntur:
541 531 583 596 ‘et
605 537 661 596 hoc
682 537 727 596 ita
750 541 804 614 est,
828 537 899 596 licet
920 555 980 596 non
1003 535 1152 596 condicio·

137 626 247 686 naliter·
270 626 479 703 expressisset,
502 625 686 686 intellexisse
708 629 810 686 tamen
833 625 1073 685 manifestissime
1097 625 1149 685 ad-

136 710 302 792 probetur',
335 735 395 775 non
427 714 584 792 Marciani,
616 715 667 775 sed
695 714 869 774 Triboniani
900 715 1036 774 habenda
1069 717 1148 773 sunt.

138 805 174 864 cf.
204 803 405 881 Gradenwitz,
438 804 468 864 Z.
493 804 519 864 d.
544 803 680 865 Sea-St.
703 802 773 880 VH,
798 804 888 879 82sq.
944 803 1066 862 Pernice
1092 801 1151 881 ΠΙι

140 895 182 953 10
204 912 233 952 n.
249 895 277 953 3.
615 950 618 957 .

229 977 278 1042 18.
308 975 348 1041 D.
368 976 420 1058 30,
441 976 537 1060 14pr.
583 975 743 1058 Ulpianus
771 974 855 1040 libro
884 976 995 1060 quinto
1024 974 1148 1040 decimo

138 1065 178 1130 ad
210 1063 366 1130 Sabinum
394 1063 444 1148 (P.
463 1060 575 1150 2532).
605 1099 648 1112 -
677 1061 711 1128 Si
738 1064 786 1154 ita
814 1064 856 1129 sit
884 1062 1081 1147 adscriptum
1109 1063 1150 1129 ‘si

138 1154 190 1218 cui
218 1155 366 1239 legavero
394 1153 461 1239 bis,
489 1152 588 1219 semel
615 1152 709 1217 heres
737 1153 767 1217 ei
790 1151 878 1219 dato'
904 1153 952 1218 vel
977 1151 1025 1217 ‘ut
1049 1151 1149 1217 semel

139 1242 316 1325 debeatur',
343 1245 376 1308 et
404 1242 507 1307 eidem
533 1242 613 1307 duas
643 1243 844 1327 quantitates
868 1241 1077 1325 adscripserit
1100 1242 1150 1305 vel

137 1333 218 1398 duos
245 1331 377 1415 fundos,
405 1352 447 1394 an
473 1337 647 1415 utrumque
674 1330 859 1396 debeatur?¹
900 1335 933 1395 et
960 1330 1008 1396 ait
1034 1329 1151 1396 Aristo

138 1443 239 1485 unum
262 1420 365 1485 videri
387 1421 541 1504 legatum.

228 1515 401 1592 Sequuntur
439 1514 523 1573 haec:
562 1508 644 1572 ‘nam
679 1513 758 1589 quod
795 1513 968 1589 ademptum
999 1517 1058 1586 est,
1094 1532 1152 1573 nee

139 1602 244 1663 datum
265 1601 360 1662 videri
378 1602 541 1662 secundum
560 1601 641 1661 Celsi
659 1603 691 1660 ct
708 1601 842 1661 Marcelli
861 1601 1047 1675 sententiam,
1072 1619 1151 1678 quae

138 1711 210 1752 vera
232 1685 297 1750 eet’.
344 1710 397 1766 pro
422 1683 542 1751 ‘videri'
565 1709 632 1750 cum
654 1689 776 1751 Lenelic
800 1684 942 1750 ‘videtur'
965 1691 1066 1769 legere
1088 1709 1150 1750 non

139 1797 213 1855 opus
232 1782 285 1854 est,
304 1799 373 1839 cum
390 1779 531 1839 extremis
548 1779 648 1839 verbis
663 1778 759 1839 oratio
774 1779 904 1856 obliqua,
921 1797 998 1856 quae
1015 1782 1151 1854 vocatur,

138 1870 335 1940 contineatur,
359 1887 419 1945 qua
442 1866 521 1929 Celsi
544 1870 575 1927 et
597 1868 731 1927 Marcelli
755 1869 934 1928 sententiam
957 1867 994 1927 ab
1017 1867 1152 1944 Ulpiano

138 1955 282 2016 traditam
305 1956 437 2016 induisse
461 1956 659 2017 Tribonianus
683 1957 802 2017 videtur
824 1957 897 2016 satis
920 1957 1069 2016 habuisse.

467 2115 519 2176 Aa
540 2118 628 2191 leuem
649 2116 823 2176 Falcidium

230 2217 279 2282 19.
302 2217 341 2281 Ι).
356 2217 409 2302 35,
422 2217 452 2300 2,
469 2219 497 2301 1,
513 2219 542 2283 9.
579 2216 697 2283 Paulus
716 2217 799 2282 libro
815 2216 973 2302 singulari
989 2217 1029 2284 ad
1043 2217 1151 2303 legem

138 2304 318 2372 Falcidiam
348 2305 396 2388 (P.
414 2304 516 2393 921⁰).
543 2341 588 2353 —
616 2305 650 2372 si
681 2328 759 2371 usus
786 2305 912 2371 fructus
942 2307 1069 2391 legatus
1098 2307 1155 2390 sit,

140 2396 196 2480 qui
219 2399 252 2460 et
275 2393 374 2460 dividi
397 2399 519 2480 potest,
547 2418 625 2482 non,
649 2396 733 2461 sicut
757 2398 880 2461 ceterae
904 2395 1076 2460 servitutes
1099 2397 1151 2460 in·
1222 2423 1226 2434 ·

141 2484 289 2550 dividuae
313 2488 399 2569 sunt,
421 2483 628 2568 <individuus
650 2485 729 2569 est),
754 2488 877 2549 veteres
901 2483 1030 2569 quidem
1054 2485 1151 2549 aesti-

139 2574 293 2639 mandum
324 2578 430 2639 totum
463 2595 557 2639 usum
588 2573 728 2639 fructum
756 2572 915 2658 putabant
942 2575 975 2638 et
1001 2573 1050 2639 ita
1076 2594 1154 2639 con-

26 2692 28 2695 ’
140 2663 349 2748 stituendum,
364 2672 519 2748 quantum
534 2664 625 2728 sitin
639 2665 758 2748 legato.
786 2660 842 2726 sed
851 2661 961 2727 Aristo
977 2666 1151 2727 aveterum

140 2752 292 2836 opinione
315 2753 463 2836 reeessit;
494 2753 541 2818 ait
564 2753 648 2817 enim
671 2773 766 2837 posse
790 2753 938 2836 quartam
960 2754 1087 2834 partem
1112 2773 1151 2816 ex

139 2860 177 2904 eo
202 2842 248 2908 sic
271 2845 307 2905 ut
331 2863 369 2905 ex
392 2841 580 2926 corporibus
603 2840 747 2906 retineri.

450 2999 500 3065 De
521 3002 661 3066 cautione
682 3000 845 3066 Muciano.

228 3103 281 3169 20.
310 3102 349 3168 D.
363 3105 415 3183 35,
432 3107 460 3185 1,
475 3107 493 3170 7
503 3128 550 3190 pr.
595 3105 757 3190 Ulpianus
780 3106 863 3171 libro
888 3109 1002 3171 octavo
1027 3106 1155 3172 decimo

140 3191 181 3255 ad
206 3188 362 3256 Sabinum
387 3191 435 3279 (P.
450 3192 561 3276 2595).
585 3230 627 3240 -
650 3193 819 3260 Mucianae
843 3195 1003 3260 cautionis
1025 3196 1152 3261 utilitas

140 3280 292 3344 consistit
318 3280 354 3344 in
382 3281 623 3347 condicionibus
653 3283 792 3367 quaein
814 3305 881 3348 non
903 3283 1051 3349 faciendo
1075 3289 1153 3350 sunt

7 3361 9 3450 ζ
140 3373 327 3451 conceptae,
350 3374 387 3435 ut
408 3374 487 3455 puta
511 3369 551 3435 ‘si
574 3369 771 3457 Capitolium
794 3393 861 3436 non
885 3371 1087 3458 ascenderit',
1111 3372 1152 3438 ‘si

140 3454 287 3522 Stichum
324 3479 389 3524 non
427 3459 662 3526 manumiserit'
695 3465 727 3525 et
758 3461 793 3525 in
825 3459 999 3540 similibus,
1038 3467 1072 3527 et
1102 3461 1153 3526 ita

141 3545 311 3612 Aristoni.
327 3595 333 3611 .
349 3548 475 3613 .visum
499 3559 556 3615 est.
