2602 3906
168 213 235 279 454
271 214 303 268 V.
322 213 471 268 NERVAE
491 213 537 268 ΕΤ
556 213 708 268 TRAIANI
725 211 832 267 TEMP.
851 211 948 268 IURIS
967 211 1147 268 CONSULTI

169 379 213 444 ad
232 399 321 461 quem
337 378 476 461 pretinm
491 377 607 460 peculii
625 378 777 460 peromit;
802 380 807 457 1
833 381 868 442 at
884 397 952 442 aum
974 375 1057 440 lieres
1075 376 1180 442 iussus

168 473 213 533 est
218 468 374 550 peculium
391 468 466 532 dare
483 471 604 548 accepta
620 472 703 531 certa
719 486 851 544 summa,
874 486 936 530 non
953 466 1072 530 oidelae
1084 485 1179 548 penes

169 557 306 622 heredem
328 575 390 622 esse
407 556 570 638 peculium.
847 603 853 610 ,

521 705 629 772 Dein
650 727 715 771 rem
736 726 829 771 uerso.

257 812 309 877 66.
342 809 382 876 D.
403 811 457 893 15,
476 812 510 894 3,
529 813 559 877 2.
608 812 779 878 Iavolenus
811 811 894 876 libro
923 810 1110 876 duodecimo
1140 833 1179 875 ex

169 898 291 966 Cassia.
318 937 355 948 -
385 899 448 980 Qui
469 902 605 966 niemmis
627 901 755 984 acceptis
775 921 896 966 sacam
913 901 1103 980 manumisit,
1125 902 1179 983 api

168 1011 237 1055 uem
264 1011 296 1055 eo
322 991 420 1055 dein
446 1011 511 1055 rem
538 1010 622 1054 uerso
648 1011 711 1055 non
728 995 839 1074 potest,
866 991 942 1071 quia
963 990 1065 1055 dando
1088 989 1178 1054 liber-

169 1084 261 1145 tatem
284 1079 516 1160 locupletiora
536 1081 758 1144 nummisma
779 1080 824 1162 fet.

257 1169 308 1233 67.
336 1168 375 1233 D.
401 1166 455 1251 15,
479 1169 513 1251 3,
537 1167 566 1232 9.
611 1167 784 1233 Iavolenus
813 1165 896 1232 libro
925 1166 1110 1232 duodecimo
1138 1189 1178 1231 ex

168 1254 289 1323 Cassio.
308 1295 352 1304 —
370 1256 407 1322 Si
429 1277 497 1321 aero
516 1261 606 1338 pater
623 1258 721 1323 dotem
739 1257 869 1322 daturus
885 1256 1036 1339 nonfuit,
1059 1257 1093 1320 in
1111 1277 1178 1321 rem

162 1348 268 1429 patris
289 1367 410 1411 oeream
431 1366 493 1410 esse
515 1366 577 1410 non
599 1347 725 1410 uidetur.

257 1457 294 1516 cf.
316 1456 352 1516 D.
374 1459 424 1536 15,
444 1459 473 1534 3,
494 1460 522 1535 7,
542 1458 560 1516 5
584 1456 653 1533 Ulp.
682 1456 714 1516 Si
746 1457 834 1517 filins.
858 1457 988 1516 familias
1020 1457 1178 1533 pecuniam

166 1549 323 1606 mutuatus
354 1565 408 1622 pro
440 1545 503 1605 filia
536 1564 590 1604 sua
618 1545 719 1606 dotem
747 1545 875 1624 dederit,
907 1546 940 1604 in
967 1565 1031 1605 rem
1057 1564 1178 1605 versum

166 1635 417 1713 pariendum,
441 1639 588 1710 quatenus
611 1653 685 1694 avus
708 1653 763 1710 pro
785 1638 876 1711 nepte
899 1634 1025 1694 daturus
1047 1634 1114 1695 fuit.

566 1847 675 1907 Liber
695 1847 777 1907 XIII.
878 1926 881 1932 Δ
973 1925 975 1930 Α

546 1965 596 2032 De
618 1967 795 2033 interdictis.

256 2083 306 2148 68.
330 2080 368 2147 Ι).
383 2083 437 2160 41,
451 2083 481 2162 2,
495 2083 546 2148 22.
597 2081 687 2146 Idem
711 2082 767 2164 (sc.
791 2080 975 2170 Iavolenus)
998 2083 1083 2147 libro
1114 2086 1177 2147 ter·

166 2171 213 2236 tio
246 2170 368 2236 decimo
401 2194 439 2234 ex
472 2170 593 2237 Cassio.
628 2207 665 2217 -
701 2170 775 2236 Non
805 2173 924 2237 uidetur
954 2173 1177 2256 possessionem

166 2262 293 2344 adeptus
315 2258 419 2341 isqui
442 2261 486 2324 ita
508 2265 616 2325 nactrn
639 2264 692 2344 est,
709 2265 745 2324 ut
761 2280 830 2325 eam
847 2263 976 2326 rainere
992 2281 1054 2325 non
1066 2262 1176 2343 possit.

255 2348 307 2416 69.
335 2346 372 2412 D.
387 2349 441 2432 43,
459 2349 489 2429 5,
504 2350 533 2414 5.
575 2348 746 2414 Iavolenus
770 2349 854 2414 libro
877 2351 973 2414 tertio
994 2349 1116 2414 decimo
1136 2371 1176 2414 ex

128 2497 129 2502 ,
166 2436 289 2504 Cassio.
316 2473 353 2485 -
378 2437 429 2503 De
450 2438 564 2504 tabulis
580 2439 776 2520 proferendis
798 2439 993 2503 interdictum
1013 2443 1178 2521 competere

165 2549 228 2592 non
250 2532 371 2612 oportet,
393 2528 422 2592 si
442 2527 619 2592 hereditatis
641 2529 846 2592 cooetrover’sia
868 2547 905 2592 en
926 2527 975 2592 liis
993 2529 1104 2610 pendet
1120 2531 1179 2592 ant

165 2619 194 2682 si
212 2617 255 2682 ad
266 2617 424 2698 publicam
441 2618 646 2698 quaestionem
663 2617 802 2699 pertinet.
825 2619 927 2698 itaque
945 2618 979 2680 in
997 2617 1069 2682 aede
1083 2635 1177 2681 sacra

166 2707 291 2771 interim
314 2707 505 2788 deponendae
526 2711 601 2771 sunt
621 2711 678 2768 aut
700 2707 785 2787 apud
805 2706 908 2770 airum
930 2707 1081 2771 idoneum.

255 2796 305 2860 70.
330 2793 368 2859 D.
382 2795 435 2877 50,
451 2796 501 2877 ll,
519 2795 588 2859 198.
634 2792 806 2859 Iavolenus
830 2794 914 2858 libro
933 2795 1031 2859 tertio
1050 2792 1176 2859 decimo

167 2905 204 2946 ex
224 2881 346 2948 Cassio.
366 2919 408 2929 -
428 2883 534 2964 Neque
555 2884 589 2947 in
611 2883 769 2949 interdicto
787 2904 881 2966 neque
899 2884 933 2947 in
950 2883 1055 2948 ceteris
1073 2884 1178 2948 anunm

159 2972 281 3073 planilla
312 2992 417 3123 noctm
448 2977 562 3054 opoetd
592 2973 695 3036 dolam
724 2973 846 3056 tortorio,
876 2973 939 3038 siae
965 2973 1104 3037 solamdo
1132 2976 1179 3037 est

164 3079 228 3124 siae
249 3080 312 3125 non
334 3080 387 3124 ee.

565 3188 674 3248 Liber
692 3189 772 3249 XIV.

252 3311 317 3372 Hoc
344 3313 421 3380 libro
444 3313 480 3371 de
503 3311 620 3389 legibus
644 3313 810 3392 veteribus,
835 3314 950 3375 scilicet
972 3313 1030 3372 XII
1055 3312 1177 3372 tabula·

164 3421 241 3478 rum,
264 3401 396 3480 Aquilia,
415 3399 526 3477 Oiacia,
544 3401 679 3461 Falcidia
697 3401 811 3462 dictum
828 3403 923 3463 faisse
941 3401 1034 3462 Lenel
1051 3401 1178 3480 indicat,

164 3491 196 3549 id
233 3490 313 3566 quod
350 3510 416 3550 cum
447 3489 686 3569 fragmentorum
719 3493 905 3574 argumentis
937 3491 1084 3551 convenit.
1143 3491 1178 3550 at

164 3580 402 3658 fragmentorum
437 3580 495 3640 duo
527 3598 639 3658 genera
671 3598 735 3640 esse
767 3583 906 3657 apparet,
938 3600 1031 3639 unum
1063 3597 1177 3657 eorum,
