2602 3906
408 234 432 282 6.
456 224 663 280 IAVOLENUS
682 225 828 280 PRISOUS
1056 225 1121 291 461

111 412 180 458 eum
207 411 239 456 eo
266 391 406 474 venierit,
434 394 549 467 tomeu,
576 390 605 453 si
631 389 769 454 eruditor
794 389 862 453 doio
886 393 981 468 earet,
1006 390 1125 471 prioris

112 481 255 563 emptoris
280 500 376 545 eausa
402 479 542 544 absotuta
569 482 626 554 est;
654 479 690 542 id
714 478 797 541 euim
822 479 921 543 sotum
942 479 1125 544 iutueudum

112 575 168 654 est,
190 591 233 633 au
255 567 390 652 [priori]
413 567 563 632 oeuditori
585 566 664 630 boua
685 567 745 650 fide
765 565 850 645 faeta
872 569 914 630 sit
935 569 1069 633 adiectio.

201 658 230 723 9.
250 656 289 721 D.
303 657 476 741 41‚4,4pr.
508 655 680 720 Iavolenus
694 655 777 718 libro
788 656 927 720 seeundo
938 678 977 720 ex
987 656 1124 723 Plautio.

113 785 155 794 -
178 747 312 830 Emptor
333 746 427 827 fuudr'
443 748 567 828 partem
589 745 654 808 eius
676 745 811 808 adimam
834 765 898 809 esse
916 765 979 809 uou
1000 747 1126 828 iquora

111 841 203 902 uerat.
252 853 430 917 responsum
458 839 502 898 est
526 833 606 897 uibib
628 853 697 897 eum
719 853 756 897 eu
778 853 811 898 eo
831 833 930 913 fuudo
953 834 1031 897 usu¹
1053 855 1125 916 cap

113 931 225 990 turum.
275 925 357 1006 quod
386 924 432 987 ita
463 943 569 987 oerum
601 942 663 986 osse
690 922 843 1006 existimo,
874 924 916 999 si,
947 943 1024 1004 quae
1045 944 1125 1004 pars

111 1015 218 1079 atiena
244 1019 319 1078 esset
344 1013 380 1076 iu
406 1032 439 1076 eo
467 1012 579 1095 faudo,
611 1015 727 1092 emptor
753 1011 964 1092 iquoraoerat;
991 1013 1072 1092 quod
1097 1014 1126 1078 si

112 1107 227 1169 eertum
250 1102 348 1166 tooum
371 1121 432 1165 osse
454 1101 555 1184 sciret,
577 1101 713 1181 reliquas
729 1105 837 1181 partes
856 1098 934 1164 usu¹
953 1101 1023 1180 copi
1036 1121 1126 1181 posse

112 1213 175 1257 uou
197 1191 310 1256 dubito.

205 1280 254 1345 10.
282 1278 362 1343 Ibid.
381 1281 401 1358 ξ
418 1280 445 1342 1.
473 1313 510 1325 -
534 1277 622 1343 Idem
647 1278 729 1341 iuris
751 1281 807 1362 est,
834 1277 926 1360 siis,
952 1278 1007 1359 qui
1031 1282 1125 1343 totum

111 1370 247 1451 drudam
278 1368 405 1453 emebat,
432 1388 492 1450 pro
521 1367 654 1432 iudioiso
674 1371 798 1450 partem
825 1367 965 1448 aliquam
992 1366 1126 1432 alienam

112 1479 175 1524 esse
205 1459 277 1534 soit;
314 1477 381 1521 eam
413 1457 494 1520 euim
526 1457 690 1520 dumtaxat
719 1477 781 1520 uou
813 1457 923 1540 capiet,
958 1461 1126 1520 ceterarum

111 1549 254 1629 partium
275 1567 338 1610 uou
360 1546 541 1626 impedietur
563 1541 640 1607 usu2
663 1545 767 1626 capia·

206 1635 255 1699 11.
276 1633 312 1697 Ι).
326 1636 374 1715 12,
385 1634 414 1717 6,
423 1635 476 1698 45.
508 1632 679 1698 Iavolenus
694 1635 776 1697 libro
788 1633 928 1697 seeundo
938 1654 976 1696 ex
986 1631 1125 1698 Plautia.

114 1758 160 1771 -
182 1722 220 1788 Si
241 1724 278 1805 io,
299 1724 353 1805 qui
370 1723 564 1787 hereditatem
581 1722 717 1787 vendidit
733 1727 762 1785 et
778 1722 906 1803 emptori
925 1723 1061 1805 tradidit,
1083 1723 1125 1805 id,

114 1813 197 1896 quod
216 1812 276 1876 sibi
298 1814 435 1876 mortuus
452 1811 602 1893 debuerat,
624 1831 687 1875 uou
705 1812 841 1894 retinuit,
863 1816 994 1893 repetere
1004 1813 1126 1894 poterit,

113 1901 190 1985 quia
203 1901 278 1983 ptus
294 1901 390 1966 debito
407 1901 542 1966 solutum
554 1921 612 1982 per
630 1901 847 1966 aaudiotiouem
865 1905 942 1965 reete
955 1900 1127 1983 recipietur.

205 2022 241 2081 of.
264 2022 386 2081 Pernioe
409 2020 467 2094 111,
489 2023 549 2081 251
575 2040 603 2080 n.
620 2023 647 2079 2.

206 2134 256 2198 12.
281 2132 318 2196 D.
330 2131 381 2214 18,
394 2131 426 2216 4,
438 2133 467 2196 8.
497 2129 666 2196 Iavolenus
681 2131 764 2196 libro
780 2132 918 2197 seeundo
933 2154 972 2197 ex
986 2132 1125 2198 Plautio.

115 2258 158 2268 -
196 2221 285 2300 quoa
321 2223 349 2285 si
380 2221 470 2285 uuita
501 2220 650 2284 bereditas
681 2221 724 2286 ad
752 2223 938 2287 uenditorem
963 2223 1127 2306 pertimuit,

114 2317 267 2394 quautam
284 2310 412 2392 emptori
423 2314 585 2390 praestare
603 2307 733 2390 debead,
753 2313 797 2375 ita
811 2312 961 2393 distinqui
974 2312 1127 2393 oportebit,

114 2406 162 2476 ut,
193 2400 222 2462 si
252 2403 296 2463 est
322 2399 444 2479 quidem
470 2399 578 2480 atiquo
604 2397 767 2483 bereditas,
799 2401 852 2463 sed
876 2401 920 2464 ad
944 2401 1127 2464 uenditorem

114 2509 179 2553 uou
195 2489 337 2570 pertimet,
361 2487 430 2569 ipsa
452 2491 634 2565 aestimetur,
656 2489 684 2551 si
706 2488 795 2552 uuita
817 2493 868 2572 est,
891 2489 1007 2570 dequo
1025 2493 1127 2552 aetum

114 2578 263 2659 uideatur,
284 2577 422 2659 pretium
449 2577 613 2640 dumtauot
638 2581 666 2639 et
690 2577 870 2657 siquidm
893 2597 961 2641 eam
983 2596 1048 2640 rem
1070 2578 1127 2640 im·

110 2685 244 2749 pausum
266 2670 311 2729 est
331 2669 447 2746 emptor
469 2686 490 2728 a
512 2665 664 2729 uenditare
686 2668 892 2746 consequatur.

209 2754 260 2819 13.
286 2751 326 2818 D.
343 2754 437 2838 18,4,
454 2755 503 2819 10.
548 2751 720 2817 Iavolenus
748 2755 830 2818 libro
859 2753 964 2837 primo
988 2752 1127 2818 seeundo

114 2865 155 2908 ex
174 2842 312 2907 Plautio.
327 2877 369 2888 -
391 2842 480 2921 Quod
496 2843 525 2907 si
541 2842 576 2905 iu
594 2843 764 2907 omditioue
781 2842 957 2908 bereditatis
974 2843 1009 2906 id
1025 2846 1127 2906 aetum

113 2937 168 3014 est,
190 2933 219 2996 si
240 2931 317 3013 quid
337 2932 418 2996 iuris
440 2936 515 2996 esset
535 2931 708 3014 venditoris,
729 2933 831 2996 oeuire
851 2951 905 2996 neo
923 2936 1029 3013 postea
1046 2932 1127 3014 quio

113 3040 210 3104 quam
230 3022 381 3102 praestita
398 3021 449 3085 iri.
480 3021 621 3102 quamvis
638 3021 682 3084 ad
697 3022 880 3086 venditorem
897 3020 1048 3085 hereditas
1065 3042 1128 3086 uou

108 3110 311 3195 pertimuerit,
336 3109 418 3174 uibit
446 3114 549 3173 tamem
570 3130 603 3174 eo
626 3109 790 3194 <domiue>
808 3110 1026 3193 praestabitur,
1052 3110 1127 3192 quia

114 3201 151 3264 id
172 3203 275 3262 aetum
297 3218 358 3263 esse
379 3198 579 3278 manifestum
600 3205 656 3281 est,
683 3205 719 3264 ut
739 3201 993 3282 quemadmodum
1015 3199 1127 3264 emotu-

114 3291 253 3352 meutum
284 3287 512 3371 ueqotiatiouis,
543 3289 589 3351 ita
606 3289 778 3370 perieulum
805 3291 849 3354 ad
873 3293 1036 3371 emptorem
1058 3308 1127 3369 per·

114 3380 233 3442 timeret.

191 3539 206 3587 1
226 3531 302 3588 Tmb.
320 3530 406 3601 longa
423 3531 608 3603 possessione.
651 3503 653 3506 Ι
681 3538 697 3587 2
718 3535 797 3590 Trio.
814 3533 902 3602 longa
919 3529 1103 3605 possessione.

190 3609 206 3658 3
225 3603 273 3659 Fi.
292 3603 396 3659 debuit.
