2602 3906
197 173 265 239 482
301 174 334 230 V.
353 175 502 230 anvns
520 176 567 230 ET
586 177 738 232 TRAIANI
756 177 863 233 TEMP.
881 177 977 234 IURIS
996 177 1172 235 CONSULTI

286 331 377 402 Lsnel
394 345 426 403 P.
442 346 480 404 ad
497 345 559 405 Iar.
575 348 637 404 114
657 348 688 405 et
706 346 736 405 Z.
751 346 779 406 d.
794 345 916 406 San-St.
931 345 1007 405 VIII
1019 367 1048 423 p.
1066 349 1138 407 198.
1161 379 1205 388 -

196 431 362 492 Mommsen
375 430 424 508 §2
440 434 484 494 ita
501 435 657 512 legendam
676 435 838 495 existimat:
857 428 938 494 ‘nam
956 435 1206 511 quemadmodum

197 539 247 580 eus
262 522 341 581 solas
355 538 386 580 et
400 527 553 599 separatas
568 524 606 582 ab
616 523 748 582 aedificio
759 543 817 583 non
826 523 987 601 possedisti
995 523 1054 582 nisi
1063 524 1208 599 depositis

197 609 331 686 aedibus,
351 629 427 687 quae
446 612 502 670 hoo
519 631 636 688 quoque
653 612 750 689 ipsum
765 614 926 685 continent,
945 613 987 672 sio
1000 631 1054 671 neo
1067 631 1159 689 penas
1174 616 1205 673 te

198 699 336 776 singulae
359 705 412 758 aut
436 703 590 775 separatae
613 702 737 760 fuerunt
760 701 987 760 cohaerentibus
1005 700 1052 760 his
1074 702 1106 760 in
1125 702 1204 760 aedi·

196 781 284 849 fioio.'
335 787 433 848 Eisele
460 789 563 849 Jahrb.
591 790 611 848 f.
639 790 745 868 Dogm.
769 789 868 847 XXIV
891 810 920 866 p.
944 791 1007 850 515
1030 809 1059 848 n.
1085 793 1103 849 9
1132 809 1205 850 voee

197 868 250 934 ‘et'
279 880 347 935 ante
376 870 635 962 ‘oohaerentibus'
664 880 695 937 et
721 881 866 938 commate
896 872 1051 954 ‘depositis
1079 878 1204 938 aedibus

196 983 271 1040 quae
303 966 358 1024 hoo
391 985 508 1043 quoque
535 967 633 1043 ipsum
661 961 825 1026 eontinent'
853 967 975 1026 abiectis
1002 967 1089 1044 legit:
1123 960 1204 1026 ‘nam

195 1053 445 1129 quemadmodum
476 1073 526 1114 eas
558 1055 636 1115 solas
670 1058 700 1114 et
733 1058 886 1131 separatas
914 1056 951 1114 ab
979 1055 1113 1115 aedificio
1144 1074 1204 1114 non

194 1141 364 1218 possedisti,
386 1143 427 1202 sio
445 1161 499 1203 neo
516 1162 608 1220 penes
626 1148 657 1204 te
676 1144 813 1220 singulae
832 1147 886 1203 aut
904 1145 1060 1220 separatae
1079 1145 1205 1203 fuerunt

196 1231 422 1291 cohaerentibus
445 1232 491 1290 his
514 1234 544 1290 in
568 1227 722 1293 aedificio?

689 1406 706 1470 ‘2

284 1519 336 1585 52.
365 1518 404 1584 D.
425 1519 481 1604 50,
501 1520 555 1603 16,
577 1521 648 1585 117.
697 1520 787 1585 Idem
819 1517 876 1605 (so.
905 1516 1089 1606 Iavolenus)
1117 1521 1201 1586 libro

193 1631 281 1674 nono
300 1608 532 1693 Epistularum.
554 1645 591 1654 —
614 1609 687 1675 Non
705 1613 803 1692 potest
819 1609 917 1673 uideri
935 1607 1050 1674 ‘minas
1066 1609 1203 1676 solvisse'

194 1700 235 1780 is,
257 1699 293 1762 in
314 1718 403 1780 quain
425 1698 586 1781 amplioris
609 1719 746 1764 sammaa
768 1698 847 1762 aetio
869 1717 932 1761 non
953 1700 1099 1779 competit.

612 1953 720 2012 Liber
742 1952 778 2011 X.

540 2061 613 2127 ‘De
635 2063 826 2128 testamentis.

281 2174 333 2241 53.
365 2174 403 2239 D.
424 2174 480 2258 50,
501 2175 556 2259 17,
576 2177 649 2242 201.
698 2175 787 2240 Idem
815 2173 873 2264 (se.
900 2173 1084 2263 Iauolenus)
1116 2176 1198 2242 libro

191 2263 314 2328 decimo
346 2263 575 2347 Epistularum.
607 2302 652 2312 -
684 2263 811 2346 Omnia,
844 2286 922 2348 qnae
957 2286 994 2330 es
1025 2270 1200 2332 bsmmento

187 2354 438 2436 proficiscuntur,
469 2354 516 2418 ita
546 2359 661 2418 statum
692 2360 813 2419 wantos
844 2356 983 2437 copiunt,
1014 2356 1044 2420 si
1072 2357 1200 2420 initium

192 2462 309 2525 qnoque
330 2443 396 2507 sine
417 2443 491 2507 nitio
513 2445 650 2526 ceperint.

551 2621 601 2687 De
622 2623 690 2687 inre
710 2622 835 2687 dotium.

280 2736 331 2802 54.
363 2734 401 2802 D.
430 2735 488 2819 45,
512 2738 529 2801 1
537 2787 546 2821 ,
570 2738 643 2803 108.
697 2736 786 2801 Idem
819 2733 874 2822 (se.
897 2731 1080 2821 Iavolenus)
1113 2736 1198 2801 libro

189 2824 311 2890 deoimo
335 2824 565 2908 Epistularum.

280 2925 303 2973 1.
331 2914 363 2977 A
388 2914 469 2978 Titio
492 2915 539 2978 ito
564 2916 729 2997 stipulatas
755 2934 840 2980 snm:
871 2912 911 2978 ‘si
933 2933 996 2995 qno
1018 2911 1097 2978 mihi
1118 2935 1196 2996 nup

187 3002 275 3079 serit,
305 3002 403 3067 decem
429 3003 508 3068 dotis
535 3004 601 3068 eins
627 3005 749 3068 nomine
771 3005 845 3067 dore
866 2998 1027 3084 spondes?
1072 3023 1196 3085 ponere·

189 3089 292 3174 batnr,
314 3110 357 3153 on
380 3093 526 3155 consistat
546 3092 618 3156 talis
640 3093 806 3174 stipulatio.

277 3177 463 3258 Respondit:
494 3181 524 3242 si
545 3181 708 3261 stipulanti
730 3182 808 3246 mibi
829 3181 884 3247 dos
901 3181 947 3245 ito
959 3181 1116 3264 promissa
1136 3185 1195 3246 est:

138 3316 145 3330 .
187 3264 419 3347 ‘quemeumque
444 3286 568 3331 uxorem
596 3269 722 3346 duxere,
749 3271 829 3334 dotis
855 3271 921 3335 eius
947 3271 1069 3335 nomine
1097 3271 1194 3335 ᾱεεαη

186 3355 262 3418 dure
291 3353 462 3438 spondesi',
494 3355 574 3420 nihil
605 3358 640 3420 in
671 3377 766 3422 conso
794 3363 849 3442 est,
882 3379 976 3440 qnare
1002 3378 1038 3423 aa
1059 3359 1192 3440 pecunia

186 3441 359 3506 condicione
395 3444 513 3522 expleto
548 3464 610 3508 non
645 3445 803 3522 detentam
843 3467 919 3510 nom
955 3467 1023 3510 enm
1060 3447 1192 3511 condicio

185 3531 279 3594 etiam
314 3548 351 3593 es
386 3529 517 3595 incertae
549 3553 699 3615 personae
733 3532 815 3614 facto
841 3555 952 3615 parere
983 3535 1190 3617 obtipotionem
