2570 3904
164 173 206 236 12
233 172 281 227 111.
296 170 371 225 GAII
385 169 531 225 CLAUDII
543 169 678 225 NERON.
688 169 832 225 GALBAE
842 169 949 224 ΤΕΜΡ.
959 170 1055 225 IURlS
1065 171 1172 227 CONS.

252 339 371 398 Cassius
394 343 425 398 et
446 337 549 397 heredi
572 342 602 396 et
623 338 769 414 legatario
790 339 941 397 interdum
958 339 1175 399 remittendam

162 428 275 504 proprii
290 427 368 486 servi
381 425 610 485 manumittendi
622 427 830 486 necessitatem
844 427 1033 502 existimavit,
1048 427 1175 502 scilicet,

163 511 201 576 ‘si
227 518 277 577 vel
298 534 370 575 usus
392 519 456 575 tam
478 515 661 574 necessarius
684 518 776 593 esset,
799 518 891 575 uteo
915 534 1015 575 carere
1037 535 1097 576 non
1120 537 1173 576 ex·

162 604 290 680 pediret,
318 605 414 665 veluti
441 603 652 678 dispensatoris
679 603 883 681 paedagogive
915 604 1093 682 liberorum,
1121 608 1175 665 vel

162 696 282 753 tantum
323 693 403 751 servi
441 692 582 752 delictum
618 695 677 768 111,
712 695 748 751 ut
783 693 858 750 ultio
894 687 1074 752 remittenda
1109 713 1175 752 non

164 776 254 842 esset'
274 772 325 862 (D.
345 783 396 856 40,
417 783 446 852 5,
467 774 532 860 35).
572 782 652 856 quod
675 780 725 840 illa
753 781 797 840 ita
819 781 961 859 decrevit,
988 800 1174 858 quamquam

162 871 243 930 iusta
280 888 370 929 causa
405 869 647 928 manumissionis
683 872 760 946 erat,
802 870 828 927 si
861 869 929 946 quis
961 870 1173 946 paedagogum

162 959 391 1019 manumitteret
438 959 487 1020 vel
538 976 656 1017 servum
701 958 847 1017 curatoris
895 958 1025 1018 habendi
1069 958 1174 1034 gratia

164 1043 242 1128 (Gai.
264 1051 296 1123 1,
322 1050 377 1123 19,
402 1047 456 1107 nbi
482 1047 575 1108 verba
602 1039 815 1121 ‘procuratoris
841 1047 970 1105 habendi
992 1040 1103 1122 gratia'
1131 1046 1173 1106 ad

163 1137 398 1212 dispensatorem
428 1134 574 1210 imprimis
602 1135 740 1193 videntur
772 1127 935 1216 spectare),
967 1154 1002 1195 eo
1029 1136 1172 1210 pertinet,

163 1225 243 1302 quod
269 1228 341 1285 tunc
368 1243 488 1298 vernas,
516 1241 552 1282 ex
577 1241 704 1299 quorum
726 1226 762 1282 ut
784 1223 1024 1283 fidelissimorum
1045 1242 1171 1284 numero

163 1315 382 1390 dispensatores
418 1313 468 1374 rel
502 1311 693 1388 paedagogos
730 1311 802 1389 eligi
834 1315 1065 1373 cousentaneum
1096 1315 1172 1390 erat,

161 1403 313 1480 peregrini
346 1402 424 1461 servi
453 1419 575 1459 numero
603 1400 691 1477 longe
720 1401 914 1477 superabant,
944 1401 1172 1478 peregrinorum

163 1495 264 1552 autem
295 1490 430 1567 nequitia
463 1507 530 1548 oum
559 1488 721 1548 severitate
748 1489 910 1549 coercenda
937 1493 1014 1564 erat,
1046 1508 1107 1564 qua
1134 1489 1170 1548 de

162 1580 298 1658 nequitia
326 1599 354 1639 v.
377 1576 588 1637 Friedlaender
609 1577 626 1636 I
647 1597 676 1652 p.
693 1579 782 1653 74sq.
828 1579 891 1653 ipse
914 1580 1015 1637 autem
1039 1575 1171 1652 Cassius,

162 1670 215 1744 qui
245 1667 429 1726 familiarum
459 1683 556 1725 mores
587 1666 641 1724 illa
673 1668 771 1725 aetate
801 1667 924 1739 fuerint,
957 1665 1090 1725 oratioue
1117 1667 1173 1725 illa

162 1757 194 1815 in
233 1759 338 1815 senatu
373 1756 477 1814 habita
514 1755 654 1830 explicat:
701 1748 872 1830 ‘postquam
901 1802 907 1814 .
932 1800 938 1814 .
965 1754 1101 1814 nationes
1138 1755 1171 1813 in

162 1844 285 1903 familiis
308 1844 466 1919 habemus,
490 1843 598 1919 quibus
621 1843 731 1904 diversi
754 1842 839 1920 ritus,
863 1846 985 1902 externa
1009 1859 1093 1902 sacra
1116 1846 1172 1902 aut

162 1933 245 1991 nulla
277 1935 361 2009 sunt,
393 1932 551 1991 colluviem
582 1932 673 1991 istam
704 1950 764 1991 non
794 1932 853 1990 nisi
880 1936 964 1990 metu
990 1926 1170 1992 coercueris’

163 2013 247 2102 (Tac.
267 2039 333 2079 ann.
354 2023 405 2097 14,
424 2013 490 2100 44).
535 2019 637 2096 itaque
666 2039 734 2079 cum
756 2020 933 2079 manumissi
954 2039 1050 2095 poena
1074 2019 1171 2081 levior

163 2113 242 2169 esset
261 2128 350 2185 quam
368 2109 456 2184 servi,
475 2108 512 2167 ab
530 2109 638 2167 herede
656 2109 704 2170 rel
725 2109 872 2186 legatario
890 2108 1045 2168 testatoris
1063 2109 1170 2170 volun·

162 2201 257 2258 tatem
292 2197 414 2274 neglegi
449 2216 539 2272 quam
575 2197 708 2255 debitam
737 2197 883 2256 ultionem
915 2196 1030 2256 remitti
1060 2197 1172 2257 maluit

162 2287 265 2346 eadem
288 2304 363 2345 usus
386 2286 544 2360 gravitate,
567 2303 627 2360 qua
649 2302 675 2342 a.
691 2287 741 2358 61,
765 2303 832 2344 cum
845 2284 993 2344 Pedanius
1017 2284 1170 2346 Secundus

163 2375 200 2434 ab
223 2374 319 2450 ipsius
343 2392 428 2434 servo
445 2373 623 2432 interfectus
642 2375 728 2450 esset,
750 2372 837 2448 plebe
857 2373 964 2433 acriter
982 2376 1170 2451 repugnante

162 2467 194 2524 et
216 2462 395 2542 quibusdam
416 2462 549 2537 ipsorum
569 2464 691 2537 patrum
716 2461 755 2520 ad
775 2461 931 2521 lenitatem
954 2461 1169 2523 inclinantibus

161 2553 322 2613 severitate
345 2550 490 2611 utendum
512 2568 577 2611 esse
596 2549 719 2628 censuit,
742 2569 809 2610 cum
828 2550 951 2610 diceret:
976 2543 1100 2622 ‘habet',
1122 2549 1169 2610 iu·

162 2643 240 2720 quit,
269 2635 395 2718 ‘aliquid
418 2659 454 2699 ex
476 2640 579 2717 iniquo
603 2658 688 2700 omne
713 2658 854 2718 magnum
879 2639 1059 2714 exemplum,
1087 2640 1170 2714 quod

161 2734 266 2792 contra
276 2731 409 2806 singulos
419 2729 553 2790 utilitate
562 2722 872 2806 publicarepeuditur'
882 2719 1169 2810 (Tao.anu14,44).

248 2819 353 2896 Aeque
375 2821 466 2896 atque
490 2818 615 2878 Sabinus
641 2813 685 2898 (II
705 2821 722 2876 1
746 2838 774 2893 p.
791 2809 870 2898 322)
893 2819 1028 2877 veterum
1051 2834 1170 2875 mortum

162 2908 299 2966 defensor
334 2910 425 2982 atque
464 2908 561 2965 cultor
596 2907 663 2965 fuit.
694 2924 764 2964 uam
800 2907 835 2964 ut
867 2904 989 2964 Tacitus
1030 2902 1170 2963 Cassium

160 2994 192 3052 in
216 2996 323 3053 senatu
345 2994 418 3052 haec
442 2994 551 3053 dixisse
573 2994 681 3052 tradit:
709 2986 946 3068 esaepenumero,
974 2996 1075 3068 patres
1099 3010 1169 3051 con·

162 3082 279 3160 scripti,
306 3081 338 3140 in
364 3081 421 3140 hoc
448 3081 551 3141 ordine
579 3080 715 3158 interfui,
743 3098 811 3140 cum
839 3085 942 3141 contra
968 3081 1110 3141 instituta
1136 3084 1170 3141 et

160 3172 243 3248 leges
265 3170 414 3228 maiorum
437 3188 516 3231 nova
534 3172 655 3229 senatus
674 3170 792 3229 decreta
809 3171 1049 3246 postulareutur;
1071 3188 1168 3244 neque

161 3278 227 3319 sum
263 3258 453 3333 adversatus,
493 3277 554 3318 non
590 3259 660 3334 quia
697 3257 866 3318 dubitarem
902 3277 992 3335 super
1029 3258 1167 3317 omnibus

160 3347 290 3424 negotiis
313 3347 419 3405 melius
443 3350 533 3424 atque
556 3347 665 3406 rectius
689 3346 761 3406 olim
782 3348 935 3423 provisum
954 3351 985 3406 et
1003 3365 1080 3424 quae
1098 3365 1167 3406 oon·

161 3439 363 3511 verterentur,
398 3435 430 3495 in
466 3435 597 3495 deterius
628 3436 753 3513 mutari,
791 3436 842 3495 sed
873 3455 910 3495 ne
942 3435 1033 3496 nimio
1066 3453 1167 3495 amore

161 3525 278 3604 antiqui
310 3524 401 3585 moris
432 3524 566 3584 studium
594 3544 695 3584 meum
720 3525 863 3584 extollere
888 3519 1030 3603 viderer',
1060 3524 1106 3584 ita
1134 3523 1167 3584 in
