2580 3900
150 193 215 257 196
232 192 278 248 III.
290 191 366 246 GAII
376 187 520 244 CLAUDII
530 186 665 243 NERON.
676 187 821 243 GALBAE
832 186 938 242 TEMP.
949 185 1044 242 IURIS
1055 185 1158 240 CONS.

568 409 676 470 Liber
697 410 736 470 ΙΙ.

454 521 504 586 De
526 522 714 586 ornamentis
737 521 851 603 leontis.

239 631 266 696 1.
295 629 334 694 D.
359 629 411 713 34,
435 629 465 710 2,
489 628 519 692 5.
569 627 742 692 Africanus
773 627 857 692 libro
887 625 1024 691 secundo
1054 624 1159 701 Quae-

147 719 289 784 stionum
312 714 362 804 (P.
379 714 444 803 11).
462 753 506 763 -
524 716 621 800 Apud
640 716 800 781 Fufidium
819 713 1047 790 Quaestionum
1072 715 1158 780 libro

148 807 286 872 secundo
310 808 357 871 ite
323 808 481 890 tsoript
483 827 536 870 um
561 809 624 870 est·
646 807 675 870 si
696 805 808 869 rnniier
825 805 1020 870 inundaverit
1037 803 1100 886 tibi,
1124 809 1161 868 nt

146 897 208 962 sibi
234 896 363 961 uniones
389 915 466 960 neeis
491 895 543 960 sni
570 913 809 973 contremens,
836 895 865 958 si
888 897 1160 974 inpostnortern

147 985 227 1072 eins,
254 1005 322 1050 enne
343 989 473 1067 penteres
499 1004 567 1049 eone
588 986 699 1067 rivere,
727 983 850 1068 enoris,
875 982 933 1046 Ate
928 982 1047 1048 ticinns
1068 986 1160 1063 neom

147 1094 209 1140 esse
228 1075 307 1157 tenet
307 1094 339 1139 os
357 1075 393 1152 ei,
415 1095 466 1138 one
462 1073 659 1137 insiliendo
679 1073 834 1156 inuenerit:
857 1069 1059 1154 ornamento,
1081 1091 1160 1152 qnoc

147 1185 215 1228 oneo
242 1183 337 1228 conso
360 1167 479 1244 parato
505 1167 578 1226 snnt
605 1160 755 1239 eruntne&
787 1181 851 1225 non
872 1161 954 1224 enirn
976 1161 1041 1224 eins
1063 1180 1160 1225 conso

146 1254 245 1318 uideri
235 1273 351 1335 sporo
353 1256 385 1316 to
411 1271 486 1330 esse,
513 1271 591 1333 qnae
617 1252 682 1315 ion
709 1254 832 1316 nortun
852 1269 889 1313 en
911 1253 1011 1330 coepto
1031 1249 1159 1329 fuerint

516 1432 558 1486 Ex
575 1433 689 1493 incertis
707 1432 795 1488 libris.

330 1534 379 1599 De
401 1554 486 1599 servo
503 1535 633 1616 proprio
655 1533 761 1598 herede
782 1535 976 1599 instituendo.

238 1652 267 1717 2.
292 1648 363 1715 Gai.
378 1650 407 1734 2,
429 1648 500 1714 154.
517 1685 555 1696 -
578 1697 607 1714 ..
629 1649 683 1734 qui
703 1649 874 1714 facultates
893 1671 968 1713 suas
992 1651 1159 1730 suspectas
1211 1659 1216 1666 ’

148 1741 262 1824 hebet,
299 1738 382 1804 solet
418 1759 545 1802 servum
583 1760 676 1802 suum
709 1738 814 1822 primo
847 1740 904 1803 eut
935 1736 1076 1801 secundo
1109 1737 1159 1800 vel

150 1829 248 1893 ctiam
275 1827 427 1892 ulteriore
457 1827 559 1911 gredu
586 1827 724 1891 liberum
753 1831 786 1891 et
809 1825 958 1890 heredem
981 1826 1160 1910 instituere,

149 1921 186 1982 ut
210 1917 238 1980 si
261 1916 472 1982 creditoribus
497 1915 577 1980 satis
600 1937 665 1981 non
689 1915 747 1980 fiet
752 1966 761 2001 ‚
734 1915 892 1999 tpotius
915 1914 1010 1979 huius
1034 1909 1169 1978 heredis'

150 2028 247 2108 quem
276 2004 378 2090 ipsius
405 2006 505 2069 ttestu
507 2005 569 2069 oris
592 2005 678 2069 bone
700 2009 850 2088 veneunt,
877 2003 910 2068 id
934 2003 1075 2068 estut
1066 2022 1160 2086 1gno-

151 2095 251 2159 minio
270 2114 351 2178 quae
370 2091 487 2158 accidit
505 2114 543 2157 ex
562 2093 746 2158 venditione
764 2094 932 2175 bonorum,
949 2092 1036 2156 hunc
1050 2091 1160 2176 potius

149 2183 300 2248 heredem
319 2204 416 2266 quam
434 2181 542 2265 ipsum
561 2184 750 2247 testatorem
769 2181 946 2266 continget,
965 2202 1162 2265 quamquem

151 2271 236 2356 apud
263 2269 424 2334 Fufidium
455 2269 573 2335 Sabino
603 2272 731 2355 placeat
761 2271 962 2335 eximendum
991 2291 1063 2333 eum
1091 2291 1161 2334 esse

150 2360 345 2446 ignominie,
377 2359 453 2443 quie
479 2381 545 2424 non
572 2381 630 2424 suo
658 2357 751 2444 vitio,
779 2359 834 2424 sed
862 2359 1021 2424 necessita
1022 2361 1054 2422 te
1082 2358 1160 2422 iuris

150 2451 308 2515 bonorum
332 2447 453 2514 vendit‘
428 2451 549 2513 tionem
572 2453 629 2534 pet
615 2452 744 2513 t.eretur

278 2617 329 2684 De
350 2619 592 2683 mnnnrnissione
608 2638 668 2700 per
689 2619 858 2684 oindiotoen
878 2617 1032 2699 faciendo.

240 2735 268 2800 3.
299 2733 338 2798 D.
361 2733 418 2814 40,
441 2735 476 2815 2,
497 2734 549 2798 25.
602 2731 704 2798 Gaius
733 2734 816 2799 libro
846 2731 951 2818 primo
981 2730 1019 2795 de
1049 2753 1162 2796 menu-

151 2823 361 2888 missionibus
383 2820 434 2910 (P.
447 2819 538 2908 477).
563 2859 598 2868 -
626 2820 660 2886 si
682 2823 800 2888 tutoris
822 2820 965 2886 habendi
987 2842 1086 2884 causa
1104 2843 1161 2904 pu-

151 2911 249 2996 pillus
267 2913 486 2993 manumittet,
504 2911 688 2994 probationi
708 2932 778 2976 esse
797 2931 929 2976 censam
942 2908 1088 2974 Fufidius
1106 2911 1161 2974 eit.

241 3021 304 3081 Gai.
322 3025 350 3098 1,
365 3023 415 3082 38.
446 3016 562 3081 ‘eedem
580 3024 648 3098 lege
668 3013 723 3102 (se.
737 3021 824 3080 Aelia
844 3012 961 3102 Senties)
980 3021 1089 3080 minori
1106 3021 1163 3081 XX

152 3129 298 3168 annorum
316 3111 434 3169 domino
452 3129 512 3168 non
530 3111 619 3169 aliter
637 3110 846 3170 manumittere
860 3110 1052 3186 permittitur,
1071 3129 1162 3187 quam

151 3197 284 3258 vindicte
313 3199 394 3274 apud
425 3197 581 3258 consilium
613 3199 694 3258 iusta
725 3217 815 3258 eausa
842 3199 1082 3259 manumissionis
1110 3200 1162 3258 ed-

152 3286 286 3362 probate.
335 3287 433 3347 iustae
465 3290 566 3347 eutem
594 3305 700 3348 causae
728 3289 967 3348 manumissionis
995 3291 1123 3350 sunt..
1151 3283 1160 3309 ’

153 3393 228 3450 quas
263 3375 343 3434 inter
378 3393 483 3436 causas
519 3377 592 3436 heec
622 3377 700 3450 erat,
738 3369 776 3436 si
807 3395 925 3438 servum
957 3337 1161 3453 procuratoris

152 3463 280 3522 habendi
298 3467 368 3541 gret
369 3464 399 3523 ie
415 3465 608 3525 manumittet
610 3459 750 3543 '(Ge'ul
755 3459 842 3548 ,19)
861 3468 910 3525 oui
924 3465 1058 3525 Fufidius
1077 3466 1161 3526 illem

153 3545 334 3629 adiunxit,
338 3553 364 3612 si
386 3554 496 3614 tutoris
520 3554 649 3614 habendi
671 3573 761 3614 eeuse.
783 3547 998 3616 manumittet.
