2596 3902
164 216 226 286 128
240 217 287 274 111.
299 215 375 271 osu
385 214 533 271 cununu
542 214 676 273 annon.
687 215 828 270 seuseu
839 214 949 271 uuus.
958 215 1054 271 mma
1069 215 1175 272 cons.

161 385 282 446 nostros
303 379 507 462 iuteteqimus
525 379 634 444 lateres
650 399 720 458 esse,
743 379 865 446 etiamsi
881 400 977 462 neom
993 379 1176 446 auctoritate

160 489 256 550 ueqeee
279 468 427 550 attonitam
448 488 543 550 neque
566 467 684 533 viritas
704 468 791 534 uotis
807 489 902 551 pares
924 465 1024 551 suno,
1049 469 1093 534 sio
1115 488 1175 552 eos,

162 559 217 640 oet
234 559 424 624 maiestatem
441 561 581 623 nostum
598 558 722 624 semitm
739 577 916 625 conservare
933 558 1046 640 debent,
1065 557 1175 623 llberos

161 666 222 714 esse
244 646 477 728 iutelkqeodum
498 650 549 711 est.

169 789 171 794 ,
252 747 277 799 a.
309 735 356 802 At
381 737 464 818 (tunt
488 736 575 818 aptet
599 753 656 800 uos
681 734 728 798 rei
753 754 790 800 ea
816 735 989 800 civitatulam
1009 733 1175 815 foederatis

162 829 191 889 et
212 825 246 889 iu
269 844 319 889 eos
340 825 503 890 damnatos
525 824 809 888 animadvertimus.

168 955 171 970 ¹
253 935 399 996 Proculus
421 935 545 1011 respicit
567 935 695 994 fortasse
714 934 751 994 ad
774 935 1067 995 senatusconsultum
1085 935 1173 995 Pom·

162 1025 251 1108 penio
272 1028 302 1084 et
321 1024 399 1084 Rufo
419 1015 758 1105 ooss.(a.17)faotum‚
778 1044 835 1102 quo
855 1027 987 1102 cavetur,
1005 1027 1041 1082 ut
1058 1024 1174 1082 mathe-

164 1113 283 1173 maticis
306 1111 463 1172 Chaldaeis
491 1113 594 1172 ariolis
621 1115 652 1170 et
679 1113 798 1186 celeria,
827 1112 878 1190 qui
903 1112 998 1172 simile
1021 1113 1174 1188 inceptum

161 1203 306 1279 feserunt,
326 1221 404 1279 aqua
427 1203 458 1260 et
479 1200 542 1278 igni
565 1200 764 1261 interdicatur
787 1201 945 1277 omniaque
967 1201 1046 1260 bona
1069 1219 1174 1260 eorum

162 1291 374 1369 publicentnrs
388 1293 419 1350 et
441 1290 467 1349 si
491 1292 680 1349 externarum
704 1291 839 1368 gentium
863 1290 929 1368 quis
949 1289 980 1348 id
999 1289 1113 1367 feeerit,
1136 1292 1173 1348 ut

161 1380 193 1439 in
214 1399 284 1440 eum
302 1379 567 1438 animadvertatur.
590 1377 695 1438 (tollat.
709 1381 798 1456 15,2‚
810 1382 838 1438 1.
861 1379 898 1438 of.
913 1377 1035 1438 Sueton.
1054 1378 1119 1438 Tib.
1130 1379 1171 1438 36

160 1463 319 1529 ‘Externas
343 1467 537 1528 caerimonias
551 1511 559 1525 .
574 1513 582 1530 .
597 1514 603 1527 .
618 1463 821 1544 compescuit'.

474 1625 476 1629 ’
575 1645 685 1704 siber
706 1645 757 1704 1x.

166 1773 169 1786 '
249 1772 430 1848 Fragmenta
452 1769 536 1828 nulla
559 1769 672 1828 tradita
696 1771 774 1829 sunt.

583 1938 692 1998 Liber
714 1937 749 1997 X.

248 2062 431 2140 Fragments
452 2062 527 2122 item
548 2063 633 2140 nulla
654 2063 769 2125 tradita
792 2064 870 2122 sunt.

575 2230 683 2290 Liber
705 2231 757 2292 XI.

452 2348 502 2414 De
524 2351 672 2431 emptione
693 2351 872 2416 vestitione.
956 2395 959 2404 ,

250 2464 301 2530 34.
325 2462 362 2528 D.
377 2465 426 2547 18,
438 2466 466 2550 1,
475 2465 528 2529 69.
558 2463 647 2529 Idem
658 2461 893 2552 (soProoulus)
905 2465 988 2530 libro
999 2463 1169 2530 undecimo

158 2553 393 2638 Epistularum.
416 2590 458 2600 -
482 2551 605 2618 Rutilia
627 2553 721 2618 Polla
744 2555 823 2618 emit
844 2554 950 2619 laeum
972 2551 1170 2618 Sabatenem

158 2635 375 2729 Angularium
398 2647 431 2707 et
449 2642 535 2708 oiroa
549 2663 623 2707 oum
642 2642 748 2708 laoum
767 2643 863 2728 pedes
884 2642 1001 2707 decem.
1039 2663 1168 2726 quaero,

158 2731 314 2818 numquid
343 2735 376 2796 et
402 2731 511 2796 decem
538 2731 651 2817 pedes,
679 2733 734 2817 qui
760 2737 838 2798 tuno
865 2734 1081 2812 accesserunt,
1110 2731 1170 2796 sub

159 2843 242 2904 aqua
265 2822 346 2900 sint,
369 2820 445 2904 quia
468 2821 557 2885 lacus
580 2821 690 2904 erevit,
713 2843 755 2885 an
777 2821 916 2906 proximi
939 2820 1036 2904 pedes
1060 2819 1170 2885 deoem

159 2911 199 2972 ab
224 2929 307 2992 aqua
329 2907 470 2972 Rutiliae
493 2908 605 2973 Pollae
627 2910 706 2973 iuris
730 2911 807 2975 sint.

247 2996 403 3061 Proculus
436 2997 614 3080 respondit:
651 3017 703 3080 eoo
736 2998 876 3063 existimo
908 3003 1031 3064 ananus
1059 2998 1171 3082 losum

157 3105 246 3167 quem
268 3085 343 3148 emit
364 3083 488 3149 uulua
511 3084 612 3169 Polla,
636 3087 761 3170 emisse,
783 3091 933 3168 quatuos
955 3093 1028 3153 tane
1047 3086 1120 3167 fuit,
1143 3092 1172 3153 et

157 3175 239 3239 eirca
261 3193 330 3256 enm
348 3175 446 3242 decem
461 3174 550 3256 podes
567 3182 621 3256 qut
639 3179 710 3239 tono
726 3173 862 3255 fuerunt,
885 3197 938 3241 neo
956 3176 991 3241 ob
1008 3197 1077 3240 eom
1095 3197 1170 3262 rem,

157 3263 238 3345 qaod
273 3263 358 3327 lacus
388 3267 496 3345 posteo
531 3265 634 3348 erevit,
670 3263 766 3351 leutius
801 3285 869 3332 eum
899 3266 1056 3349 possidere
1086 3265 1172 3331 debet

157 3372 252 3436 quom
274 3353 355 3416 emit.

246 3443 290 3506 Of.
309 3445 345 3504 D.
360 3446 412 3523 41,
428 3447 457 3525 1,
473 3447 511 3504 12
533 3443 648 3506 Gallist.
685 3440 793 3508 ‘Inous
812 3452 843 3509 et
861 3450 971 3526 stagna
987 3449 1059 3510 lieet
1077 3449 1169 3510 iuter-

229 3597 243 3644 1
263 3590 301 3645 F.
319 3587 455 3644 virileni
473 3588 555 3645 nobis
573 3592 714 3661 praesunt.
750 3608 797 3647 ern.
816 3591 986 3648 Hatoanter.
