2596 3902
452 190 476 240 5.
501 182 637 238 SEXTUS
655 182 785 238 PEDIUS
1082 183 1124 247 89

505 371 549 425 De
566 371 734 424 satisdaado.

27 539 28 546 ,
203 479 255 543 20.
279 479 318 543 D.
333 480 363 560 2,
378 481 407 561 8,
421 481 441 544 8
449 501 497 564 pr.
543 479 662 543 Paulus
686 479 769 542 libro
795 483 910 562 quarto
935 479 1059 544 decimo
1086 479 1126 542 ad

117 568 255 633 edictum
281 565 331 650 (P.
350 565 439 653 259),
463 605 505 614 -
529 567 578 632 De
606 568 656 630 die
684 568 831 650 ponenda
857 569 891 631 in
916 568 1126 653 stipulatione

117 659 198 722 solet
228 657 315 720 inter
346 658 530 742 litigatores
563 657 741 721 convenire.
793 657 819 720 si
851 678 916 720 non
945 657 1124 740 conveniat,

116 745 232 810 Pedius
269 743 399 830 <diem>
435 750 530 829 putat
561 744 595 809 in
626 749 788 828 potestate
821 747 1021 829 stipulatoris
1053 767 1124 810 esse

119 835 296 915 [moderato
320 835 439 917 spatio,
463 835 500 896 de
523 835 585 898 hoc
608 858 627 898 a
651 833 756 896 iudice
780 835 1008 915 statuendum}

203 953 340 1012 Husctlcc
357 955 393 1014 Z.
416 957 442 1014 d.
457 953 578 1015 Sao-Sl.
595 955 659 1030 IX,
677 957 748 1014 342.
780 955 870 1013 verbo
893 948 1058 1014 ‘moderato
1074 1003 1080 1016 .
1096 998 1125 1015 ..

116 1037 320 1191 sltppplendum'
342 1061 432 1116 neque
453 1045 535 1103 Pecu
557 1061 647 1116 acque
665 1044 752 1102 Pauli
775 1060 834 1101 csse
856 1044 949 1102 videa
966 1046 1030 1102 c‘wre
1046 1049 1128 1103 aetat

488 1230 532 1284 Dc
549 1231 610 1284 iure
627 1231 756 1285 iurando,

204 1341 257 1404 21.
285 1337 322 1404 D.
345 1340 395 1422 12,
415 1340 443 1422 2,
464 1338 563 1423 30pr.
607 1339 728 1404 Paulus
755 1339 840 1403 libro
865 1342 978 1403 octavo
1003 1339 1126 1403 decimo

120 1428 157 1491 ad
177 1429 316 1492 edictum
337 1428 387 1514 (P.
401 1426 490 1514 282).
505 1464 547 1474 -—
562 1427 656 1509 Eum,
675 1429 731 1511 qui
749 1427 869 1492 iuravit
888 1448 925 1490 ex
945 1449 983 1491 ea
1002 1428 1128 1492 actione

119 1538 198 1600 quae
222 1516 391 1580 infitiando
416 1518 531 1581 crescit
554 1517 675 1600 aliquid
698 1517 760 1580 sibi
779 1517 897 1599 deberi,
921 1516 1038 1601 simpli,
1062 1538 1129 1580 non

119 1604 205 1688 dupli
229 1605 486 1689 persecutionem
511 1605 573 1670 sibi
597 1605 763 1688 adquirere
783 1604 899 1668 Pedius
919 1605 978 1689 ait;
1001 1605 1127 1669 abunde

119 1694 201 1757 enim
216 1693 362 1757 sufficere
378 1715 550 1758 exonerare
565 1694 737 1777 petitorem
752 1694 911 1778 probandi
925 1694 1128 1778 necessitate,

119 1804 188 1846 cum
205 1781 327 1846 omissa
341 1782 403 1846 hac
416 1786 510 1866 parte
524 1782 622 1846 edicti
637 1782 727 1866 dupli
742 1784 825 1847 actio
840 1781 968 1866 integra
988 1787 1128 1847 maneat.

119 1874 149 1934 et
179 1875 290 1954 potest
322 1870 385 1935 dici
416 1872 478 1936 hoc
510 1870 629 1936 iudicio
661 1893 725 1935 non
757 1872 969 1956 principalem
997 1894 1128 1937 causam

120 1961 272 2038 exerceri,
297 1960 351 2023 sed
375 1960 598 2024 iusiurandum
622 1962 739 2024 actoris
763 1960 956 2025 conservari.

467 2152 514 2206 Ad
532 2153 613 2221 lepem
632 2153 781 2221 Aquiliam.

206 2262 259 2325 22.
283 2261 322 2326 D.
338 2261 368 2343 9,
382 2262 411 2345 2,
426 2261 468 2326 33
478 2283 524 2344 pr.
561 2261 681 2326 Paulus
704 2262 788 2327 libro
813 2262 950 2327 secundo
975 2262 1015 2326 ad
1033 2261 1127 2326 Plau·

120 2354 197 2414 tium
223 2345 272 2436 (P.
294 2346 403 2438 1084).
428 2387 470 2397 -
495 2349 610 2415 Sextus
630 2398 661 2415 ..
681 2351 797 2415 Pedius
825 2352 871 2414 ait
893 2352 998 2435 pretia
1021 2372 1127 2414 rerum

119 2459 183 2503 non
211 2461 249 2503 ex
278 2440 445 2504 affectione
472 2461 530 2504 nec
555 2440 695 2504 utilitate
719 2440 935 2524 singulorum,
964 2440 1018 2503 sed
1042 2460 1127 2503 com-

119 2528 258 2591 muniter
293 2527 402 2613 fungi3
442 2528 550 2610 itaque
587 2550 677 2610 eum,
718 2529 772 2610 qui
808 2529 909 2592 filium
946 2528 1128 2590 naturalem

117 2616 275 2699 possidet,
301 2637 366 2680 non
394 2639 432 2680 eo
461 2617 703 2700 locupletiorem
732 2638 814 2698 esse,
843 2617 927 2700 quod
957 2636 1030 2678 enm
1056 2614 1128 2698 plu-

119 2704 208 2786 rimo,
232 2706 259 2767 si
283 2705 365 2769 alius
388 2704 578 2788 possideret,
605 2705 828 2788 redempturus
852 2704 923 2787 fuit,
945 2724 1003 2767 nec
1027 2703 1128 2786 illum,

118 2793 172 2876 qui
199 2793 302 2857 filium
332 2794 472 2858 alienum
498 2793 677 2878 possideat,
704 2797 832 2856 tantum
854 2793 986 2876 habere,
1015 2793 1128 2875 quanti

119 2903 190 2945 eum
213 2882 300 2966 patri
323 2884 459 2947 vendere
481 2887 600 2965 posset.

447 3075 491 3128 De
503 3075 626 3144 pecunia
642 3076 799 3130 comitutu.

206 3182 259 3246 23.
282 3181 321 3246 Ι).
340 3184 387 3263 13,
402 3184 431 3262 5,
446 3183 476 3262 3,
491 3185 521 3247 2.
564 3182 725 3268 Ulpianus
748 3183 832 3247 libro
856 3183 1031 3248 vicensimo
1056 3205 1128 3266 sep·

118 3271 197 3334 timo
222 3271 261 3334 ad
285 3271 422 3336 edictum
446 3269 496 3357 (P.
513 3273 613 3356 788⁰).
635 3309 673 3318 -
696 3271 730 3337 si
754 3273 791 3354 is,
815 3272 870 3356 qui
893 3276 926 3334 et
948 3273 1016 3336 iure
1040 3271 1128 3336 civili

119 3363 151 3423 et
177 3361 340 3442 praetorio
368 3360 519 3446 debebat,
545 3362 579 3424 in
604 3362 686 3424 diem
710 3360 753 3425 sit
777 3360 955 3444 obligatus,
987 3381 1026 3423 an
1053 3381 1126 3424 con-

118 3447 281 3512 stituendo
299 3449 468 3513 teneatur?
507 3453 539 3513 et
558 3449 665 3513 Labeo
686 3448 732 3512 ait
751 3451 853 3510 teneri
876 3447 1127 3526 [constitutum],

119 3558 215 3620 quam
239 3539 432 3601 sententiam
456 3542 489 3600 et
512 3536 629 3601 Pedius
652 3537 778 3620 probat.
