2590 3902
169 200 234 265 316
271 200 303 256 V.
322 198 473 255 NERVAE
492 198 538 254 ET
557 197 708 253 TRAIANI
727 197 833 255 TEMP.
852 197 948 254 IURIS
967 197 1148 254 CONSULTI

169 369 248 447 quod
274 368 353 427 idem
382 367 673 428 senatusconsultum
701 384 765 426 esse
792 366 904 445 iudice,
933 366 969 425 de
997 385 1054 444 quo
1083 365 1182 426 Gaius
1258 345 1286 392 ’ἶ

167 457 370 535 u.2u‚1o,5
394 456 498 516 traua

587 650 695 710 Liber
717 650 757 713 H.

446 770 496 837 Dc
518 768 720 854 adquirenda
731 769 900 835 hereditate.

257 878 286 943 9.
309 876 348 943 D.
362 877 526 961 29,2,b9.
570 876 722 942 Neratius
745 877 830 941 libro
854 876 993 942 seeundo
1017 875 1181 943 Membra·

168 988 291 1032 narum.
318 1002 355 1012 -·
382 965 444 1043 Qui
471 967 556 1052 patri
584 965 678 1031 heres
707 965 832 1030 exstitit
860 964 888 1029 si
916 965 1000 1030 idem
1027 965 1094 1030 filio
1118 966 1184 1031 irn-

168 1055 281 1140 puberi
314 1055 508 1120 substitutus
542 1059 603 1136 est,
634 1076 700 1119 non
733 1057 840 1138 potest
868 1053 1080 1119 hereditatem
1109 1055 1181 1120 eius

167 1145 432 1229 praetermittere.
465 1143 551 1228 quod
571 1144 617 1208 sic
635 1143 854 1228 recipiendum
870 1146 928 1226 est,
947 1143 1045 1207 etiam
1061 1144 1088 1207 si
1103 1145 1182 1209 vivo

168 1233 292 1319 pupillo
320 1236 466 1297 mortuus
494 1233 569 1314 erit,
597 1231 711 1296 deinde
735 1231 878 1316 pupillus
901 1231 1048 1315 impubes
1072 1232 1183 1298 deces-

169 1323 256 1386 serit.
307 1323 395 1402 [nam
427 1321 456 1385 is
488 1321 542 1404 qui
572 1320 666 1384 heres
699 1320 861 1385 exstiterit
892 1320 1017 1403 pupillo
1052 1341 1181 1405 quoque

167 1411 261 1476 heres
284 1409 464 1475 necessario
488 1409 572 1490 erit]
601 1431 676 1474 nam
705 1409 733 1474 si
755 1408 862 1492 ipsum
885 1409 1021 1472 invitum
1045 1410 1183 1494 obligat,

169 1499 322 1584 coniungi
349 1521 420 1563 eam
448 1501 602 1583 paternae
628 1497 803 1562 hereditati
826 1501 859 1561 et
880 1496 1085 1562 aderescendi
1108 1499 1181 1564 iure

169 1587 296 1672 adquiri
319 1587 506 1673 cuicumque
530 1585 632 1671 patris
655 1586 766 1650 heredi
790 1585 1039 1651 existimandum
1064 1592 1120 1651 est.

531 1744 582 1811 De
603 1747 671 1810 iure
693 1746 819 1811 dotium.

260 1854 310 1918 10.
338 1852 377 1917 D.
393 1853 443 1938 12,
457 1853 488 1936 4,
503 1853 532 1918 8.
577 1850 730 1917 Neratius
754 1852 838 1917 libro
862 1852 999 1918 secundo
1022 1851 1183 1920 Membra·

168 1963 292 2007 narum.
318 1977 356 1989 -
383 1940 474 2018 Quod
503 1939 631 2006 Servius
658 1941 693 2005 in
720 1942 803 2006 libro
832 1941 870 2005 de
899 1941 1029 2006 dotibus
1057 1943 1183 2027 scribit,

170 2031 199 2095 si
225 2031 309 2094 inter
337 2051 391 2094 eas
414 2050 582 2114 personas,
610 2051 746 2115 quarum
770 2030 873 2094 altera
894 2030 1037 2095 nondum
1059 2031 1183 2097 iustam

171 2123 310 2184 aetatem
328 2118 457 2200 habeat,
475 2119 609 2202 nuptiae
627 2117 732 2182 factae
752 2118 826 2203 sint,
845 2118 930 2203 quod
946 2119 1031 2184 dotis
1047 2121 1180 2187 nomine

169 2207 300 2272 interim
324 2207 433 2272 datum
458 2208 509 2289 sit,
532 2208 634 2292 repeti
654 2228 760 2292 posse,
783 2207 829 2272 sic
847 2208 1100 2292 intellegendum
1120 2215 1183 2293 est,

170 2301 216 2378 ut,
239 2296 268 2360 si
290 2296 465 2361 divortium
488 2296 715 2381 intercesserit,
736 2295 924 2380 priusquam
946 2303 1083 2382 utraque
1106 2320 1180 2383 per-

171 2407 251 2450 sona
267 2384 387 2450 iustam
407 2388 547 2450 aetatem
561 2384 691 2468 habeat,
709 2383 753 2448 sit
766 2385 835 2449 eius
849 2386 1003 2469 pecuniae
1017 2387 1182 2471 repetitio,

171 2475 272 2539 donee
295 2477 403 2540 autem
427 2475 462 2539 in
484 2473 597 2539 eodem
620 2473 735 2538 habitu
759 2474 956 2539 matrimonii
980 2480 1181 2560 permanent,

169 2586 236 2628 non
257 2562 362 2649 magis
384 2562 418 2627 id
440 2562 543 2647 repeti
564 2564 677 2647 possit,
700 2584 796 2646 quam
815 2562 901 2647 quod
920 2584 1039 2647 sponsa
1059 2585 1181 2647 sponso

171 2653 255 2718 dotis
273 2654 404 2718 nomine
423 2651 554 2735 dederit,
573 2651 674 2716 donec
692 2654 823 2716 maneat
840 2651 925 2715 inter
943 2673 997 2716 eos
1016 2651 1182 2737 adfinitas3

171 2741 256 2828 quod
293 2742 377 2805 enim
412 2763 451 2806 ex
482 2763 520 2806 ea
551 2761 649 2805 causa
679 2739 823 2806 nondum
855 2739 939 2804 coito
973 2741 1182 2809 matrimonio

171 2833 275 2908 datur,
299 2852 371 2895 eum
395 2831 441 2894 sie
463 2830 555 2894 detur
577 2834 741 2914 tamquam
762 2831 796 2892 in
815 2828 923 2893 dotem
941 2832 1183 2916 perventurum,

170 2919 325 3004 quamdiu
347 2919 514 3003 pervenire
537 2921 661 3002 potest,
683 2917 835 3000 repetitio
859 2918 927 2981 eius
951 2938 1014 2982 non
1038 2923 1098 2983 est.

259 3010 369 3070 Utrum
389 3014 457 3086 post
474 3010 586 3069 librum
605 3011 640 3070 de
659 3011 774 3086 nuptiis
793 3003 898 3092 (supra
916 3031 944 3086 p.
966 3002 1045 3093 295)
1065 3011 1183 3073 editum

171 3117 209 3158 an
232 3102 321 3158 autea
343 3100 417 3158 haec
440 3099 552 3174 scripta
575 3100 648 3173 sint,
671 3098 817 3158 incertum
841 3103 893 3159 est.

263 3199 312 3264 11.
335 3198 374 3264 D.
384 3198 436 3282 25,
447 3202 476 3283 1,
488 3198 537 3263 15.
578 3197 731 3263 Neratius
755 3198 839 3265 libro
863 3201 1002 3266 secundo
1021 3200 1183 3268 Membra·

171 3309 295 3352 narum.
317 3323 354 3334 —
376 3286 468 3364 Quod
491 3287 606 3351 dicitur
629 3288 800 3372 impensas,
824 3289 961 3373 quaein
985 3312 1035 3355 res
1055 3291 1182 3358 dotales

170 3376 351 3442 necessario
384 3377 489 3441 factae
522 3381 611 3460 suut,
644 3376 751 3440 dotem
780 3377 975 3461 deminuere,
1007 3380 1054 3444 ita
1080 3378 1181 3445 inter-

171 3465 363 3551 pretandum
387 3470 450 3550 est,
473 3469 518 3548 ut,
544 3465 571 3529 si
594 3465 669 3550 quid
694 3470 784 3530 extra
807 3466 941 3530 tutelam
963 3467 1182 3534 neeessariam

171 3557 204 3619 in
227 3575 278 3618 res
302 3554 427 3619 dotales
451 3555 631 3640 impensum
657 3560 714 3639 est,
738 3555 770 3619 id
793 3554 827 3618 in
851 3576 888 3620 ea
909 3577 1007 3621 causa
1026 3557 1083 3640 sit3
1102 3579 1183 3623 nam
