2590 3902
108 989 157 1087 V.
195 989 419 1088 NERVAE
452 990 522 1088 ET
555 991 785 1090 TRAIANI
813 987 1112 1093 TEMPORUM

381 1147 527 1248 IURIS
562 1145 837 1249 CONSULVI.

109 1350 130 1401 1.
155 1343 285 1400 Valerius
309 1344 434 1400 Severus.
459 1375 491 1385 -
516 1350 541 1400 2.
568 1343 711 1399 Fulcinius
734 1343 853 1401 Priscus.
877 1377 910 1386 -
934 1352 958 1400 3.
981 1345 1111 1400 Minicius

21 1401 22 1434 ¹
109 1415 263 1485 maurae).
278 1446 314 1456 -
328 1421 352 1470 4.
367 1415 499 1470 Neratius
512 1414 629 1471 Poenus.
643 1421 709 1470 -e
733 1417 824 1471 ricius
834 1415 937 1472 suste.
948 1448 981 1458 -
991 1422 1016 1472 o.
1031 1417 1110 1473 revo-

252 1486 332 1541 lenus
350 1483 469 1541 Priscus.
488 1511 524 1526 -ν
541 1491 565 1540 7,
584 1485 727 1542 Iuventius
747 1487 842 1543 Celsus
860 1487 964 1558 (filius).

336 1682 374 1764 l.
407 1681 643 1759 VALERIUS
673 1681 884 1761 SEVERUS

190 1831 420 1892 iurisconsultus
442 1830 581 1891 Labeone
603 1831 699 1891 minor
721 1834 795 1891 natu
818 1849 837 1890 a
855 1832 980 1909 Iuliane,
1003 1834 1108 1913 Paulo,

107 1918 230 1999 Ulpiano
254 1921 406 1996 laudatae,
429 1921 482 1997 qui
505 1922 536 1979 et
556 1920 762 1996 respondendo
786 1924 817 1981 et
839 1921 924 1982 libris
943 1922 1107 1983 scribendis

107 2028 223 2086 operam
246 2009 340 2082 dedit,
364 2010 496 2069 eet0rum
518 2008 604 2068 nobis
627 2009 756 2086 ignotus.

484 2183 508 2244 Ι.
536 2181 727 2262 Responsa.

416 2300 613 2387 Negote'crcm
630 2309 792 2388 cestorum.

189 2413 217 2476 1.
248 2407 288 2475 D.
307 2410 337 2492 3,
355 2409 385 2495 5,
405 2410 456 2474 29.
500 2403 645 2475 lulianus
668 2411 750 2476 libro
773 2413 871 2477 tertio
895 2410 1105 2496 Digestorum

103 2497 148 2588 (P.
166 2499 234 2586 45).
264 2535 303 2546 -
332 2497 384 2563 Ex
410 2498 497 2563 facto
526 2501 752 2583 quaerebatur:
782 2500 942 2584 quendam
970 2500 1010 2564 ad
1039 2500 1105 2564 sili-

103 2591 208 2676 ginem
226 2586 393 2654 emendam
407 2590 587 2652 curatorem
602 2586 729 2652 decreto
744 2588 865 2653 ordinis
880 2588 1105 2670 coustitutum

103 2678 202 2744 eidem
226 2676 329 2742 alium
351 2676 591 2742 subcuratorem
614 2675 826 2741 constitutum
849 2673 1010 2760 siliginem
1028 2677 1103 2740 mis·

102 2768 199 2833 cendo
227 2765 408 2850 corrupisse
434 2768 529 2848 etque
552 2765 602 2828 ita
620 2763 759 2847 precium
783 2762 944 2850 siliginis„
964 2785 1047 2849 quae
1068 2764 1103 2829 iu

25 2895 26 2920 i
101 2857 262 2939 publicum
286 2858 393 2938 empta
416 2858 494 2938 erat,
517 2853 655 2917 curatori
680 2852 842 2917 adflictum
865 2874 948 2934 esse3
976 2874 1101 2937 quaque

102 2946 224 3010 actione
262 2947 390 3008 curator
422 2963 494 3006 cum
526 2941 732 3006 subcuratore
764 2940 902 3026 experiri
933 2941 1037 3026 possit
1070 2946 1103 3007 et

102 3031 251 3117 consequi
272 3030 315 3114 id,
337 3035 376 3096 ut
398 3031 426 3095 ei
450 3029 575 3095 salvum
594 3036 687 3115 esset,
710 3030 794 3114 quod
813 3052 909 3096 causa
928 3031 995 3095 cius
1015 3029 1101 3095 dam·

101 3142 174 3187 num
188 3120 336 3205 cepisset
370 3117 519 3185 Valerius
534 3115 668 3184 Seuerus
682 3120 849 3204 respondit
862 3119 1013 3184 adversus
1028 3121 1114 3185 con?

101 3213 238 3276 tutorem
257 3207 462 3293 negotiorum
481 3210 645 3292 gestorum
664 3208 824 3274 actionem
838 3208 940 3273 tutori
954 3207 1101 3272 dandam.

185 3299 215 3363 2.
238 3296 278 3362 Er
295 3295 373 3362 ibid.
392 3325 434 3344 ·-
452 3295 541 3360 Idem
563 3297 740 3380 respondit:
763 3300 800 3360 ut
821 3294 1027 3382 magistratui
1048 3296 1101 3359 ad-

101 3407 211 3453 versus
232 3385 461 3471 magistratum
484 3384 594 3449 eadem
618 3386 700 3450 ectio
724 3385 829 3470 detur,
856 3385 903 3449 ite
924 3387 1048 3466 temen,
1072 3385 1100 3446 si

101 3496 163 3540 non
190 3474 237 3540 sit
260 3474 414 3540 conscius
434 3473 566 3538 bandis.
617 3473 805 3555 [secundum
831 3493 912 3556 quae
939 3472 1037 3534 etiam
1064 3469 1099 3531 in

102 3565 307 3630 subcuretcre
329 3562 415 3628 idem
439 3560 608 3627 dicendum
631 3563 702 3642 est]
887 3658 940 3713 w
