2602 3906
182 193 248 256 514
551 191 826 250 ADDITAMENTA.

182 379 256 422 nem
294 357 522 441 oppresserint,
544 406 553 424 .
578 407 584 422 .
608 405 616 422 .
640 356 801 422 veteribus
835 358 943 442 placet
974 380 1085 423 omnes
1119 360 1195 445 lege

182 446 314 531 Aquilia
338 446 449 509 teneri.

269 533 320 599 45.
349 534 387 600 D.
416 535 445 617 9,
472 536 502 614 2,
526 535 577 616 51,
607 537 635 600 1.
683 533 828 599 Iulianus
856 535 940 600 libro
969 538 1194 620 octogensimo

182 628 271 688 sexto
295 622 514 708 Digestorum.
539 660 578 670 -
603 621 759 688 Id1..est
782 645 979 709 consequens
1003 625 1195 692 auctoritati

180 716 336 793 veterum,
360 713 423 796 qui,
452 734 523 777 cum
553 735 572 776 a
600 711 746 796 pluribus
769 713 855 776 idem
879 735 988 777 servus
1011 714 1058 778 ita
1080 715 1194 779 vulne—

181 805 270 865 ratus
304 804 401 884 esset,
439 807 474 864 ut
505 823 570 865 non
604 804 785 885 appareret,
823 803 912 866 euius
946 803 1011 868 ictu
1044 803 1196 889 perisset,

181 911 293 954 omnes
317 889 388 974 lege
412 889 541 974 Aquilia
564 891 666 954 teneri
690 890 919 954 iudicaverunt.

269 988 321 1052 46.
345 987 384 1052 D.
404 987 434 1070 9,
453 989 483 1070 2,
502 988 554 1069 27,
576 989 624 1052 13.
652 986 810 1070 Ulpianus
829 989 912 1053 libro
932 992 1045 1053 octavo
1066 988 1193 1055 decimo

181 1077 219 1140 ad
245 1076 393 1141 edictum.
416 1113 451 1121 -
479 1075 588 1159 Inquit
611 1077 662 1140 lex
685 1075 841 1160 'ruperit'.
880 1079 1031 1161 [rupisse]
1055 1078 1194 1142 verbum

181 1166 248 1230 fere
272 1187 383 1229 omnes
406 1168 530 1230 veteres
555 1165 600 1229 sic
623 1165 864 1230 intellexerunt:
887 1166 1075 1249 corruperit.

550 1340 601 1408 Dc
623 1343 816 1407 condictione.
930 1373 933 1378 ·

267 1468 320 1531 47.
343 1466 382 1532 Ι).
409 1467 458 1545 12,
482 1467 511 1550 5,
535 1468 569 1532 6.
587 1465 744 1550 Ulpianus
768 1467 852 1531 libro
872 1471 986 1532 octavo
1007 1467 1129 1534 decimo
1150 1471 1192 1534 ad

180 1555 341 1620 Sabinum.
370 1592 412 1601 —
437 1605 443 1619 .
468 1604 505 1619 ..
536 1559 678 1620 veterum
712 1557 896 1639 opinionem
931 1557 1193 1622 existimantium

178 1646 210 1709 id
244 1644 328 1728 qnod
366 1667 404 1708 ex
436 1645 557 1708 iniusta
590 1667 686 1710 causa
712 1645 797 1729 apud
830 1645 968 1730 aliquem
1002 1646 1056 1729 sit,
1094 1669 1193 1730 posse

178 1733 311 1798 condici.

266 1821 319 1886 48.
344 1820 383 1887 D.
398 1822 449 1902 13,
465 1821 493 1906 1,
507 1823 559 1886 20.
583 1821 810 1905 Tryphoninus
830 1822 913 1887 libro
934 1823 1191 1907 quintodecimo

178 1908 453 1992 Disputationum.
483 1947 522 1955 —
553 1908 645 1974 Licet
676 1909 728 1974 fur
760 1918 891 1993 paratus
919 1911 1016 1976 fuerit
1042 1913 1191 1998 excipere

178 1998 410 2064 condictionem
434 2003 467 2061 et
489 2021 546 2081 per
570 2019 620 2062 me
645 1999 781 2081 steterit,
805 1999 879 2065 dum
903 2000 937 2064 in
960 2000 1056 2065 rebus
1076 2001 1191 2067 huma-

177 2088 228 2151 nis
252 2108 302 2150 res
326 2085 440 2169 fuerat,
464 2086 629 2151 condicere
654 2109 734 2170 eam,
758 2093 870 2172 postea
889 2093 995 2154 autem
1019 2096 1191 2175 perempta

179 2180 237 2260 est,
259 2179 367 2239 tamen
391 2175 505 2239 durare
529 2175 763 2241 condictionem
787 2181 909 2242 veteres
934 2178 1115 2245 voluerunt.
1130 2229 1159 2244 ..

462 2352 511 2418 Dc
534 2353 692 2418 uerborum
715 2354 902 2437 obllpatioae.

265 2479 317 2543 49.
351 2478 390 2542 D.
417 2477 470 2560 45,
499 2481 528 2560 1,
557 2477 629 2560 140,
662 2479 689 2543 1.
745 2477 864 2543 Paulus
898 2480 982 2545 libro
1015 2482 1114 2546 tertio
1147 2483 1190 2546 ad

178 2565 354 2633 Neratium.
379 2604 421 2613 -
448 2566 496 2631 De
519 2567 579 2633 hac
604 2567 811 2651 stipulatione
835 2567 956 2633 ‘annua
977 2569 1067 2634 bima
1090 2571 1190 2635 trima

177 2657 228 2721 die
248 2657 279 2721 id
299 2661 469 2740 argentum
484 2655 587 2741 (sua)
602 2678 727 2741 quaque
748 2656 798 2721 die
819 2657 927 2722 dari?'
958 2659 1042 2741 apud
1062 2665 1189 2724 veteres

176 2745 301 2810 varium
323 2745 394 2810 fuit.

267 2834 318 2898 50.
343 2834 381 2898 D.
400 2836 452 2916 45,
473 2837 501 2917 1,
520 2835 572 2917 91,
592 2837 620 2900 3.
653 2833 772 2899 Paulus
796 2834 879 2899 libro
903 2835 1189 2920 septimodecimo

178 2921 217 2985 ad
241 2920 411 2986 Plautium.
445 2959 486 2969 -
611 2931 734 2989 veteres
757 2924 1008 3008 constituerunt,
1036 2926 1188 3008 quotiens

180 3009 275 3092 culpa
299 3011 472 3074 intervenit
494 3011 659 3096 debitoris,
682 3013 866 3096 perpetuari
889 3013 1132 3098 obligationem.

267 3106 320 3170 51.
344 3106 414 3171 Gai.
438 3109 468 3190 3,
492 3108 565 3173 180.
584 3144 626 3154 -
646 3159 652 3172 .
672 3161 678 3174 .
699 3110 784 3193 apud
806 3115 930 3174 veteres
953 3112 1189 3196 scriptumest,

178 3198 253 3258 ante
283 3195 374 3258 litem
398 3200 612 3259 contestatam
632 3197 708 3261 dare
732 3199 907 3263 debitorem
931 3206 1090 3284 oportere,
1113 3205 1189 3284 post

177 3282 267 3345 litem
292 3286 506 3346 contestatam
530 3284 734 3349 condemnari
757 3292 915 3372 oportere,
940 3292 1015 3371 post
1038 3290 1188 3354 condem·

176 3370 341 3434 nationem
365 3369 540 3434 iudicatum
564 3371 668 3436 facere
692 3381 848 3456 oportere.

266 3456 317 3521 52.
345 3456 384 3520 D.
413 3458 466 3536 46,
494 3460 524 3540 3,
552 3459 603 3524 97.
655 3460 744 3526 Idem
774 3461 831 3549 (sc.
859 3463 1070 3551 Papinianus)
1100 3466 1186 3530 libro

179 3545 317 3610 secundo
351 3544 589 3611 Definitionum.
628 3585 669 3596 —
708 3549 789 3615 Cum
827 3575 865 3616 ex
898 3553 1046 3636 pluribus
1080 3555 1186 3619 causis
