2602 3906
188 194 255 256 484
289 192 323 249 V.
340 189 488 246 NERVAE
508 191 554 246 ET
574 190 726 246 TRAIANI
744 191 849 247 TEMP.
866 189 961 246 IURIS
980 190 1161 247 CONSULTI
1272 179 1274 232 ἒ

601 403 709 462 Liber
730 403 782 462 XL

556 521 606 587 De
629 523 820 588 testamentis.

278 637 328 702 58.
347 635 386 701 D.
401 637 453 717 36,
469 638 497 719 1,
509 637 562 701 48.
597 635 767 702 Iavolenus
781 637 864 701 libro
879 637 1047 703 undecimo
1062 636 1193 724 Epistu-

189 727 302 792 larum.
338 762 375 772 -
410 723 499 791 Seius
530 725 719 790 Saturninus
755 726 991 808 crehipuhernns
1026 747 1063 790 ca
1098 727 1194 791 classe

189 815 380 881 Britannica
407 819 579 879 testamenta
606 815 804 894 fiduciariam
826 814 950 896 reliquit
969 815 1105 879 heredem
1134 815 1193 879 Va·

192 905 301 969 terium
325 903 504 968 Maaimnm
527 902 739 986 trierarchum,
766 924 788 966 a
810 924 868 986 quo
888 905 970 987 petit,
994 909 1028 968 nt
1049 903 1116 986 pilio
1138 923 1192 968 suc

191 992 261 1060 Seia
285 991 413 1076 Oceano,
441 1012 510 1057 acm
532 992 574 1056 ad
595 1011 694 1056 annos
714 992 840 1056 sedecim
857 994 1052 1074 pervenisset,
1078 992 1192 1056 heredi-

191 1087 283 1147 tatem
296 1083 470 1147 restitueret.
505 1079 594 1146 Seius
612 1078 748 1145 Oceanus
761 1085 924 1163 antequam
939 1081 1075 1162 impleret
1088 1101 1193 1162 annas,

190 1172 349 1251 dehinctns
375 1174 425 1235 est.
469 1189 552 1233 nnnc
573 1169 707 1234 Mallius
728 1168 855 1254 Seneca,
877 1171 931 1252 qni
952 1189 983 1234 se
1006 1169 1193 1234 annnaclum

191 1259 258 1327 Seii
282 1259 394 1325 Oceani
419 1259 504 1340 dicit,
526 1259 739 1340 pranimitatis
765 1260 887 1323 nomine
914 1258 984 1322 haec
1010 1258 1090 1323 hona
1109 1261 1193 1340 petit,

190 1350 353 1414 Maaimns
380 1351 481 1412 autem
510 1346 694 1411 trierarchus
720 1347 780 1411 sihi
801 1367 838 1411 ea
859 1349 994 1412 uindicat
1014 1347 1093 1424 idco,
1121 1348 1194 1429 qnia

191 1437 348 1519 defunctas
375 1441 419 1501 est
443 1437 472 1501 is
493 1437 544 1500 cui
565 1437 721 1500 restituere
742 1437 844 1500 iussus
865 1441 940 1501 erat.
983 1455 1095 1518 quarm
1118 1456 1195 1518 erpa,

190 1532 297 1591 ntrnm
323 1525 395 1590 hacc
424 1526 502 1589 hcna
531 1526 573 1589 ad
604 1524 760 1589 Valerium
786 1524 966 1588 Mancinum
993 1525 1195 1590 trierarchum

191 1615 326 1680 heredem
347 1614 546 1696 fiduciarinm
564 1615 738 1695 pertineant
755 1633 796 1677 an
815 1614 858 1678 ad
874 1613 1023 1678 Mallium
1040 1611 1196 1697 Senecam,

191 1705 246 1786 ani
268 1725 299 1769 se
314 1705 407 1785 pueri
428 1703 562 1782 defuncti
583 1702 768 1767 avunculum
789 1721 850 1767 esse
871 1703 953 1766 dicit.

279 1800 450 1882 Respondi:
476 1801 506 1864 si
525 1798 614 1865 Seius
633 1798 777 1878 Oceanus,
800 1801 850 1864 cui
866 1800 1098 1881 fideicommssa
1116 1799 1195 1864 here

192 1889 274 1953 ditas
301 1909 338 1953 ea
365 1892 538 1953 testammtc
560 1886 625 1952 Seii
649 1886 826 1965 Saturnini,
854 1908 923 1952 cnm
950 1908 1048 1953 annos
1070 1889 1196 1953 sedecim

192 1976 324 2058 haberet,
360 1996 380 2039 a
419 1975 539 2040 Valerio
570 1975 714 2041 Maaimo
749 1977 911 2058 fiduciario
941 1976 1045 2041 herede
1076 1977 1197 2041 restitui

192 2065 307 2149 debeat,
336 2065 519 2145 priusquam
546 2065 747 2145 praefinitum
774 2072 890 2147 tempus
916 2066 1025 2130 aetatis
1052 2065 1196 2146 impleret,

192 2154 327 2231 decessit,
353 2152 519 2234 fiduciaria
545 2151 695 2216 hereditas
721 2153 764 2217 ad
789 2174 857 2218 enm
875 2155 1020 2236 pertinet,
1046 2155 1090 2219 ad
1109 2174 1197 2236 anem

193 2247 288 2310 cetera
314 2241 394 2305 hona
418 2239 529 2305 Oceani
549 2241 767 2324 pertinnerint,
794 2245 938 2324 quoniam
962 2243 1025 2307 dies
1047 2243 1198 2324 fideicam

194 2331 284 2395 missi
309 2331 375 2394 oica
404 2328 521 2394 Oceano
548 2330 648 2414 cessit,
675 2331 785 2394 seilicet
810 2333 839 2395 si
862 2332 1057 2413 prorcpando
1084 2336 1199 2414 tempus

193 2419 354 2484 solutionis
390 2419 515 2482 tutelam
550 2420 650 2500 mapis
685 2419 786 2484 heredi
820 2420 982 2502 fiduciario
1015 2421 1199 2502 permisisse,

193 2528 288 2591 quam
315 2508 463 2572 imertnm
490 2508 569 2572 diem
595 2508 819 2589 fideicommissi
844 2509 1031 2574 constituisse
1052 2509 1198 2572 videatur.

588 2701 655 2782 ‚De
677 2703 789 2785 lupatis.

283 2825 335 2891 59.
354 2825 392 2891 D.
407 2826 459 2912 35,
474 2826 502 2907 1,
517 2827 568 2892 67.
604 2826 774 2893 Iavolenus
789 2826 870 2890 libro
885 2826 1052 2892 undecimo
1067 2826 1200 2912 Epistu-

194 2917 308 2980 larum.
328 2951 367 2960 —
388 2913 466 2980 Oum
486 2915 542 2980 suh
564 2915 621 2981 hac
641 2917 813 2981 condicione
832 2914 949 2995 furcdns
966 2917 1062 2981 alicui
1081 2916 1201 2998 lepatns

194 3008 269 3068 esset
298 3002 338 3068 ‘si
364 3023 484 3067 sernum
510 3025 572 3068 nan
597 3002 822 3070 manumiserit’
849 3009 888 3082 et,
919 3005 948 3069 si
974 3006 1201 3090 manumiserit,

196 3091 327 3173 lepatum
351 3091 445 3170 fundi
466 3093 509 3155 ad
529 3093 688 3158 Maecium
710 3093 894 3158 translatum
916 3097 1002 3172 esset,
1032 3094 1203 3176 lepatarins

196 3181 232 3242 de
257 3199 320 3243 non
346 3179 500 3243 liberanda
527 3182 685 3245 satisdedit
707 3186 736 3246 et
758 3182 888 3263 lepatum
910 3183 1023 3265 accepit
1045 3187 1074 3248 ct
1091 3187 1203 3265 postea

197 3267 344 3332 liberauit.
384 3287 508 3351 quaero,
530 3288 573 3332 an
595 3268 715 3350 aliquid
734 3269 856 3335 Maecia
879 3271 976 3336 dctnr.

285 3363 464 3446 Respondit:
494 3366 523 3429 si
548 3366 598 3430 cni
623 3367 668 3430 ita
691 3367 821 3449 lepatnm
847 3369 905 3432 erit
931 3367 970 3433 ‘si
995 3387 1115 3434 sacam
1137 3390 1203 3434 uon

198 3449 431 3527 manumiserit',
458 3454 656 3519 satisdatione
682 3456 858 3536 interposita
885 3457 1018 3538 accipere
1039 3458 1079 3522 ah
1096 3457 1202 3523 herede

200 3541 330 3622 lepatum
351 3541 464 3622 poterit
489 3546 528 3623 et,
555 3543 584 3607 si
600 3547 706 3624 pastea
728 3547 1096 3642 servumtmannmiserit,
1123 3567 1203 3612 aam-
