2590 3902
167 181 231 246 342
269 181 301 236 V.
320 179 469 235 NERVAE
488 179 534 234 ΕΤ
552 179 703 234 TRAIANI
721 178 828 236 ΤΕΜΡ.
846 178 941 234 IURIS
960 177 1140 234 CONSULTI

168 345 410 429 liberationem,
443 341 515 410 Seio
548 348 655 410 autem
685 343 917 428 quadringenta
944 343 1115 427 legaverit,
1147 343 1178 408 si

169 433 297 498 debitor
318 434 370 499 vel
394 432 548 498 solvendo
573 455 638 498 non
662 432 704 498 sit
727 434 776 497 vel
795 435 923 498 centum
940 430 1044 497 facere
1062 432 1177 514 possit,

167 525 323 607 quantum
356 522 491 606 quisque
523 521 644 587 habeat
675 522 858 587 interventu
889 521 971 605 legis
1004 519 1177 586 Falcidiae.

166 611 310 676 dicebam
333 611 438 696 legem
457 609 633 676 Falcidiam
657 633 695 676 ex
718 633 756 675 11
780 610 865 696 quod
888 609 976 674 refici
994 631 1033 674 ex
1050 609 1176 674 heredi·

165 703 235 764 tate
267 703 376 784 potest
407 703 556 785 quartam
588 700 698 764 heredi
729 699 885 782 tribuere,
921 698 1085 763 residuum
1118 697 1174 763 dc-

167 789 315 853 drantem
330 790 415 853 iuter
429 789 603 875 legatarios
619 788 819 854 distribuere.
857 809 952 873 quare
968 809 1040 852 cum
1055 809 1177 852 nomen

166 877 272 942 minus
306 878 461 943 solvendo
495 881 543 942 111
529 877 608 941 tin
640 876 835 961 hereditate,
871 877 938 941 eiua
972 875 1057 978 quod
1090 877 1177 962 exigi

167 969 276 1052 potest
293 989 353 1051 pro
373 970 502 1031 ratat
464 966 502 1030 fit
521 966 569 1031 dis
571 965 715 1048 tributio,
733 965 853 1030 residui
870 965 991 1030 vendit'
967 969 1013 1030 tio
1027 964 1177 1030 facienda

167 1059 231 1139 est,
263 1058 299 1120 ut
327 1055 358 1120 id
387 1054 552 1120 demum
541 1078 591 1119 ru
604 1017 783 1121 hereditate
811 1057 1028 1140 computetur,
1059 1055 1176 1140 quanti

165 1165 285 1211 nomen
304 1144 519 1210 distrahit
460 1166 503 1228 po
505 1131 623 1209 test'..
638 1143 811 1229 ..quod
785 1166 813 1207 ar
832 1143 914 1207 nihil
929 1143 1032 1208 facere
1047 1142 1136 1208 debit
1122 1148 1177 1208 tor

165 1237 284 1318 potest,
308 1255 406 1318 aeque
426 1233 459 1296 in
478 1235 607 1298 centum
626 1191 862 1318 quinquaginta
881 1236 992 1334 accept
994 1254 1012 1297 1
978 1231 1174 1296 tliberan-

165 1322 224 1386 dus
253 1327 312 1386 est.
359 1321 398 1387 de
425 1322 552 1387 residuo
580 1321 701 1386 vendit
676 1325 798 1386 tionem
825 1321 966 1386 nominis
994 1320 1175 1385 faciendam

165 1410 319 1476 Neratius
343 1411 396 1475 ait.

511 1586 560 1653 De
580 1571 831 1671 fideicommissis.

255 1712 303 1776 16.
331 1710 369 1776 D.
389 1711 441 1795 36,
462 1712 491 1794 1,
512 1713 540 1792 1,
561 1712 611 1776 19.
654 1709 814 1796 Ulpianus
838 1711 922 1777 libro
945 1711 1044 1777 tertio
1068 1710 1174 1776 Fidei·

164 1801 412 1866 commissorum
427 1797 477 1887 (P.
495 1800 604 1884 1872).
624 1837 666 1848 ·-
684 1849 692 1864 .
707 1851 714 1864 .
729 1797 882 1866 Neratius
897 1800 1020 1878 scribit,
1039 1801 1066 1864 si
1080 1800 1174 1865 heres

164 1892 299 1974 rogatus
328 1890 498 1954 restituere
524 1889 722 1974 (restituat)
746 1892 849 1954 totam
873 1888 1084 1956 hereditatem
1107 1910 1174 1954 uon

165 1977 301 2042 deducta
324 1975 467 2042 Falcidia
489 1982 606 2063 rogato
630 1982 663 2042 et
685 1977 763 2062 ipsi,
785 1981 822 2043 ut
845 1978 902 2042 alii
924 1978 1086 2062 restituat,
1107 1999 1175 2044 uon

165 2065 281 2166 utique·
291 2064 406 2167 debere
426 2089 499 2130 eum
512 2065 889 2169 (fideicommissariam)
903 2066 1071 2168 detrahere
1084 2066 1174 2132 fidei·

164 2175 387 2328 {Perdit
403 2154 1175 2330 1111111111111111111111111111111

253 2349 304 2414 17.
335 2349 372 2414 D.
387 2350 440 2434 36,
456 2352 485 2433 1,
501 2349 552 2434 65,
568 2349 619 2415 12.
664 2349 762 2416 Gaius
790 2350 875 2416 libro
904 2350 1043 2416 secundo
1070 2349 1176 2416 Fidei·

167 2439 414 2505 commissorum
433 2437 481 2526 (P
496 2437 586 2524 398).
605 2475 647 2485 -
667 2437 701 2505 Si
719 2438 823 2504 Titius
842 2442 976 2524 rogatus
992 2440 1035 2504 sit
1048 2439 1173 2504 heredi-

164 2531 266 2593 tatem
298 2526 426 2593 Maeuio
463 2530 646 2612 restituere,
680 2527 826 2594 Maevius
859 2526 932 2593 Seio
966 2532 1086 2593 certam
1118 2551 1174 2613 pe·

163 2617 303 2702 cuniam,
322 2622 355 2682 et
341 2617 477 2683 tTitius
497 2621 631 2703 quartae
649 2621 699 2682 ret
685 2617 835 2682 tiuendae
849 2616 1003 2682 beneficio
1018 2617 1173 2682 adversus

163 2668 326 2772 Maeviuin
345 2729 422 2772 usus
440 2706 539 2772 fuerit
542 2705 722 2792 ,Neratius
741 2706 853 2771 scribit
866 2705 1030 2772 Maeuium
1046 2727 1173 2793 quoque

165 2792 238 2860 Seio
263 2818 299 2861 eo
324 2797 430 2861 miuus
454 2817 590 2881 aequum
615 2817 685 2861 1111
707 2799 881 2880 praestare,
904 2816 945 2859 ue
965 2794 1035 2880 ipse
1054 2795 1093 2859 de
1113 2817 1172 2860 111

163 2882 316 2949 damnum
341 2884 466 2950 sentiat

494 3059 545 3125 De
568 3061 703 3126 libertate
724 3061 839 3128 relicta.

253 3183 303 3248 18.
329 3181 367 3246 D.
376 3183 430 3260 40,
439 3183 470 3266 4,
481 3183 509 3247 7.
546 3182 635 3247 Idem
651 3180 708 3309 (sc.
723 3183 898 3268 Ulpianus)
913 3184 998 3250 libro
1017 3205 1103 3249 nouo
1119 3184 1171 3249 de·

164 3269 246 3334 cimo
272 3270 312 3334 ad
332 3268 486 3335 Sabinum
506 3269 697 3357 (11591).
722 3307 760 3318 -
786 3270 940 3337 Neratius
963 3272 1075 3338 scribit
1093 3273 1172 3356 eius,

164 3357 216 3422 eui
238 3357 373 3424 libertas
398 3360 443 3423 sic
464 3359 541 3424 data
560 3365 610 3426 est
628 3359 668 3424 ‘si
687 3360 769 3425 mihi
786 3361 894 3426 nullus
913 3361 999 3427 filius
1019 3361 1080 3426 erit
1098 3383 1171 3427 cum

162 3446 296 3599 qnoriar,
324 3445 454 3512 Stichus
481 3447 564 3513 liber
590 3445 682 3533 esto',
709 3449 857 3534 impediri
884 3450 1067 3515 libertatem
1096 3473 1170 3535 pos·

179 3557 253 3601 umo
277 3540 364 3602 nato.
