2602 3906
431 235 454 284 6.
479 226 684 284 [evonenus
702 226 850 282 PRISCUS
1076 224 1144 289 489

139 411 280 458 nummos
293 411 357 456 non
368 390 468 472 faeiat
479 392 662 473 accipientis.
699 391 774 472 qnid
791 391 872 454 enim
890 391 1020 468 interest,
1039 394 1144 454 atram

139 481 197 546 tali
214 500 364 563 personae
386 481 460 544 dare
481 479 622 543 inbeatnr
642 500 685 542 an
708 480 812 560 altorio
835 479 897 544 loeo
914 499 1026 560 ponere
1047 478 1092 543 eet
1109 478 1145 542 in

138 589 226 634 neore
243 569 377 634 deicere?
412 589 506 650 neone
523 571 603 632 mm
621 568 708 648 itlnd,
727 569 865 648 enadad
882 569 972 632 talem
980 587 1146 648 personam

131 663 352 742 perventurum
383 662 438 736 est,
471 659 640 722 testamenti
669 658 804 738 nomine,
835 658 887 721 sed
917 659 1024 720 mortis
1050 677 1145 722 carisa
1243 684 1245 689 ’

136 748 266 828 eapitnr.

229 867 392 926 Mommsen
409 871 502 926 notat:
526 859 645 938 ‘requiri
662 867 794 924 uidentur
812 867 898 924 tolia:
921 859 1073 936 ‘Maeviua
1097 864 1146 924 aui

140 955 251 1014 fundus
283 956 402 1032 legatus
434 958 492 1032 est,
524 955 549 1013 si
577 953 773 1032 Callimacho,
805 973 872 1014 eum
899 972 958 1028 quo
988 945 1147 1032 (testator)

138 1044 314 1104 tastamenti
344 1043 504 1102 factionem
530 1062 588 1102 non
617 1042 758 1116 habebat,
790 1042 1018 1118 ...pertineam
1050 1060 1146 1116 neque

140 1133 218 1192 anim
251 1129 339 1206 illud,
372 1132 452 1208 quod
483 1132 521 1190 ad
551 1132 641 1190 talem
668 1149 825 1208 personam
851 1137 1064 1206 perventurum
1092 1131 1146 1201 est,

141 1221 316 1282 testamenti
334 1221 461 1298 nomine,
481 1219 532 1279 sed
550 1221 655 1279 mortis
675 1239 766 1279 eausa
784 1220 907 1295 capitur.
948 1213 1001 1295 <et
1018 1219 1148 1276 fortasse

141 1309 209 1388 quia
238 1309 358 1384 dixerit,
386 1309 443 1368 etsi
466 1308 665 1368 Callimachus
694 1310 820 1368 ducenta
841 1328 878 1366 ne
902 1307 1058 1382 adquirere
1081 1305 1145 1382 qui·

141 1398 211 1456 dem
232 1399 345 1474 potuit,
368 1401 468 1456 tamen
491 1398 561 1456 dare
583 1397 733 1458 Maeuium
756 1393 895 1476 debere),
917 1397 988 1455 lieet
1010 1412 1147 1454 nummos

141 1505 202 1545 non
233 1487 325 1545 faeiat
357 1487 539 1561 accipientis:
573 1485 645 1563 quid
677 1486 755 1544 anim
786 1485 914 1545 interest
932 1530 940 1544 .
955 1529 983 1544 ..
1002 1484 1034 1542 in
1065 1502 1148 1542 mara

141 1569 276 1634 deicere?
323 1579 354 1634 at
376 1575 466 1634 Lenet
489 1579 612 1634 extrema
634 1577 733 1634 ambo:
760 1568 868 1651 ‘nequa
883 1617 890 1633 .
905 1620 912 1633 .
928 1620 934 1633 .
950 1564 1078 1648 eapitur’
1105 1574 1147 1630 ita

143 1665 275 1737 enplieat:
300 1663 358 1722 elsi
380 1681 440 1724 non
457 1663 631 1723 testamenti
648 1663 766 1722 nomine
785 1663 909 1739 eapitur,
928 1663 1147 1721 mo1tiatamen

142 1769 233 1811 eausa
253 1751 377 1827 eapitur.
418 1745 531 1810 ‘Latini
549 1753 627 1810 enim
646 1757 677 1811 ei
694 1753 843 1828 peregrini
863 1770 917 1810 nea
935 1751 1040 1809 mortis
1059 1767 1151 1808 eausa

143 1859 248 1916 capere
271 1843 398 1915 possunt
419 1841 454 1900 ef.
479 1839 514 1900 D.
530 1842 580 1915 39,
597 1842 625 1918 6,
642 1843 669 1901 9.
705 1839 774 1900 Vat.
795 1842 867 1900 259.
903 1840 946 1898 nil
968 1840 1063 1916 igitur
1085 1858 1149 1896 mu·

140 1923 285 1990 tandum?

501 2039 552 2105 De
573 2041 641 2104 inre
662 2041 786 2105 dotium.

233 2154 282 2218 72.
310 2153 417 2237 Dee,
439 2155 466 2239 1,
486 2154 538 2220 50.
587 2154 757 2220 Iavolenus
785 2155 869 2219 libro
898 2154 996 2218 tertio
1024 2151 1149 2217 decimo

140 2242 374 2326 Epistularum.

232 2351 256 2400 1.
288 2340 338 2420 Si,
364 2362 433 2406 enm
460 2342 570 2406 mulier
596 2342 705 2424 aipinti
726 2362 846 2406 smonm
868 2341 998 2416 emisset,
1024 2340 1150 2402 ineam

65 2505 70 2513 Ι
142 2430 322 2510 emptionem
357 2432 406 2495 oin
442 2432 574 2512 quinque
603 2431 752 2494 venditori
782 2431 875 2510 dedit,
912 2429 1039 2492 diuortio
1067 2427 1151 2506 foeta

143 2519 317 2583 monimodo
347 2521 396 2583 uir
427 2539 494 2583 eam
525 2539 678 2582 sommam
710 2518 862 2581 retinebit
893 2536 987 2597 neone
1018 2515 1060 2579 od
1085 2535 1151 2578 rein

138 2607 280 2688 pertinet,
303 2627 345 2671 an
369 2609 398 2672 is
418 2627 522 2672 serens
544 2609 673 2672 deterior
691 2607 792 2686 foetas
810 2607 864 2682 sit;
889 2625 963 2668 nam
981 2608 1010 2666 et
1025 2605 1054 2667 si
1071 2623 1150 2666 mor-

144 2701 217 2760 tuns
236 2701 316 2776 esset,
335 2698 467 2779 quinque
484 2698 618 2760 retentio
632 2697 660 2760 ei
673 2701 852 2775 competeret.
888 2694 1047 2774 qnomitnr
1059 2692 1152 2774 enim,

143 2804 188 2848 an
215 2785 326 2848 mulier
353 2805 390 2850 ex
411 2786 472 2850 oiri
488 2785 679 2866 patrimonio
703 2783 874 2864 templatim
896 2784 937 2846 sit
959 2801 991 2844 eo
1014 2784 1151 2861 tempore,

143 2893 203 2955 qno
222 2874 258 2937 de
276 2895 309 2936 re
327 2873 440 2939 uxoria
459 2873 619 2955 apebatnr;
640 2873 724 2952 faeta
742 2877 843 2936 annm
860 2869 1052 2950 intellepitnr,
1074 2889 1153 2950 qnae

85 3025 87 3032 s
143 2981 215 3026 aere
236 2962 336 3026 alieno
357 2983 412 3027 sno
432 2964 598 3028 interventa
615 2963 676 3026 oiri
693 2961 821 3026 liberato
839 2965 889 3040 est,
912 2959 992 3040 qnod
1004 2960 1155 3040 potnisset

144 3049 245 3115 odino
266 3051 375 3136 debere,
397 3050 427 3115 si
448 3053 496 3116 oir
507 3052 673 3135 panoniam
691 3071 753 3114 non
771 3051 936 3128 soln'sset[;
959 3047 1152 3130 nequeenim

144 3140 280 3224 interest,
311 3160 348 3204 en
374 3160 436 3222 qna
462 3160 556 3205 consa
582 3141 693 3204 molier
715 3141 880 3221 pecaniam
906 3137 1019 3215 debuit,
1046 3141 1154 3201 utram

144 3228 290 3293 creditam
317 3249 361 3293 an
387 3249 455 3293 eom
481 3251 574 3310 qnam
597 3250 633 3294 en
655 3231 802 3310 emptione
820 3234 979 3309 praestare
1000 3223 1152 3307 debeat?].

235 3326 261 3377 2.
287 3316 375 3396 Quod
390 3319 418 3382 si
435 3320 545 3382 mulier
562 3339 622 3383 non
642 3321 756 3382 emerat
771 3337 898 3397 sernum,
916 3317 969 3379 sed
984 3319 1020 3378 nt
1037 3316 1153 3393 emeret,

145 3426 167 3470 a
193 3405 260 3470 oiro
280 3407 446 3488 paeoniam
473 3409 596 3490 accepit,
629 3411 694 3470 tnm
720 3407 765 3470 oet
792 3410 910 3469 mortno
936 3403 982 3469 oet
1008 3403 1155 3466 deteriore

144 3493 226 3575 facto
244 3514 328 3559 semo
346 3496 495 3560 domnum
512 3497 555 3559 ad
571 3496 672 3560 airum
686 3494 857 3576 pertinebit,
874 3493 948 3573 qnia
966 3490 1046 3572 qnod
1062 3489 1154 3553 aliter

96 3629 99 3638 -
145 3587 287 3665 emptura
312 3603 375 3647 non
399 3583 475 3664 fnit,
502 3584 564 3647 nisi
586 3585 750 3664 paeoniam
772 3602 794 3644 a
815 3583 882 3645 uiro
904 3579 1073 3660 accepisset,
1099 3574 1155 3636 hoc
