2590 3902
396 241 422 291 4.
445 235 476 290 L.
496 235 678 290 NERATIUS
696 235 844 292 PRISCUS
1057 237 1121 301 307

390 438 443 501 vi.
475 440 727 515 Epistularum
750 439 845 498 iiiii.

199 564 241 623 Hi
258 559 339 640 libri,
358 582 485 639 quorum
510 564 541 622 in
564 563 660 622 indice
679 564 851 624 Florentino
870 563 981 623 mentio
1000 583 1060 623 non
1078 565 1123 644 fii,

113 655 149 713 ab
167 671 227 712 uno
241 652 370 728 Ulpiano
389 652 560 712 laudantur.
596 653 676 730 qnod
693 653 725 712 in
743 653 920 730 fragmentis
939 652 977 711 ab
991 651 1121 729 Ulpiano

113 743 212 802 allatis
231 741 351 801 Neratii
373 759 550 816 responsum
568 741 728 817 profertur,
749 741 820 800 libri
837 741 1042 816 Epistularum
1062 761 1121 802 non

112 831 162 890 alii
188 831 362 892 riderentur
390 847 454 888 esse
482 831 571 906 etque
599 830 832 906 Responsorum,
865 829 924 888 nisi
951 829 1121 890 truderetur

112 919 332 997 Responsorum
359 917 451 985 libros
479 921 541 978 tres
574 919 741 995 scripsisse,
764 917 968 994 Epistolarum
996 923 1120 995 quartus

111 1009 293 1068 laudaretur.
340 1009 409 1067 ante
431 1007 590 1066 Neratium
612 1007 819 1083 Epistularum
846 1005 939 1065 libros
963 1005 1121 1067 ediderunt

111 1097 208 1158 Labeo
228 1089 315 1177 (11,1
332 1115 361 1172 p.
376 1091 453 1170 1471
473 1097 503 1154 et
519 1095 664 1155 Proculus
684 1089 790 1176 (supro
803 1115 832 1171 p.
849 1085 940 1176 111);
963 1098 1032 1170 post
1051 1113 1120 1154 cum

113 1185 217 1246 Celsus
233 1177 357 1266 (113),
373 1183 532 1243 Africanus
547 1179 591 1262 (P.
605 1177 647 1264 1),
662 1183 845 1260 Pomponius
860 1177 908 1264 (P.
923 1176 1120 1264 187-210).

524 1396 630 1456 Liber
653 1395 705 1456 IV.

521 1514 571 1580 De
594 1515 706 1598 topatio.

393 1627 439 1687 De
461 1629 599 1687 instructo
622 1627 713 1699 suado
736 1627 835 1701 lepoto.

199 1732 226 1795 1.
254 1727 293 1794 D.
308 1729 360 1811 33,
376 1730 404 1806 7,
420 1730 471 1813 12,
485 1729 538 1793 35.
582 1726 742 1812 Ulpianus
771 1727 855 1792 libro
880 1727 1054 1792 vicensimo
1078 1729 1118 1793 od

111 1815 265 1884 Sabinum
284 1813 333 1902 (P.
344 1814 456 1905 2611).
478 1854 514 1864 -
536 1814 688 1880 Neratius
708 1866 733 1880 ..
752 1816 836 1881 libro
856 1822 971 1900 quarto
986 1817 1117 1901 Epistu-

110 1909 212 1972 larum
223 1906 342 1971 Rufino
356 1905 525 1989 respondit
537 1905 696 1970 instructo
710 1903 810 1969 fundo
821 1909 854 1970 et
864 1906 1118 1990 suppellectilem

110 2000 141 2059 et
161 1996 239 2060 vine
257 1997 290 2059 et
308 1995 471 2079 mancipia
488 2014 553 2060 non
573 1994 678 2060 solum
697 1992 737 2057 ad
757 1993 878 2059 cultum
897 1995 1117 2060 custodiumve

108 2084 216 2168 villae,
239 2083 413 2149 sedetiam
437 2105 528 2168 quae,
550 2088 588 2146 ut
609 2082 673 2167 ipsi
695 2083 782 2166 patri
804 2082 943 2148 familias
967 2083 1000 2148 in
1024 2084 1117 2148 mini-

110 2173 205 2238 sterio
229 2169 388 2257 <essent>,
412 2172 458 2236 ibi
482 2174 602 2255 essent,
625 2172 735 2254 legato
760 2171 880 2237 cedere.

388 2354 436 2414 Dc
458 2356 544 2414 domu
565 2357 707 2414 instructo
730 2355 832 2428 lepatc.

195 2457 224 2522 2.
243 2455 282 2522 D.
291 2455 461 2536 ibidp43.
478 2491 515 2502 ·-
534 2505 557 2520 ..
577 2454 729 2520 Neratius
747 2453 830 2518 libro
851 2459 965 2537 quarto
985 2453 1116 2538 Epistu-

110 2544 212 2610 larum
232 2543 386 2610 Marcello
410 2543 504 2608 fratri
528 2564 585 2608 suo
609 2543 778 2626 respondit
800 2548 833 2606 et
855 2545 977 2606 vestem
1001 2543 1114 2607 domus

109 2633 283 2698 instructae
311 2633 420 2717 legato
449 2631 620 2716 contineri,
651 2632 799 2710 maxime,
831 2629 950 2714 inquit,
981 2631 1017 2695 c'ri
1040 2651 1114 2712 pro·

104 2724 206 2805 posita
227 2722 328 2805 specie.
364 2720 608 2805 proponebatur
624 2719 717 2803 enim,
737 2719 792 2804 qui
809 2719 983 2802 legaverat,
1002 2739 1114 2802 ergen-

108 2816 174 2875 tum
203 2814 236 2875 et
262 2811 404 2875 rationes
428 2810 604 2894 excepisse:
631 2829 706 2872 nom
733 2809 787 2890 poi
809 2807 894 2892 hoec,
922 2807 1039 2891 inquit,
1062 2827 1114 2872 eu-

107 2902 189 2985 cepit,
211 2919 275 2965 nora
291 2904 392 2982 potest
412 2919 474 2964 coe
496 2899 593 2964 videri
614 2898 650 2962 de
673 2898 777 2962 ceteris
798 2897 899 2976 reboo,
921 2917 999 2980 quae
1020 2899 1056 2962 iri
1078 2917 1114 2962 eo

107 2994 214 3072 micat,
236 2989 372 3054 scnsiase.

457 3099 504 3157 Ex
526 3099 646 3159 incertis
668 3097 762 3158 libris.

485 3223 532 3283 De
553 3224 728 3284 cocolubem.

193 3325 237 3391 3?
264 3324 303 3390 Ι).
318 3325 370 3409 35,
387 3329 414 3403 1,
429 3325 502 3408 112,
519 3325 548 3390 3.
592 3323 678 3388 Idem
708 3320 766 3409 (sc.
788 3318 999 3407 Pomponius)
1028 3320 1111 3385 libro

107 3413 293 3480 duodecimo
316 3412 541 3498 Epistularum
561 3409 713 3499 (Rati).
732 3410 924 3476 -Priscus
946 3408 1113 3492 respondit

107 3503 333 3569 statuliberum
356 3524 421 3567 non
439 3502 548 3585 utique
566 3500 612 3563 ibi
631 3500 686 3564 ubi
704 3505 798 3584 puter
815 3497 956 3563 familias
976 3496 1113 3561 decessit

60 3583 63 3589 ¹
106 3589 176 3676 [eut
194 3591 251 3658 ubi
270 3592 339 3674 ipse
358 3591 490 3655 relictus
510 3589 552 3653 sit
565 3591 622 3652 aut
635 3587 690 3652 ubi
704 3586 807 3671 velit],
821 3585 964 3650 rationes
978 3582 1110 3648 reddere

799 3730 801 3736 .
845 3685 899 3738 20*
