2602 3906
305 228 325 283 I.
347 226 521 282 VETERUM
540 226 770 284 SENTENTIAE
789 227 837 281 ΕΤ
855 227 960 282 LIBRI.
1071 229 1134 292 511

127 413 200 456 eum
234 391 337 456 teneri
368 390 498 474 debere,
531 390 658 475 quando
689 391 769 455 haee
799 392 957 476 generalis
990 392 1136 476 exceptio

126 501 192 544 non
230 479 270 543 ad
307 501 344 545 ea
379 480 538 564 pertinere
575 479 702 563 debeat,
743 502 825 564 quae
862 480 1007 546 venditor
1046 482 1137 546 novit

128 589 272 653 quaeque
300 568 482 652 specialiter
512 569 655 653 excipere
684 572 716 634 et
738 569 847 652 potuit
870 573 902 633 et
930 571 1056 648 debeat,
1080 569 1136 634 sed

127 657 168 722 ad
188 679 226 722 ea
245 679 326 744 quae
345 658 508 743 ignoravit
522 661 554 721 et
572 658 610 722 de
631 658 746 742 quibus
767 661 943 741 emptorem
963 660 1136 724 certiorare

126 747 277 830 nequivit.

215 837 266 900 27.
287 833 324 899 D.
338 834 387 912 18,
399 835 507 917 6‚1,4.
526 834 687 919 Ulpianus
702 835 785 899 libro
800 835 950 900 vicesimo
965 839 1080 902 octavo
1096 837 1136 901 ad

128 921 292 989 Sabinum.
316 959 360 970 -
380 921 414 988 si
437 923 558 988 doliare
580 925 691 988 vinum
714 925 829 988 emeris
848 946 907 989 nec
926 925 1137 990 detrudendo

127 1034 164 1078 eo
198 1013 369 1097 quicquam
402 1013 600 1096 convenerit,
636 1013 669 1077 id
701 1012 800 1077 videri
834 1018 954 1095 actum,
992 1019 1028 1078 ut
1061 1018 1136 1078 ante

127 1106 359 1166 evacuarentur
382 1123 479 1185 quam
499 1102 539 1166 ad
557 1102 753 1166 vindemiam
777 1124 875 1186 opera
894 1124 1002 1167 eorum
1026 1101 1138 1167 futura

126 1194 169 1254 sit
191 1191 385 1274 necessaria;
414 1191 498 1274 quod
524 1194 551 1254 si
577 1212 643 1255 non
672 1191 737 1254 sint
764 1196 929 1277 evacuata,
946 1190 1136 1275 faciendum,

126 1279 211 1360 quod
252 1282 377 1344 veteres
418 1283 621 1362 putaverunt,
666 1301 724 1364 per
764 1280 894 1345 corbem
935 1281 1135 1345 venditorem

126 1389 311 1432 mensuram
325 1366 430 1432 facere
446 1372 479 1432 et
492 1367 666 1452 effunder03
686 1372 808 1433 veteres
824 1370 907 1433 enim
926 1369 985 1433 hoc
1004 1373 1137 1453 propter

126 1477 312 1522 mensuram
336 1461 506 1521 suaserunt
529 1507 580 1522 ...

525 1633 574 1699 Dc
595 1635 741 1700 societute.

216 1757 267 1824 28.
295 1758 334 1823 D.
360 1759 410 1839 17,
436 1760 467 1841 2,
490 1758 542 1841 52,
568 1759 617 1824 18.
645 1757 733 1822 Idem
762 1758 820 1844 (sc.
848 1755 1024 1844 Ulpianus)
1051 1759 1136 1825 libro

124 1846 315 1930 erigensimo
339 1847 379 1912 ad
403 1848 550 1912 edictum.
575 1883 616 1894 -
717 1849 800 1932 apud
824 1851 946 1913 veteres
969 1851 1137 1932 tractatur,

124 1958 168 2000 an
195 1937 301 2001 socius
334 1936 477 2001 omnium
510 1936 681 2020 bonorum,
717 1939 743 2001 si
770 1937 846 2022 quid
874 1938 915 2002 ob
943 1937 1135 2002 iniuriarum

123 2027 285 2090 actionem
314 2025 483 2089 damnatus
515 2025 728 2109 praestiterit,
761 2048 800 2090 ex
832 2027 993 2091 communi
1025 2048 1134 2092 conse-

123 2117 242 2200 quatur
264 2118 301 2177 ut
323 2118 475 2198 praestet.

213 2217 249 2276 cf.
272 2216 288 2276 I
310 2237 338 2292 p.
364 2217 435 2277 206.

488 2353 537 2419 De
559 2356 628 2419 iure
649 2356 775 2420 dotium.

214 2478 266 2544 29.
289 2477 329 2542 D.
355 2479 405 2562 11,
430 2480 459 2557 7,
480 2479 529 2543 16.
553 2477 710 2563 Ulpianus
726 2478 808 2544 libro
827 2479 1002 2544 vicensimo
1022 2478 1134 2563 quinto

123 2567 165 2632 ad
194 2567 341 2632 edictum.
374 2603 411 2613 -
442 2618 503 2632 ...
527 2567 756 2651 aequissimum
780 2617 787 2632 .
808 2618 814 2632 .
838 2569 942 2633 visum
970 2572 1020 2631 est
1047 2569 1135 2630 vete·

122 2655 224 2738 ribus,
243 2656 393 2721 mulieres
412 2656 505 2741 quasi
523 2655 561 2720 de
580 2656 784 2739 patrimoniis
804 2657 872 2721 suis
891 2657 937 2719 ita
951 2655 989 2720 de
1004 2654 1134 2719 dotibus

121 2745 267 2810 fimerari
299 2749 332 2809 et
362 2767 435 2810 eum
464 2744 518 2829 qui
546 2749 649 2809 morte
677 2744 819 2809 mulieris
848 2745 953 2809 dotem
982 2744 1135 2824 lucratur,

122 2833 160 2900 in
183 2833 278 2898 funus
304 2833 448 2900 conferre
472 2833 596 2918 debere,
620 2832 686 2897 sive
709 2838 803 2917 pater
826 2832 969 2898 mulieris
994 2839 1044 2896 est
1067 2832 1135 2897 sive

121 2923 269 2988 maritus.

543 3016 591 3076 De
613 3017 732 3088 tutelis„

214 3135 266 3201 30.
315 3135 384 3200 Gai.
414 3137 446 3221 1,
481 3137 544 3201 144
572 3159 620 3221 sq.
655 3173 697 3182 -
729 3135 863 3202 Veteres
894 3186 931 3201 ..
964 3137 1135 3201 voluerunt

121 3223 272 3308 feminas,
299 3225 426 3289 etiamsi
454 3224 614 3310 perfectae
639 3226 754 3291 aetatis
778 3226 853 3308 sint,
881 3229 1012 3310 propter
1035 3224 1134 3289 animi

122 3313 289 3379 levitatem
315 3312 350 3377 in
377 3315 480 3379 tutela
507 3335 576 3380 esse
675 3315 837 3400 loquimur
862 3318 969 3380 autem
992 3312 1134 3396 exceptis

122 3401 306 3488 virginibus
329 3401 527 3484 Vestalibus,
553 3426 632 3488 quas
656 3404 754 3468 etiam
777 3407 900 3468 veteres
922 3403 956 3466 in
979 3403 1132 3467 honorem

123 3490 297 3556 sacerdotii
319 3491 439 3558 liberas
462 3514 533 3558 esse
555 3494 733 3557 voluerunt.

212 3615 240 3656 v.
264 3594 279 3653 Ι
302 3615 331 3671 p.
357 3598 429 3655 136.
