2602 3906
194 236 260 301 486
296 236 329 291 V.
348 235 498 291 NERVAE
517 237 563 291 ET
582 237 735 292 TRAIANI
752 236 857 292 ΤΕΜΡ.
876 236 971 292 IURIS
991 235 1170 293 CONSULTI

195 400 314 483 colebat,
330 400 436 484 pluris
453 406 555 466 tamen
574 401 676 466 locavi.
717 421 837 484 pumero,
859 422 903 465 an
919 400 974 466 looc
991 402 1093 482 ipsum
1104 411 1197 483 prae·

194 494 276 554 stare
297 489 426 554 debeam.

282 576 465 662 Respmedit:
496 579 531 642 in
552 577 728 643 lminsmodi
749 578 981 660 oblipationibus
1007 579 1197 643 id0marcime

193 671 326 748 spectum
351 666 500 748 debemus,
528 668 610 749 quod
630 668 710 732 inter
731 672 891 748 unamque
906 671 1030 749 portem
1051 669 1195 732 conuenit.

194 755 313 819 uidetur
343 760 446 820 autem
477 756 511 818 in
540 755 598 820 loac
623 758 717 838 speeie
743 757 778 820 iol
801 755 921 821 silentio
947 757 1130 840 convenisse,
1161 776 1198 820 ne

193 844 270 925 quid
285 849 503 927 praestaretur,
526 845 554 910 si
576 845 725 926 ampliore
739 845 874 927 pecunia
894 844 1011 925 fundus
1027 848 1102 910 esset
1120 845 1196 909 loca

194 931 271 1016 tns[,
297 933 332 997 id
357 937 400 997 est
425 937 462 998 ut
486 932 558 997 laec
584 934 736 997 conventio
761 953 818 1015 pro
842 933 969 998 locatore
991 935 1196 998 tautummodo

193 1021 459 1105 interponeretur}

282 1132 382 1191 Eisele
405 1132 436 1193 Z.
460 1131 487 1194 d.
511 1131 636 1193 Sam-St.
660 1132 703 1191 XI
723 1154 752 1210 p.
769 1136 798 1193 9.

283 1243 333 1306 64.
351 1241 583 1325 Ι).19,2,51,1.
614 1242 785 1308 Iavolenus
796 1243 878 1308 libro
889 1243 1056 1309 undecimo
1067 1242 1197 1326 Epistu-

193 1329 304 1396 larum.
338 1367 376 1377 -
410 1331 524 1395 Locaoi
554 1352 629 1414 opus
657 1333 834 1412 faciendum
864 1333 923 1412 ita,
958 1337 996 1398 ut
1019 1353 1081 1414 pro
1113 1353 1198 1414 opere

192 1420 374 1501 redemptori
410 1425 522 1484 certam
557 1423 719 1486 mercedem
749 1423 785 1486 in
814 1423 879 1486 dies
909 1421 1045 1504 stup-ulos
1075 1421 1197 1498 darcm;

193 1528 268 1591 opus
294 1509 436 1573 vitiosum
459 1509 578 1589 factum
604 1514 653 1574 est.
696 1531 740 1574 an
766 1530 803 1574 en
830 1511 924 1575 locato
950 1531 1038 1592 apere
1055 1509 1195 1592 possim?

155 1671 158 1676 Δ
281 1596 463 1680 Respondit:
485 1599 514 1663 si
536 1599 581 1662 ita
603 1598 808 1680 opus'locasti,
830 1603 866 1663 ut
882 1599 1001 1664 bonitas
1018 1600 1084 1664 eius
1101 1599 1159 1663 tibi
1175 1620 1196 1662 a

193 1687 368 1751 conductore
390 1685 618 1770 adprobaretur,
641 1688 760 1752 tametsi
782 1688 924 1766 conuenit,
947 1692 982 1751 ut
1002 1688 1037 1752 in
1056 1687 1196 1770 sinpulas

193 1794 300 1854 operas
322 1779 402 1840 certa
418 1776 552 1856 pecunia
573 1777 706 1856 daretur,
724 1777 881 1859 praestari
898 1780 999 1840 tamen
1017 1777 1073 1840 libi
1090 1797 1112 1840 a
1129 1796 1196 1841 con

192 1863 313 1927 ductore
334 1863 423 1947 debet,
445 1865 474 1928 si
491 1866 525 1928 id
541 1885 616 1946 opus
638 1865 780 1930 vitiosum
800 1865 918 1946 factum
939 1869 990 1930 est.
1031 1885 1094 1929 non
1115 1866 1197 1929 enim

192 1951 355 2032 prrimuam
377 1953 507 2036 interest,
529 1958 635 2018 utrum
657 1974 717 2018 uno
734 1954 835 2035 pretio
853 1973 928 2036 opus
945 1974 988 2018 an
1005 1954 1041 2018 in
1058 1953 1198 2036 sinpulas

194 2059 299 2121 operas
321 2039 491 2125 collocatur,
512 2042 541 2104 si
563 2042 650 2106 modo
668 2043 853 2108 universitas
870 2042 1140 2107 consummationis
1157 2042 1198 2106 ad

193 2129 401 2193 conductorem
422 2129 580 2210 pertinuit.
621 2132 733 2212 poterit
760 2133 861 2214 itaque
888 2151 925 2196 ea
951 2132 1046 2196 locato
1073 2151 1142 2196 cnm
1165 2151 1197 2195 eo

192 2218 257 2299 api,
288 2217 343 2299 qui
373 2217 516 2282 uitiosum
543 2238 618 2300 opus
642 2218 748 2300 fecerit
773 2219 855 2304 [nisi
880 2222 909 2285 si
935 2221 1001 2285 ideo
1028 2220 1063 2284 in
1090 2239 1199 2302 operas

192 2305 332 2388 stapulas
358 2326 468 2371 merces
494 2308 656 2372 constituta
682 2309 752 2386 erit,
778 2313 815 2374 nt
834 2309 961 2374 arbitio
983 2309 1102 2374 domini
1124 2328 1198 2390 opus

192 2392 375 2476 efficeretur;
403 2399 468 2459 tum
495 2397 577 2460 enim
602 2396 683 2461 rituti
710 2398 868 2462 conductor
889 2403 1049 2481 praestum
1074 2398 1198 2462 domino

193 2485 229 2549 de
251 2483 382 2549 bonitate
404 2485 503 2566 operis
524 2484 669 2569 uidetur]
1282 2491 1283 2512 ³

280 2595 381 2656 Eisele
404 2596 435 2656 Z.
458 2596 486 2655 d.
509 2595 634 2656 San-St.
658 2596 685 2654 X
707 2617 735 2673 p.
751 2599 822 2656 312.

478 2769 528 2835 De
549 2770 706 2835 uerborum
727 2770 915 2852 oblrpationc.

282 2883 333 2949 65.
357 2882 396 2949 D.
406 2884 458 2968 46,
474 2884 503 2968 l,
516 2885 569 2949 44.
600 2884 771 2950 Iavolenus
785 2885 868 2948 libro
882 2883 1052 2948 undecimo
1067 2882 1199 2968 Epistu-

193 2971 306 3036 larum.
329 3007 372 3018 —
395 2972 568 3054 Strpulatns
595 2994 625 3038 es
649 2994 725 3055 opus
746 2973 898 3038 arbitratu
921 2977 972 3038 tuo
993 2977 1064 3038 ante
1085 2977 1200 3037 certam

193 3059 273 3124 diem
289 3061 367 3143 pleri,
389 3061 514 3142 quodsi
530 3061 668 3140 effectum
685 3082 747 3126 non
765 3066 844 3144 esset,
866 3063 976 3144 quanti
993 3067 1028 3126 ut
1044 3061 1202 3143 efficiatur

193 3167 269 3229 opus
301 3147 439 3231 locasses,
476 3151 555 3213 tanti
585 3151 775 3230 fideiussores
805 3152 922 3234 cepisti;
958 3155 988 3215 et
1016 3152 1091 3233 quia
1123 3169 1201 3233 opus

193 3235 331 3314 effectum
352 3255 416 3299 non
437 3242 510 3316 erat,
533 3237 592 3302 alii
609 3237 713 3302 locasti
730 3244 766 3317 et,
788 3259 856 3304 cum
869 3240 1020 3321 posterior
1037 3240 1202 3304 conductor

193 3324 271 3388 sotis
292 3343 356 3386 non
377 3324 476 3402 daret,
498 3325 562 3406 ipse
584 3345 660 3406 opus
679 3326 785 3407 fecisti.
825 3349 948 3411 omero,
973 3349 1017 3393 an
1037 3328 1202 3408 fideiussor

194 3415 338 3476 teneatur.

283 3497 466 3580 Respondit:
488 3503 653 3567 seeundum
674 3522 710 3566 ea
731 3503 821 3567 umba
840 3505 1060 3589 stipulationis,
1082 3524 1161 3586 quae
1178 3525 1201 3568 a

195 3591 221 3651 te
244 3588 401 3671 proposita
427 3593 511 3673 snut,
537 3591 726 3671 fideiussores
752 3611 814 3655 non
841 3596 987 3658 tenentur.
1031 3593 1201 3657 nonenim
