2602 3906
521 139 793 194 ADDITAMENTA.

517 301 694 368 Iudicatum
716 304 801 368 solvi.

244 420 295 485 58.
325 419 445 504 1146,
474 420 502 503 7,
534 421 562 484 7.
590 417 691 484 Gaius
722 419 805 485 libro
828 418 1003 484 vicensimo
1027 419 1171 502 septimo

155 510 194 574 ad
220 509 358 574 edietum
381 508 588 591 provinciale·
612 543 654 554 -
673 559 680 571 .
696 559 702 572 .
718 557 725 572 .
744 506 889 571 lulianus
912 530 978 573 non
999 511 1095 591 putat
1115 559 1169 573 ...

154 621 229 664 nam
330 618 519 680 responsum
548 618 626 680 esse,
654 597 681 660 si
705 597 777 680 quis
800 597 967 661 absentem
991 597 1169 662 defendens

155 687 235 752 satis
263 685 399 767 dederit,
431 685 559 763 deinde,
592 686 641 750 vel
670 682 828 768 euerriturl
856 685 897 749 ab
925 707 963 749 eo
991 686 1087 750 datus
1116 685 1169 750 rel

154 779 328 860 postquam
342 774 435 839 heres
451 774 481 838 ei
496 775 610 853 extitit,
629 773 782 839 iudicium
798 774 964 857 acceperit,
978 773 1169 856 sponsores8

155 886 220 929 non
244 863 355 928 teneri.

243 958 288 1017 De
314 974 405 1017 eursu
427 956 547 1032 publico
576 957 741 1016 sermonem
769 975 833 1016 esse
857 957 1021 1016 Mommsen
1047 958 1168 1017 conicit.

484 1109 601 1176 &tum
623 1132 687 1174 rem
709 1111 837 1176 haberi?

243 1228 296 1293 59.
323 1225 400 1291 Vat.
421 1225 460 1290 fr.
479 1226 552 1292 333.
587 1223 836 1312 (Papinianus?)
863 1227 946 1292 libro
964 1225 1026 1292 XV
1047 1224 1172 1314 (xll‘e)

157 1317 411 1400 Responsorum.
444 1351 485 1360 -
518 1316 674 1379 Absentis
704 1319 945 1396 procuratorem
977 1316 1057 1380 satis
1092 1317 1171 1380 dare

157 1405 272 1470 debere
296 1405 333 1468 de
358 1408 429 1468 retu
452 1402 597 1468 habendo
695 1426 886 1487 responsum
909 1408 966 1469 est,

416 1640 446 1710 2.
479 1637 658 1732 Reliquae
686 1639 908 1724 sententiae,

354 1775 449 1848 quae
477 1776 553 1826 non
580 1775 759 1846 responsa
786 1753 972 1826 dicuntur.

454 1931 482 1975 a.
505 1909 561 1974 Ad
584 1911 643 1974 ius
666 1909 869 1993 publicum.

213 2034 263 2100 De
285 2034 418 2098 tribunis
435 2033 546 2116 plebis,
569 2034 731 2111 aedilibus,
755 2033 907 2098 iudicibus
929 2035 1114 2100 decemuiris.

249 2150 275 2213 1.
300 2148 367 2212 Liv.
382 2149 412 2229 3,
426 2148 477 2213 55.
502 2185 543 2194 -
568 2172 711 2215 ...eum
734 2149 890 2234 religione
913 2148 1088 2214 inviolatos
1113 2171 1168 2214 eos

157 2241 214 2323 (se.
242 2235 405 2322 tribunos)
434 2241 503 2301 turn
532 2237 602 2323 lege
626 2239 724 2302 etiam
747 2237 895 2302 feserunt
918 2238 1107 2320 sanciendo,
1131 2241 1169 2302 ut

158 2328 214 2413 qui
254 2327 392 2391 tribunis
438 2326 542 2409 plebis
580 2326 737 2391 aedilibus
779 2326 937 2391 iudicibus
975 2325 1165 2391 decemviris

157 2417 357 2498 nocuissent,
385 2415 453 2479 eius
482 2418 579 2498 eaput
606 2414 676 2479 Iovi
705 2436 830 2480 sacrum
854 2419 952 2496 esset,
975 2415 1102 2479 familia
1126 2414 1167 2478 ad

55 2547 57 2550 -
158 2507 269 2571 aedem
302 2502 425 2569 Oereris
458 2503 567 2568 Liberi
601 2503 798 2590 Liberaeque
834 2526 949 2568 venum
985 2504 1056 2568 iret.
1107 2502 1166 2567 hae

157 2596 228 2680 lege
252 2594 330 2658 iuris
354 2594 546 2676 interpretes
573 2596 695 2678 negant
715 2615 906 2677 quemquam
927 2597 1166 2657 sacrosanctum

158 2706 242 2767 esse,
273 2681 328 2747 sed
358 2703 431 2746 eum
462 2683 534 2765 quis
565 2703 674 2747 eorum
705 2683 757 2746 eui
786 2682 945 2764 nocuerit,
977 2681 1009 2745 id
1041 2701 1167 2746 sacrum

158 2771 285 2837 sanciri.
334 2773 442 2855 itaque
473 2770 609 2835 aedilem
641 2770 754 2854 prendi
782 2771 916 2854 dueique
945 2793 964 2833 a
992 2769 1167 2833 maioribus

158 2859 415 2946 magistratibus,
439 2859 523 2943 quod
548 2860 607 2924 etsi
630 2881 696 2923 non
718 2859 787 2923 iure
810 2859 868 2922 fiet
887 2895 928 2906 -—
949 2859 1059 2923 noceri
1082 2859 1167 2922 enim

159 2950 198 3030 ei,
221 2949 272 3012 eui
292 2948 354 3011 hae
372 2949 443 3032 lege
462 2969 528 3011 non
546 2948 642 3012 lieeat
663 2985 701 2994 —
722 2951 830 3012 tamen
850 2950 1076 3032 argumentum
1095 2967 1166 3010 esse

158 3057 226 3101 non
261 3035 376 3100 heberi
410 3058 468 3119 pro
502 3057 593 3100 sacro
626 3040 802 3120 sanctoque
834 3037 985 3101 aedilem:
1018 3035 1167 3100 tribunos

158 3128 266 3189 vetere
293 3124 363 3187 iure
388 3124 524 3187 iurando
547 3125 666 3206 plebis,
694 3147 766 3190 cnm
794 3127 934 3208 primum
958 3146 1028 3188 eam
1058 3128 1167 3208 potes·

158 3216 269 3284 tatem¹
297 3213 431 3292 creavit,
468 3219 688 3277 sacrosanctos
724 3235 802 3278 esse.
860 3213 948 3278 fuere
981 3213 1035 3298 qui
1070 3214 1166 3277 inter·

157 3303 375 3384 metarentur,
402 3299 512 3363 eadem
541 3302 601 3365 hae
623 3300 761 3366 Horatia
786 3303 857 3386 lege
880 3303 1065 3368 consulibus
1089 3323 1164 3386 quo-

232 3441 246 3488 1
267 3435 341 3489 Trib.
361 3438 531 3505 procurator.

231 3513 247 3560 2
269 3506 342 3560 Tres.
362 3505 545 3564 fideiussores.
