<?xml version="1.0" encoding="UTF-8"?>
<!DOCTYPE html PUBLIC "-//W3C//DTD XHTML 1.0 Transitional//EN"
    "http://www.w3.org/TR/xhtml1/DTD/xhtml1-transitional.dtd">
<html xmlns="http://www.w3.org/1999/xhtml" xml:lang="en" lang="en">
 <head>
  <title>
</title>
<meta http-equiv="Content-Type" content="text/html;charset=utf-8" />
  <meta name='ocr-system' content='tesseract 3.04.00' />
  <meta name='ocr-capabilities' content='ocr_page ocr_carea ocr_par ocr_line ocrx_word'/>
</head>
<body>
  <div class='ocr_page' id='page_1' title='image "./iurisprudentiae03bremgoog_0181.png"; bbox 0 0 2596 3902; ppageno 0'>
   <div class='ocr_carea' id='block_1_1' title="bbox 496 182 1134 296">
    <p class='ocr_par' dir='ltr' id='par_1_1' title="bbox 496 182 1134 296">
     <span class='ocr_line' id='line_1_1' title="bbox 496 182 1134 296; baseline -0.002 -34"><span class='ocrx_word' id='word_1_1' title='bbox 496 182 738 296; x_wconf 39' lang='lat' dir='ltr'>vuluuoounus</span> <span class='ocrx_word' id='word_1_2' title='bbox 1073 208 1134 272; x_wconf 85' lang='lat'>151</span> 
     </span>
    </p>
   </div>
   <div class='ocr_carea' id='block_1_2' title="bbox 120 369 1187 2481">
    <p class='ocr_par' dir='ltr' id='par_1_2' title="bbox 121 369 1138 1504">
     <span class='ocr_line' id='line_1_2' title="bbox 210 369 1134 456; baseline 0 -20"><span class='ocrx_word' id='word_1_3' title='bbox 210 371 264 437; x_wconf 88' lang='grc'>46.</span> <span class='ocrx_word' id='word_1_4' title='bbox 291 369 329 436; x_wconf 93' lang='lat' dir='ltr'>D.</span> <span class='ocrx_word' id='word_1_5' title='bbox 351 371 401 452; x_wconf 81' lang='grc'>17,</span> <span class='ocrx_word' id='word_1_6' title='bbox 421 371 450 456; x_wconf 96' lang='grc'>2,</span> <span class='ocrx_word' id='word_1_7' title='bbox 470 371 570 454; x_wconf 78' lang='lat' dir='ltr'>67pr.</span> <span class='ocrx_word' id='word_1_8' title='bbox 615 369 734 435; x_wconf 88' lang='lat' dir='ltr'>Paulus</span> <span class='ocrx_word' id='word_1_9' title='bbox 763 370 847 436; x_wconf 91' lang='lat' dir='ltr'>libro</span> <span class='ocrx_word' id='word_1_10' title='bbox 870 371 1062 456; x_wconf 85' lang='lat' dir='ltr'>trigensimo</span> <span class='ocrx_word' id='word_1_11' title='bbox 1086 395 1134 436; x_wconf 88' lang='lat' dir='ltr'>se-</span> 
     </span>
     <span class='ocr_line' id='line_1_3' title="bbox 121 456 1135 546; baseline 0 -20"><span class='ocrx_word' id='word_1_12' title='bbox 121 460 225 526; x_wconf 89' lang='lat' dir='ltr'>cundo</span> <span class='ocrx_word' id='word_1_13' title='bbox 249 459 289 524; x_wconf 83' lang='lat' dir='ltr'>ed</span> <span class='ocrx_word' id='word_1_14' title='bbox 313 459 453 524; x_wconf 87' lang='lat' dir='ltr'>edietum</span> <span class='ocrx_word' id='word_1_15' title='bbox 477 458 528 546; x_wconf 85' lang='lat' dir='ltr'>(P.</span> <span class='ocrx_word' id='word_1_16' title='bbox 545 456 630 546; x_wconf 68' lang='lat'><strong>49¹³).</strong></span> <span class='ocrx_word' id='word_1_17' title='bbox 656 495 694 506; x_wconf 89' lang='lat'>-</span> <span class='ocrx_word' id='word_1_18' title='bbox 721 459 755 524; x_wconf 75' lang='lat' dir='ltr'>si</span> <span class='ocrx_word' id='word_1_19' title='bbox 778 482 860 525; x_wconf 87' lang='lat' dir='ltr'>uuus</span> <span class='ocrx_word' id='word_1_20' title='bbox 884 482 923 524; x_wconf 90' lang='lat' dir='ltr'>ex</span> <span class='ocrx_word' id='word_1_21' title='bbox 947 461 1042 526; x_wconf 86' lang='lat' dir='ltr'>sociis</span> <span class='ocrx_word' id='word_1_22' title='bbox 1066 482 1135 526; x_wconf 87' lang='lat' dir='ltr'>rem</span> 
     </span>
     <span class='ocr_line' id='line_1_4' title="bbox 123 549 1135 634; baseline -0.001 -19"><span class='ocrx_word' id='word_1_23' title='bbox 123 571 323 615; x_wconf 90' lang='lat' dir='ltr'>communem</span> <span class='ocrx_word' id='word_1_24' title='bbox 345 549 526 614; x_wconf 76' lang='lat' dir='ltr'>vendiderit</span> <span class='ocrx_word' id='word_1_25' title='bbox 549 569 708 613; x_wconf 87' lang='lat' dir='ltr'>consensu</span> <span class='ocrx_word' id='word_1_26' title='bbox 731 549 901 634; x_wconf 85' lang='lat' dir='ltr'>sociorum,</span> <span class='ocrx_word' id='word_1_27' title='bbox 924 550 1065 633; x_wconf 90' lang='lat' dir='ltr'>pretium</span> <span class='ocrx_word' id='word_1_28' title='bbox 1088 551 1135 614; x_wconf 90' lang='lat' dir='ltr'>di·</span> 
     </span>
     <span class='ocr_line' id='line_1_5' title="bbox 121 637 1135 720; baseline 0 -16"><span class='ocrx_word' id='word_1_29' title='bbox 121 639 185 704; x_wconf 86' lang='lat' dir='ltr'>vidi</span> <span class='ocrx_word' id='word_1_30' title='bbox 213 637 310 702; x_wconf 89' lang='lat' dir='ltr'>debet</span> <span class='ocrx_word' id='word_1_31' title='bbox 336 637 398 720; x_wconf 84' lang='lat' dir='ltr'>ita,</span> <span class='ocrx_word' id='word_1_32' title='bbox 427 640 464 702; x_wconf 91' lang='lat' dir='ltr'>ut</span> <span class='ocrx_word' id='word_1_33' title='bbox 492 638 522 702; x_wconf 91' lang='lat' dir='ltr'>ei</span> <span class='ocrx_word' id='word_1_34' title='bbox 550 641 701 702; x_wconf 87' lang='lat' dir='ltr'>caveatur</span> <span class='ocrx_word' id='word_1_35' title='bbox 728 637 911 702; x_wconf 85' lang='lat' dir='ltr'>indemnem</span> <span class='ocrx_word' id='word_1_36' title='bbox 944 659 1016 703; x_wconf 94' lang='lat' dir='ltr'>eum</span> <span class='ocrx_word' id='word_1_37' title='bbox 1049 639 1135 704; x_wconf 86' lang='lat' dir='ltr'>futu·</span> 
     </span>
     <span class='ocr_line' id='line_1_6' title="bbox 121 725 1136 810; baseline 0 -18"><span class='ocrx_word' id='word_1_38' title='bbox 121 749 192 792; x_wconf 87' lang='lat' dir='ltr'>rum</span> <span class='ocrx_word' id='word_1_39' title='bbox 208 779 215 794; x_wconf 91' lang='lat'><strong>.</strong></span> <span class='ocrx_word' id='word_1_40' title='bbox 231 726 315 810; x_wconf 91' lang='lat' dir='ltr'>quod</span> <span class='ocrx_word' id='word_1_41' title='bbox 346 727 373 790; x_wconf 87' lang='lat' dir='ltr'>si</span> <span class='ocrx_word' id='word_1_42' title='bbox 400 727 467 791; x_wconf 87' lang='lat' dir='ltr'>iam</span> <span class='ocrx_word' id='word_1_43' title='bbox 495 725 647 791; x_wconf 87' lang='lat' dir='ltr'>damnum</span> <span class='ocrx_word' id='word_1_44' title='bbox 675 747 791 809; x_wconf 87' lang='lat' dir='ltr'>passus</span> <span class='ocrx_word' id='word_1_45' title='bbox 817 731 879 810; x_wconf 87' lang='lat' dir='ltr'>est,</span> <span class='ocrx_word' id='word_1_46' title='bbox 907 726 969 792; x_wconf 91' lang='lat' dir='ltr'>hoc</span> <span class='ocrx_word' id='word_1_47' title='bbox 994 727 1023 792; x_wconf 92' lang='lat' dir='ltr'>ei</span> <span class='ocrx_word' id='word_1_48' title='bbox 1046 749 1136 810; x_wconf 83' lang='lat' dir='ltr'>prae·</span> 
     </span>
     <span class='ocr_line' id='line_1_7' title="bbox 123 814 1137 898; baseline 0.001 -18"><span class='ocrx_word' id='word_1_49' title='bbox 123 815 272 880; x_wconf 83' lang='lat' dir='ltr'>stabitur.</span> <span class='ocrx_word' id='word_1_50' title='bbox 295 814 350 880; x_wconf 90' lang='lat' dir='ltr'>sed</span> <span class='ocrx_word' id='word_1_51' title='bbox 366 815 393 880; x_wconf 91' lang='lat' dir='ltr'>si</span> <span class='ocrx_word' id='word_1_52' title='bbox 404 815 545 898; x_wconf 86' lang='lat' dir='ltr'>pretium</span> <span class='ocrx_word' id='word_1_53' title='bbox 560 814 831 880; x_wconf 85' lang='lat' dir='ltr'>communicatum</span> <span class='ocrx_word' id='word_1_54' title='bbox 847 817 891 880; x_wconf 85' lang='lat' dir='ltr'>sit</span> <span class='ocrx_word' id='word_1_55' title='bbox 905 816 975 880; x_wconf 88' lang='lat' dir='ltr'>sine</span> <span class='ocrx_word' id='word_1_56' title='bbox 990 817 1137 881; x_wconf 80' lang='lat' dir='ltr'>cautione</span> 
     </span>
     <span class='ocr_line' id='line_1_8' title="bbox 122 903 1137 990; baseline 0 -20"><span class='ocrx_word' id='word_1_57' title='bbox 122 909 153 970; x_wconf 90' lang='lat' dir='ltr'>et</span> <span class='ocrx_word' id='word_1_58' title='bbox 190 903 313 988; x_wconf 88' lang='lat' dir='ltr'>aliquid</span> <span class='ocrx_word' id='word_1_59' title='bbox 348 905 549 988; x_wconf 85' lang='lat' dir='ltr'>praestiterit</span> <span class='ocrx_word' id='word_1_60' title='bbox 580 904 609 967; x_wconf 86' lang='lat' dir='ltr'>is</span> <span class='ocrx_word' id='word_1_61' title='bbox 642 903 697 987; x_wconf 91' lang='lat' dir='ltr'>qui</span> <span class='ocrx_word' id='word_1_62' title='bbox 728 903 883 984; x_wconf 82' lang='lat' dir='ltr'>vendidit,</span> <span class='ocrx_word' id='word_1_63' title='bbox 921 925 975 990; x_wconf 84' lang='lat' dir='ltr'>an,</span> <span class='ocrx_word' id='word_1_64' title='bbox 1012 905 1039 970; x_wconf 90' lang='lat' dir='ltr'>si</span> <span class='ocrx_word' id='word_1_65' title='bbox 1070 927 1137 970; x_wconf 92' lang='lat' dir='ltr'>non</span> 
     </span>
     <span class='ocr_line' id='line_1_9' title="bbox 124 991 1137 1076; baseline -0.001 -16"><span class='ocrx_word' id='word_1_66' title='bbox 124 1015 235 1060; x_wconf 88' lang='lat' dir='ltr'>omnes</span> <span class='ocrx_word' id='word_1_67' title='bbox 263 993 342 1058; x_wconf 86' lang='lat' dir='ltr'>socii</span> <span class='ocrx_word' id='word_1_68' title='bbox 366 993 520 1058; x_wconf 85' lang='lat' dir='ltr'>solvendo</span> <span class='ocrx_word' id='word_1_69' title='bbox 543 991 623 1075; x_wconf 85' lang='lat' dir='ltr'>sint,</span> <span class='ocrx_word' id='word_1_70' title='bbox 648 992 733 1076; x_wconf 91' lang='lat' dir='ltr'>quod</span> <span class='ocrx_word' id='word_1_71' title='bbox 757 1014 776 1056; x_wconf 83' lang='lat' dir='ltr'>a</span> <span class='ocrx_word' id='word_1_72' title='bbox 799 991 993 1075; x_wconf 87' lang='lat' dir='ltr'>quibusdam</span> <span class='ocrx_word' id='word_1_73' title='bbox 1016 995 1137 1059; x_wconf 85' lang='lat' dir='ltr'>servari</span> 
     </span>
     <span class='ocr_line' id='line_1_10' title="bbox 122 1079 1138 1238; baseline -0.002 0"><span class='ocrx_word' id='word_1_74' title='bbox 122 1105 188 1238; x_wconf 63' lang='lat'>{332¹</span> <span class='ocrx_word' id='word_1_75' title='bbox 214 1081 762 1237; x_wconf 49' lang='lat' dir='ltr'>{3tto.ttrittdtisssszd</span> <span class='ocrx_word' id='word_1_76' title='bbox 800 1079 951 1236; x_wconf 52' lang='lat' dir='ltr'>etit?</span> <span class='ocrx_word' id='word_1_77' title='bbox 953 1083 1025 1234; x_wconf 60' lang='lat'>¹1¹5?</span> <span class='ocrx_word' id='word_1_78' title='bbox 1041 1086 1138 1236; x_wconf 62' lang='lat' dir='ltr'>{dt</span> 
     </span>
     <span class='ocr_line' id='line_1_11' title="bbox 123 1192 1136 1350; baseline -0.002 -24"><span class='ocrx_word' id='word_1_79' title='bbox 123 1261 246 1350; x_wconf 83' lang='lat' dir='ltr'>servari</span> <span class='ocrx_word' id='word_1_80' title='bbox 264 1281 332 1325; x_wconf 89' lang='lat' dir='ltr'>non</span> <span class='ocrx_word' id='word_1_81' title='bbox 350 1263 466 1343; x_wconf 81' lang='lat' dir='ltr'>potest,</span> <span class='ocrx_word' id='word_1_82' title='bbox 489 1193 679 1343; x_wconf 53' lang='lat' dir='ltr'>rationique</span> <span class='ocrx_word' id='word_1_83' title='bbox 697 1193 826 1324; x_wconf 71' lang='lat' dir='ltr'>defeniii</span> <span class='ocrx_word' id='word_1_84' title='bbox 845 1280 950 1344; x_wconf 88' lang='lat' dir='ltr'>posse,</span> <span class='ocrx_word' id='word_1_85' title='bbox 974 1192 1136 1342; x_wconf 53' lang='lat' dir='ltr'>quinium,</span> 
     </span>
     <span class='ocr_line' id='line_1_12' title="bbox 124 1348 1136 1432; baseline -0.004 -16"><span class='ocrx_word' id='word_1_86' title='bbox 124 1351 263 1416; x_wconf 84' lang='lat' dir='ltr'>societas</span> <span class='ocrx_word' id='word_1_87' title='bbox 287 1370 357 1413; x_wconf 91' lang='lat' dir='ltr'>cum</span> <span class='ocrx_word' id='word_1_88' title='bbox 382 1348 592 1432; x_wconf 85' lang='lat' dir='ltr'>contrahitur,</span> <span class='ocrx_word' id='word_1_89' title='bbox 615 1352 684 1413; x_wconf 83' lang='lat' dir='ltr'>tem</span> <span class='ocrx_word' id='word_1_90' title='bbox 707 1348 789 1412; x_wconf 89' lang='lat' dir='ltr'>lucri</span> <span class='ocrx_word' id='word_1_91' title='bbox 808 1370 905 1432; x_wconf 83' lang='lat' dir='ltr'>quem</span> <span class='ocrx_word' id='word_1_92' title='bbox 924 1348 1033 1413; x_wconf 86' lang='lat' dir='ltr'>damni</span> <span class='ocrx_word' id='word_1_93' title='bbox 1052 1369 1136 1414; x_wconf 91' lang='lat' dir='ltr'>eom-</span> 
     </span>
     <span class='ocr_line' id='line_1_13' title="bbox 121 1438 364 1504; baseline -0.012 0"><span class='ocrx_word' id='word_1_94' title='bbox 121 1438 232 1504; x_wconf 90' lang='lat' dir='ltr'>munio</span> <span class='ocrx_word' id='word_1_95' title='bbox 255 1439 364 1502; x_wconf 87' lang='lat' dir='ltr'>initur.</span> 
     </span>
    </p>

    <p class='ocr_par' dir='ltr' id='par_1_3' title="bbox 120 1524 1136 2055">
     <span class='ocr_line' id='line_1_14' title="bbox 207 1524 1134 1610; baseline 0 -20"><span class='ocrx_word' id='word_1_96' title='bbox 207 1528 259 1592; x_wconf 79' lang='lat'>47.</span> <span class='ocrx_word' id='word_1_97' title='bbox 283 1525 322 1591; x_wconf 90' lang='lat' dir='ltr'>D.</span> <span class='ocrx_word' id='word_1_98' title='bbox 336 1527 367 1610; x_wconf 94' lang='grc'>2,</span> <span class='ocrx_word' id='word_1_99' title='bbox 382 1525 434 1609; x_wconf 89' lang='grc'>14,</span> <span class='ocrx_word' id='word_1_100' title='bbox 448 1527 490 1592; x_wconf 81' lang='grc'>27</span> <span class='ocrx_word' id='word_1_101' title='bbox 499 1548 547 1610; x_wconf 90' lang='lat' dir='ltr'>pr.</span> <span class='ocrx_word' id='word_1_102' title='bbox 583 1524 704 1590; x_wconf 86' lang='lat' dir='ltr'>Paulus</span> <span class='ocrx_word' id='word_1_103' title='bbox 723 1525 808 1590; x_wconf 89' lang='lat' dir='ltr'>libro</span> <span class='ocrx_word' id='word_1_104' title='bbox 827 1525 923 1591; x_wconf 88' lang='lat' dir='ltr'>tertio</span> <span class='ocrx_word' id='word_1_105' title='bbox 939 1525 979 1590; x_wconf 90' lang='lat' dir='ltr'>ad</span> <span class='ocrx_word' id='word_1_106' title='bbox 995 1525 1134 1590; x_wconf 88' lang='lat' dir='ltr'>edietum</span> 
     </span>
     <span class='ocr_line' id='line_1_15' title="bbox 121 1611 1135 1702; baseline -0.004 -20"><span class='ocrx_word' id='word_1_107' title='bbox 121 1615 170 1702; x_wconf 91' lang='lat' dir='ltr'>(P.</span> <span class='ocrx_word' id='word_1_108' title='bbox 191 1611 280 1702; x_wconf 76' lang='lat'><strong>127).</strong></span> <span class='ocrx_word' id='word_1_109' title='bbox 307 1651 343 1662; x_wconf 95' lang='lat'><em>-</em></span> <span class='ocrx_word' id='word_1_110' title='bbox 371 1613 405 1680; x_wconf 83' lang='lat' dir='ltr'>Si</span> <span class='ocrx_word' id='word_1_111' title='bbox 432 1637 514 1679; x_wconf 87' lang='lat' dir='ltr'>unus</span> <span class='ocrx_word' id='word_1_112' title='bbox 544 1636 582 1679; x_wconf 82' lang='lat' dir='ltr'>ex</span> <span class='ocrx_word' id='word_1_113' title='bbox 610 1614 803 1700; x_wconf 76' lang='lat' dir='ltr'>argentariis</span> <span class='ocrx_word' id='word_1_114' title='bbox 832 1613 927 1679; x_wconf 89' lang='lat' dir='ltr'>sociis</span> <span class='ocrx_word' id='word_1_115' title='bbox 951 1637 1023 1679; x_wconf 94' lang='lat' dir='ltr'>cum</span> <span class='ocrx_word' id='word_1_116' title='bbox 1047 1615 1135 1678; x_wconf 91' lang='lat' dir='ltr'>debi-</span> 
     </span>
     <span class='ocr_line' id='line_1_16' title="bbox 120 1702 1135 1789; baseline -0.004 -18"><span class='ocrx_word' id='word_1_117' title='bbox 120 1711 188 1771; x_wconf 85' lang='lat' dir='ltr'>tore</span> <span class='ocrx_word' id='word_1_118' title='bbox 227 1707 343 1789; x_wconf 88' lang='lat' dir='ltr'>pactus</span> <span class='ocrx_word' id='word_1_119' title='bbox 380 1704 436 1788; x_wconf 86' lang='lat' dir='ltr'>sit,</span> <span class='ocrx_word' id='word_1_120' title='bbox 473 1725 515 1770; x_wconf 90' lang='lat' dir='ltr'>an</span> <span class='ocrx_word' id='word_1_121' title='bbox 552 1703 651 1768; x_wconf 86' lang='lat' dir='ltr'>etiam</span> <span class='ocrx_word' id='word_1_122' title='bbox 688 1703 782 1768; x_wconf 86' lang='lat' dir='ltr'>elteri</span> <span class='ocrx_word' id='word_1_123' title='bbox 817 1708 933 1769; x_wconf 85' lang='lat' dir='ltr'>noceat·</span> <span class='ocrx_word' id='word_1_124' title='bbox 965 1702 1135 1788; x_wconf 80' lang='lat' dir='ltr'>exceptio?</span> 
     </span>
     <span class='ocr_line' id='line_1_17' title="bbox 120 1791 1136 1878; baseline -0.003 -18"><span class='ocrx_word' id='word_1_125' title='bbox 120 1793 276 1860; x_wconf 82' lang='lat' dir='ltr'>Neratius</span> <span class='ocrx_word' id='word_1_126' title='bbox 298 1792 470 1858; x_wconf 84' lang='lat' dir='ltr'>Atilicinus</span> <span class='ocrx_word' id='word_1_127' title='bbox 489 1792 656 1878; x_wconf 72' lang='lat' dir='ltr'>Proculae,</span> <span class='ocrx_word' id='word_1_128' title='bbox 677 1813 736 1857; x_wconf 88' lang='lat' dir='ltr'>nec</span> <span class='ocrx_word' id='word_1_129' title='bbox 759 1791 786 1856; x_wconf 87' lang='lat' dir='ltr'>si</span> <span class='ocrx_word' id='word_1_130' title='bbox 809 1793 841 1856; x_wconf 90' lang='lat' dir='ltr'>in</span> <span class='ocrx_word' id='word_1_131' title='bbox 861 1814 929 1857; x_wconf 91' lang='lat' dir='ltr'>rem</span> <span class='ocrx_word' id='word_1_132' title='bbox 948 1797 1062 1875; x_wconf 87' lang='lat' dir='ltr'>pactus</span> <span class='ocrx_word' id='word_1_133' title='bbox 1082 1793 1136 1876; x_wconf 84' lang='lat' dir='ltr'>sit,</span> 
     </span>
     <span class='ocr_line' id='line_1_18' title="bbox 121 1881 1136 1967; baseline -0.002 -19"><span class='ocrx_word' id='word_1_134' title='bbox 121 1884 217 1948; x_wconf 87' lang='lat' dir='ltr'>alteri</span> <span class='ocrx_word' id='word_1_135' title='bbox 244 1903 375 1966; x_wconf 84' lang='lat' dir='ltr'>nocere;</span> <span class='ocrx_word' id='word_1_136' title='bbox 402 1885 529 1946; x_wconf 88' lang='lat' dir='ltr'>tantum</span> <span class='ocrx_word' id='word_1_137' title='bbox 558 1882 645 1946; x_wconf 90' lang='lat' dir='ltr'>enim</span> <span class='ocrx_word' id='word_1_138' title='bbox 674 1881 901 1967; x_wconf 82' lang='lat' dir='ltr'>constitutum,</span> <span class='ocrx_word' id='word_1_139' title='bbox 930 1885 967 1946; x_wconf 90' lang='lat' dir='ltr'>ut</span> <span class='ocrx_word' id='word_1_140' title='bbox 995 1882 1136 1947; x_wconf 88' lang='lat' dir='ltr'>solidum</span> 
     </span>
     <span class='ocr_line' id='line_1_19' title="bbox 121 1971 474 2055; baseline -0.006 -19"><span class='ocrx_word' id='word_1_141' title='bbox 121 1972 206 2036; x_wconf 86' lang='lat' dir='ltr'>alter</span> <span class='ocrx_word' id='word_1_142' title='bbox 229 1975 339 2054; x_wconf 83' lang='lat' dir='ltr'>petere</span> <span class='ocrx_word' id='word_1_143' title='bbox 361 1971 474 2055; x_wconf 87' lang='lat' dir='ltr'>possit.</span> 
     </span>
    </p>

    <p class='ocr_par' dir='ltr' id='par_1_4' title="bbox 122 2056 1187 2481">
     <span class='ocr_line' id='line_1_20' title="bbox 207 2056 1135 2143; baseline -0.001 -18"><span class='ocrx_word' id='word_1_144' title='bbox 207 2061 261 2127; x_wconf 86' lang='lat'>48.</span> <span class='ocrx_word' id='word_1_145' title='bbox 289 2059 327 2124; x_wconf 91' lang='lat' dir='ltr'>D.</span> <span class='ocrx_word' id='word_1_146' title='bbox 350 2061 399 2143; x_wconf 81' lang='lat'>17,</span> <span class='ocrx_word' id='word_1_147' title='bbox 418 2060 449 2143; x_wconf 83' lang='lat'>2,</span> <span class='ocrx_word' id='word_1_148' title='bbox 469 2058 567 2142; x_wconf 87' lang='lat' dir='ltr'>65pr.</span> <span class='ocrx_word' id='word_1_149' title='bbox 612 2056 731 2124; x_wconf 80' lang='lat' dir='ltr'>Paulus</span> <span class='ocrx_word' id='word_1_150' title='bbox 760 2059 843 2123; x_wconf 90' lang='lat' dir='ltr'>libro</span> <span class='ocrx_word' id='word_1_151' title='bbox 870 2058 1061 2143; x_wconf 83' lang='lat' dir='ltr'>trigensimo</span> <span class='ocrx_word' id='word_1_152' title='bbox 1086 2081 1135 2124; x_wconf 86' lang='lat' dir='ltr'>se-</span> 
     </span>
     <span class='ocr_line' id='line_1_21' title="bbox 122 2145 1137 2233; baseline -0.001 -18"><span class='ocrx_word' id='word_1_153' title='bbox 122 2149 227 2215; x_wconf 87' lang='lat' dir='ltr'>cundo</span> <span class='ocrx_word' id='word_1_154' title='bbox 261 2149 301 2212; x_wconf 86' lang='lat' dir='ltr'>ad</span> <span class='ocrx_word' id='word_1_155' title='bbox 335 2149 474 2213; x_wconf 89' lang='lat' dir='ltr'>edictum</span> <span class='ocrx_word' id='word_1_156' title='bbox 508 2145 558 2233; x_wconf 92' lang='lat' dir='ltr'>(P.</span> <span class='ocrx_word' id='word_1_157' title='bbox 578 2146 669 2232; x_wconf 82' lang='lat'><strong>495).</strong></span> <span class='ocrx_word' id='word_1_158' title='bbox 696 2184 738 2194; x_wconf 91' lang='lat'>—</span> <span class='ocrx_word' id='word_1_159' title='bbox 768 2145 951 2213; x_wconf 85' lang='lat' dir='ltr'>Proculus.</span> <span class='ocrx_word' id='word_1_160' title='bbox 970 2197 978 2214; x_wconf 92' lang='lat'><strong>.</strong></span> <span class='ocrx_word' id='word_1_161' title='bbox 997 2149 1043 2213; x_wconf 87' lang='lat' dir='ltr'>eit</span> <span class='ocrx_word' id='word_1_162' title='bbox 1074 2149 1137 2214; x_wconf 87' lang='lat' dir='ltr'>hoo</span> 
     </span>
     <span class='ocr_line' id='line_1_22' title="bbox 122 2236 1135 2322; baseline 0 -19"><span class='ocrx_word' id='word_1_163' title='bbox 122 2239 194 2322; x_wconf 88' lang='lat' dir='ltr'>ipso</span> <span class='ocrx_word' id='word_1_164' title='bbox 235 2237 320 2322; x_wconf 91' lang='lat' dir='ltr'>quod</span> <span class='ocrx_word' id='word_1_165' title='bbox 352 2236 506 2302; x_wconf 89' lang='lat' dir='ltr'>iudicium</span> <span class='ocrx_word' id='word_1_166' title='bbox 537 2236 609 2302; x_wconf 93' lang='lat' dir='ltr'>ideo</span> <span class='ocrx_word' id='word_1_167' title='bbox 642 2237 797 2301; x_wconf 84' lang='lat' dir='ltr'>dictatum</span> <span class='ocrx_word' id='word_1_168' title='bbox 829 2240 892 2321; x_wconf 86' lang='lat' dir='ltr'>est,</span> <span class='ocrx_word' id='word_1_169' title='bbox 929 2241 966 2302; x_wconf 89' lang='lat' dir='ltr'>ut</span> <span class='ocrx_word' id='word_1_170' title='bbox 998 2238 1135 2303; x_wconf 83' lang='lat' dir='ltr'>societas</span> 
     </span>
     <span class='ocr_line' id='line_1_23' title="bbox 123 2326 1187 2411; baseline -0.001 -19"><span class='ocrx_word' id='word_1_171' title='bbox 123 2326 335 2411; x_wconf 81' lang='lat' dir='ltr'>distrahatur,</span> <span class='ocrx_word' id='word_1_172' title='bbox 356 2327 576 2390; x_wconf 85' lang='lat' dir='ltr'>renuntiatam</span> <span class='ocrx_word' id='word_1_173' title='bbox 600 2327 797 2410; x_wconf 85' lang='lat' dir='ltr'>societatem,</span> <span class='ocrx_word' id='word_1_174' title='bbox 820 2327 888 2390; x_wconf 87' lang='lat' dir='ltr'>sive</span> <span class='ocrx_word' id='word_1_175' title='bbox 910 2329 1056 2391; x_wconf 83' lang='lat' dir='ltr'>totorum</span> <span class='ocrx_word' id='word_1_176' title='bbox 1079 2327 1136 2392; x_wconf 94' lang='lat' dir='ltr'>bo·</span> <span class='ocrx_word' id='word_1_177' title='bbox 1185 2330 1187 2334; x_wconf 84' lang='grc'><strong>’</strong></span> 
     </span>
     <span class='ocr_line' id='line_1_24' title="bbox 123 2414 866 2481; baseline -0.003 0"><span class='ocrx_word' id='word_1_178' title='bbox 123 2436 240 2481; x_wconf 92' lang='lat' dir='ltr'>norum</span> <span class='ocrx_word' id='word_1_179' title='bbox 263 2414 331 2480; x_wconf 86' lang='lat' dir='ltr'>sive</span> <span class='ocrx_word' id='word_1_180' title='bbox 354 2414 450 2480; x_wconf 84' lang='lat' dir='ltr'>unius</span> <span class='ocrx_word' id='word_1_181' title='bbox 473 2414 520 2478; x_wconf 89' lang='lat' dir='ltr'>rei</span> <span class='ocrx_word' id='word_1_182' title='bbox 544 2415 682 2480; x_wconf 82' lang='lat' dir='ltr'>societas</span> <span class='ocrx_word' id='word_1_183' title='bbox 705 2414 790 2480; x_wconf 85' lang='lat' dir='ltr'>coita</span> <span class='ocrx_word' id='word_1_184' title='bbox 814 2415 866 2480; x_wconf 87' lang='lat' dir='ltr'>sit.</span> 
     </span>
    </p>
   </div>
   <div class='ocr_carea' id='block_1_3' title="bbox 484 2591 774 2658">
    <p class='ocr_par' dir='ltr' id='par_1_5' title="bbox 484 2591 774 2658">
     <span class='ocr_line' id='line_1_25' title="bbox 484 2591 774 2658; baseline 0 -2"><span class='ocrx_word' id='word_1_185' title='bbox 484 2591 534 2658; x_wconf 86' lang='lat' dir='ltr'>Dc</span> <span class='ocrx_word' id='word_1_186' title='bbox 557 2593 774 2658; x_wconf 81' lang='lat' dir='ltr'>commuuione.</span> 
     </span>
    </p>
   </div>
   <div class='ocr_carea' id='block_1_4' title="bbox 118 2711 1135 3510">
    <p class='ocr_par' dir='ltr' id='par_1_6' title="bbox 118 2711 1135 3227">
     <span class='ocr_line' id='line_1_26' title="bbox 208 2711 1135 2802; baseline 0 -20"><span class='ocrx_word' id='word_1_187' title='bbox 208 2717 262 2782; x_wconf 87' lang='grc'>49.</span> <span class='ocrx_word' id='word_1_188' title='bbox 295 2715 333 2781; x_wconf 93' lang='lat' dir='ltr'>D.</span> <span class='ocrx_word' id='word_1_189' title='bbox 359 2717 412 2796; x_wconf 91' lang='grc'>10,</span> <span class='ocrx_word' id='word_1_190' title='bbox 435 2717 471 2800; x_wconf 94' lang='grc'>2,</span> <span class='ocrx_word' id='word_1_191' title='bbox 495 2716 538 2782; x_wconf 82' lang='grc'>52</span> <span class='ocrx_word' id='word_1_192' title='bbox 546 2738 593 2798; x_wconf 89' lang='lat' dir='ltr'>pr.</span> <span class='ocrx_word' id='word_1_193' title='bbox 642 2713 731 2780; x_wconf 86' lang='lat' dir='ltr'>Idem</span> <span class='ocrx_word' id='word_1_194' title='bbox 765 2712 822 2802; x_wconf 86' lang='lat' dir='ltr'>(sc.</span> <span class='ocrx_word' id='word_1_195' title='bbox 854 2711 1015 2800; x_wconf 87' lang='lat' dir='ltr'>Iulianus)</span> <span class='ocrx_word' id='word_1_196' title='bbox 1048 2715 1135 2782; x_wconf 88' lang='lat' dir='ltr'>libro</span> 
     </span>
     <span class='ocr_line' id='line_1_27' title="bbox 121 2802 1135 2889; baseline -0.002 -17"><span class='ocrx_word' id='word_1_197' title='bbox 121 2807 262 2872; x_wconf 87' lang='lat' dir='ltr'>secundo</span> <span class='ocrx_word' id='word_1_198' title='bbox 294 2804 334 2870; x_wconf 89' lang='lat' dir='ltr'>ad</span> <span class='ocrx_word' id='word_1_199' title='bbox 361 2803 513 2871; x_wconf 85' lang='lat' dir='ltr'>Urseium</span> <span class='ocrx_word' id='word_1_200' title='bbox 540 2803 695 2870; x_wconf 86' lang='lat' dir='ltr'>Ferocem</span> <span class='ocrx_word' id='word_1_201' title='bbox 722 2802 772 2889; x_wconf 87' lang='lat' dir='ltr'>(P.</span> <span class='ocrx_word' id='word_1_202' title='bbox 792 2804 881 2887; x_wconf 89' lang='grc'>896).</span> <span class='ocrx_word' id='word_1_203' title='bbox 912 2841 949 2850; x_wconf 89' lang='grc'><strong>-</strong></span> <span class='ocrx_word' id='word_1_204' title='bbox 980 2802 1135 2887; x_wconf 81' lang='lat' dir='ltr'>Maevius,</span> 
     </span>
     <span class='ocr_line' id='line_1_28' title="bbox 118 2893 1134 2980; baseline -0.001 -20"><span class='ocrx_word' id='word_1_205' title='bbox 118 2896 173 2980; x_wconf 91' lang='lat' dir='ltr'>qui</span> <span class='ocrx_word' id='word_1_206' title='bbox 208 2917 267 2960; x_wconf 85' lang='lat' dir='ltr'>nos</span> <span class='ocrx_word' id='word_1_207' title='bbox 299 2894 433 2960; x_wconf 89' lang='lat' dir='ltr'>heredes</span> <span class='ocrx_word' id='word_1_208' title='bbox 465 2893 554 2976; x_wconf 87' lang='lat' dir='ltr'>fecit,</span> <span class='ocrx_word' id='word_1_209' title='bbox 586 2915 655 2958; x_wconf 88' lang='lat' dir='ltr'>rem</span> <span class='ocrx_word' id='word_1_210' title='bbox 687 2914 888 2958; x_wconf 91' lang='lat' dir='ltr'>communem</span> <span class='ocrx_word' id='word_1_211' title='bbox 918 2893 1033 2959; x_wconf 84' lang='lat' dir='ltr'>habuit</span> <span class='ocrx_word' id='word_1_212' title='bbox 1061 2915 1134 2959; x_wconf 92' lang='lat' dir='ltr'>cum</span> 
     </span>
     <span class='ocr_line' id='line_1_29' title="bbox 121 2980 1135 3066; baseline -0.002 -16"><span class='ocrx_word' id='word_1_213' title='bbox 121 2982 229 3050; x_wconf 85' lang='lat' dir='ltr'>Attio:</span> <span class='ocrx_word' id='word_1_214' title='bbox 254 2983 282 3048; x_wconf 85' lang='lat' dir='ltr'>si</span> <span class='ocrx_word' id='word_1_215' title='bbox 305 3005 379 3048; x_wconf 89' lang='lat' dir='ltr'>eum</span> <span class='ocrx_word' id='word_1_216' title='bbox 398 2980 492 3048; x_wconf 85' lang='lat' dir='ltr'>Attio</span> <span class='ocrx_word' id='word_1_217' title='bbox 517 2983 678 3048; x_wconf 89' lang='lat' dir='ltr'>communi</span> <span class='ocrx_word' id='word_1_218' title='bbox 701 2982 874 3048; x_wconf 88' lang='lat' dir='ltr'>dividundo</span> <span class='ocrx_word' id='word_1_219' title='bbox 899 2982 1078 3066; x_wconf 86' lang='lat' dir='ltr'>egissemus</span> <span class='ocrx_word' id='word_1_220' title='bbox 1103 2987 1135 3048; x_wconf 86' lang='lat' dir='ltr'>et</span> 
     </span>
     <span class='ocr_line' id='line_1_30' title="bbox 121 3071 1134 3157; baseline -0.002 -19"><span class='ocrx_word' id='word_1_221' title='bbox 121 3074 217 3138; x_wconf 88' lang='lat' dir='ltr'>nobis</span> <span class='ocrx_word' id='word_1_222' title='bbox 242 3094 279 3137; x_wconf 89' lang='lat' dir='ltr'>ea</span> <span class='ocrx_word' id='word_1_223' title='bbox 301 3093 352 3136; x_wconf 86' lang='lat' dir='ltr'>res</span> <span class='ocrx_word' id='word_1_224' title='bbox 377 3071 558 3136; x_wconf 85' lang='lat' dir='ltr'>adiudicata</span> <span class='ocrx_word' id='word_1_225' title='bbox 581 3075 675 3157; x_wconf 88' lang='lat' dir='ltr'>esset,</span> <span class='ocrx_word' id='word_1_226' title='bbox 695 3076 867 3137; x_wconf 86' lang='lat' dir='ltr'>venturam</span> <span class='ocrx_word' id='word_1_227' title='bbox 890 3092 961 3136; x_wconf 89' lang='lat' dir='ltr'>eam</span> <span class='ocrx_word' id='word_1_228' title='bbox 985 3072 1019 3136; x_wconf 88' lang='lat' dir='ltr'>in</span> <span class='ocrx_word' id='word_1_229' title='bbox 1042 3073 1134 3136; x_wconf 88' lang='lat' dir='ltr'>fami·</span> 
     </span>
     <span class='ocr_line' id='line_1_31' title="bbox 119 3158 808 3227; baseline 0 -2"><span class='ocrx_word' id='word_1_230' title='bbox 119 3161 181 3226; x_wconf 80' lang='lat' dir='ltr'>liae</span> <span class='ocrx_word' id='word_1_231' title='bbox 206 3161 410 3227; x_wconf 89' lang='lat' dir='ltr'>erciscundae</span> <span class='ocrx_word' id='word_1_232' title='bbox 432 3160 550 3226; x_wconf 93' lang='lat' dir='ltr'>iudicio</span> <span class='ocrx_word' id='word_1_233' title='bbox 573 3158 729 3226; x_wconf 89' lang='lat' dir='ltr'>Proculus</span> <span class='ocrx_word' id='word_1_234' title='bbox 753 3159 808 3225; x_wconf 84' lang='lat' dir='ltr'>ait.</span> 
     </span>
    </p>

    <p class='ocr_par' dir='ltr' id='par_1_7' title="bbox 119 3247 1129 3510">
     <span class='ocr_line' id='line_1_32' title="bbox 208 3247 1125 3333; baseline -0.002 -17"><span class='ocrx_word' id='word_1_235' title='bbox 208 3248 261 3316; x_wconf 86' lang='lat'>50.</span> <span class='ocrx_word' id='word_1_236' title='bbox 282 3250 321 3315; x_wconf 94' lang='lat' dir='ltr'>D.</span> <span class='ocrx_word' id='word_1_237' title='bbox 337 3251 366 3333; x_wconf 91' lang='lat'>8,</span> <span class='ocrx_word' id='word_1_238' title='bbox 380 3249 411 3329; x_wconf 90' lang='grc'>2,</span> <span class='ocrx_word' id='word_1_239' title='bbox 428 3249 467 3314; x_wconf 86' lang='lat'>19</span> <span class='ocrx_word' id='word_1_240' title='bbox 475 3272 522 3332; x_wconf 87' lang='lat' dir='ltr'>pr.</span> <span class='ocrx_word' id='word_1_241' title='bbox 559 3248 677 3314; x_wconf 87' lang='lat' dir='ltr'>Paulus</span> <span class='ocrx_word' id='word_1_242' title='bbox 697 3251 781 3314; x_wconf 91' lang='lat' dir='ltr'>libro</span> <span class='ocrx_word' id='word_1_243' title='bbox 801 3252 891 3314; x_wconf 85' lang='lat' dir='ltr'>sexto</span> <span class='ocrx_word' id='word_1_244' title='bbox 912 3248 951 3313; x_wconf 88' lang='lat' dir='ltr'>ad</span> <span class='ocrx_word' id='word_1_245' title='bbox 970 3247 1125 3314; x_wconf 85' lang='lat' dir='ltr'>Sabinum</span> 
     </span>
     <span class='ocr_line' id='line_1_33' title="bbox 119 3335 1129 3426; baseline -0.003 -22"><span class='ocrx_word' id='word_1_246' title='bbox 119 3335 169 3425; x_wconf 92' lang='lat' dir='ltr'>(P.</span> <span class='ocrx_word' id='word_1_247' title='bbox 186 3337 295 3426; x_wconf 80' lang='lat'><strong>1738).</strong></span> <span class='ocrx_word' id='word_1_248' title='bbox 315 3375 357 3385; x_wconf 93' lang='lat'>—</span> <span class='ocrx_word' id='word_1_249' title='bbox 377 3337 535 3404; x_wconf 80' lang='lat' dir='ltr'>Fistulam</span> <span class='ocrx_word' id='word_1_250' title='bbox 557 3337 699 3403; x_wconf 87' lang='lat' dir='ltr'>iunctam</span> <span class='ocrx_word' id='word_1_251' title='bbox 717 3339 834 3423; x_wconf 89' lang='lat' dir='ltr'>parieti</span> <span class='ocrx_word' id='word_1_252' title='bbox 852 3339 1024 3422; x_wconf 87' lang='lat' dir='ltr'>communi,</span> <span class='ocrx_word' id='word_1_253' title='bbox 1048 3359 1129 3422; x_wconf 85' lang='lat' dir='ltr'>quae</span> 
     </span>
     <span class='ocr_line' id='line_1_34' title="bbox 119 3427 1129 3510; baseline -0.005 -18"><span class='ocrx_word' id='word_1_254' title='bbox 119 3433 176 3493; x_wconf 84' lang='lat' dir='ltr'>aut</span> <span class='ocrx_word' id='word_1_255' title='bbox 203 3450 242 3494; x_wconf 86' lang='lat' dir='ltr'>ex</span> <span class='ocrx_word' id='word_1_256' title='bbox 269 3427 403 3493; x_wconf 87' lang='lat' dir='ltr'>castello</span> <span class='ocrx_word' id='word_1_257' title='bbox 431 3432 487 3492; x_wconf 87' lang='lat' dir='ltr'>aut</span> <span class='ocrx_word' id='word_1_258' title='bbox 514 3448 553 3490; x_wconf 88' lang='lat' dir='ltr'>ex</span> <span class='ocrx_word' id='word_1_259' title='bbox 579 3428 668 3492; x_wconf 88' lang='lat' dir='ltr'>caelo</span> <span class='ocrx_word' id='word_1_260' title='bbox 697 3448 814 3510; x_wconf 83' lang='lat' dir='ltr'>aquam</span> <span class='ocrx_word' id='word_1_261' title='bbox 841 3427 940 3508; x_wconf 80' lang='lat' dir='ltr'>capit,</span> <span class='ocrx_word' id='word_1_262' title='bbox 968 3447 1033 3490; x_wconf 90' lang='lat' dir='ltr'>nou</span> <span class='ocrx_word' id='word_1_263' title='bbox 1056 3429 1129 3488; x_wconf 89' lang='lat' dir='ltr'>iure</span> 
     </span>
    </p>
   </div>
   <div class='ocr_carea' id='block_1_5' title="bbox 192 3585 354 3642">
    <p class='ocr_par' dir='ltr' id='par_1_8' title="bbox 192 3585 354 3642">
     <span class='ocr_line' id='line_1_35' title="bbox 192 3585 354 3642; baseline 0.019 -3"><span class='ocrx_word' id='word_1_264' title='bbox 192 3590 207 3639; x_wconf 95' lang='lat'>1</span> <span class='ocrx_word' id='word_1_265' title='bbox 227 3585 275 3642; x_wconf 80' lang='lat' dir='ltr'>Fr.</span> <span class='ocrx_word' id='word_1_266' title='bbox 295 3585 354 3642; x_wconf 84' lang='lat' dir='ltr'>sed.</span> 
     </span>
    </p>
   </div>
   <div class='ocr_carea' id='block_1_6' title="bbox 0 0 1302 3902">
    <p class='ocr_par' dir='ltr' id='par_1_9' title="bbox 0 0 1302 3902">
     <span class='ocr_line' id='line_1_36' title="bbox 0 0 1302 3902; baseline 0 0"><span class='ocrx_word' id='word_1_267' title='bbox 0 0 1302 3902; x_wconf 95' lang='lat' dir='ltr'> </span> 
     </span>
    </p>
   </div>
  </div>
 </body>
</html>
