2596 3902
167 183 230 257 120
244 192 291 248 ΠΙ.
301 191 377 247 GAII
388 192 536 248 CLAUDII
544 191 678 248 NERON.
689 188 834 248 GALBAE
846 193 952 250 ΤΕΜΡ.
963 193 1059 249 IURIS
1070 193 1172 250 CONS.

558 373 609 438 De
630 375 776 440 societate.

255 497 304 563 15.
337 496 375 562 D.
395 498 447 581 17,
465 498 495 578 2,
514 497 565 561 76.
585 498 636 562 78.
655 499 706 563 80.
757 497 912 562 Proculus
944 498 1028 562 libro
1059 499 1172 583 quinto

163 585 259 670 Epist
245 587 394 652 t.ularum
418 621 461 632 —
484 583 661 651 Societatem
685 607 802 652 meeum
824 588 911 652 eoisti
932 607 969 652 eo
991 588 1174 674 concitatore,

162 675 322 741 utNeruo
345 676 463 778 amicus
485 676 655 740 eommunis
671 679 778 757 portes
800 676 951 742 societatis
974 677 1173 742 constitueret.

163 765 269 829 Neruo
286 766 429 830 eonstitm
383 765 452 849 tuit,
468 768 505 828 ut
522 769 555 828 tu
572 785 608 829 ea
626 765 734 829 triente
751 765 850 830 sooius
865 784 950 849 esses,
968 784 1020 848 epo
1034 785 1072 830 en
1085 765 1174 831 besse.

163 854 300 955 quomis,
331 858 437 918 utrum
467 856 572 918 ratum
604 853 677 918 iel
664 873 732 917 orere
758 853 909 918 societatis
935 854 978 918 sit
1006 874 1049 918 on
1074 853 1174 919 nibilo

163 943 267 1006 minus
293 961 330 1006 en
357 943 463 1024 aequis
483 941 628 1024 portibus
654 942 730 1006 sooii
756 943 862 1007 simus.
907 943 1046 1008 eaisttmo
1071 947 1175 1016 numm

162 1031 307 1096 meliust
295 1036 322 1095 te
343 1032 555 1132 quaesiturum
569 1029 679 1116 fuisse,
700 1034 736 1095 ut
735 1051 806 1094 rum
823 1050 860 1096 en
873 1030 926 1096 bis
939 1035 1019 1133 port
1003 1030 1082 1096 tebius
1099 1032 1176 1097 soeii

163 1139 293 1184 essemus
310 1139 388 1201 quas
406 1120 434 1184 is
453 1119 662 1203 constituisset,
680 1139 723 1184 au
742 1140 779 1185 en
791 1118 840 1184 bis
853 1138 932 1201 meos
944 1120 1047 1184 uirum
1061 1119 1174 1185 bonnm

162 1209 340 1273 constituere
375 1208 561 1290 oportuisset.
615 1168 804 1273 arbitrorum
840 1209 924 1273 enim
956 1228 1069 1311 ponera
1099 1201 1176 1274 sunt

162 1298 230 1362 elno.
270 1317 370 1361 unum
391 1297 615 1379 elumolium
579 1297 699 1361 usiae
721 1317 852 1379 mquam
874 1298 916 1362 sit
936 1298 999 1362 sine
1021 1298 1173 1400 iniquum

158 1406 268 1468 parere
289 1385 463 1467 debeamus,
490 1385 572 1467 quool
592 1385 780 1470 observatur,
807 1406 876 1450 oum
898 1406 935 1451 en
956 1387 1174 1489 compromisso

1287 97 1290 202 l

1289 215 1291 270 l

161 1476 205 1539 ael
225 1475 307 1539 arbit
295 1480 378 1539 trum
399 1475 478 1538 itum
500 1477 551 1557 est,
573 1473 619 1538 alt
607 1478 705 1538 turem
728 1475 885 1558 eiusmodi,
906 1478 942 1540 ut
963 1475 1006 1539 od
1023 1475 1094 1540 boni
1110 1475 1174 1539 oiri
1290 1541 1291 1556 p

162 1563 325 1628 arbitrium
347 1563 445 1645 relipi
466 1561 578 1644 debeat,
600 1564 655 1627 etsi
676 1564 862 1628 nominatim
878 1582 1015 1644 persono
1036 1563 1078 1628 sit
1095 1583 1173 1629 omri·

155 1651 427 1735 presumuntur
450 1650 604 1716 arbitratu
623 1652 688 1734 fiat.
709 1655 713 1731 Ι
733 1653 769 1717 in
780 1652 943 1734 proposita
961 1656 1063 1717 numm
1081 1673 1173 1734 quoa·
1287 1662 1290 1683 ⁴

161 1739 259 1805 stione
286 1740 452 1806 arbitrium
478 1740 541 1804 oiri
567 1739 638 1804 boni
663 1741 802 1805 eaistimo
828 1741 1012 1822 sequendum
1037 1761 1100 1806 esse
1123 1739 1175 1828 [eo

161 1829 262 1928 inopis
287 1829 369 1931 puori
395 1829 545 1893 inolieium
562 1849 622 1910 pro
644 1830 723 1894 soeio
747 1829 841 1894 bonae
863 1829 936 1911 fidei
963 1829 1054 1909 esti]
1074 1823 1177 1916 lquiel
1285 1890 1289 1910 ¹

162 1917 294 1982 enimsi
316 1917 422 1982 Nerua
444 1918 869 2001 constituissetutoltereu
891 1918 1056 1983 millesima
1074 1923 1175 2000 purte,
1286 1984 1288 2008 ἶ

161 2005 240 2072 alter
279 2026 316 2070 ea
349 2007 409 2072 duo
443 2005 614 2070 millesimis
641 2006 788 2088 partebus
818 2007 918 2072 socius
949 2006 1046 2071 esset?
1096 2007 1177 2072 illnol
1287 2009 1288 2028 l

156 2099 256 2178 potest
282 2096 458 2160 couveniens
484 2113 545 2159 esse
571 2096 633 2159 oiri
660 2094 730 2180 boni
757 2096 900 2174 arbitrio,
927 2100 964 2160 nt
985 2115 1049 2160 non
1070 2094 1176 2177 utique

162 2203 203 2249 ea
225 2183 331 2265 aequis
346 2183 491 2266 partebus
510 2185 586 2248 soeii
602 2185 709 2268 simios,
731 2184 823 2248 ueluti
840 2184 869 2249 si
886 2185 963 2249 alter
975 2184 1051 2266 plus
1068 2181 1177 2266 operae

161 2273 334 2338 industriae
352 2273 473 2356 pratloe
488 2273 639 2354 peeuniae
662 2273 890 2338 insacietatem
912 2272 1079 2338 collaturus
1100 2277 1174 2339 erat.
1293 2356 1295 2364 Ι

250 2383 287 2445 of.
305 2383 341 2442 D.
362 2385 413 2460 17,
433 2387 461 2462 2,
485 2386 502 2444 6
531 2383 714 2460 Pomponius
745 2383 821 2443 libro
853 2403 931 2444 nono
963 2384 1002 2443 sd
1031 2383 1176 2448 Sabinum
1292 2385 1293 2394 ’

162 2463 208 2554 (Ρ.
229 2464 316 2553 532).
367 2471 398 2531 Si
431 2473 604 2534 societatem
639 2491 756 2532 meeum
789 2472 895 2532 coieris
927 2491 963 2531 eu
995 2472 1176 2554 condicione,

161 2563 197 2621 ut
223 2564 325 2637 partes
353 2561 504 2622 societatis
533 2561 744 2639 constitueres,
771 2561 809 2620 sd
837 2560 908 2621 boni
933 2559 992 2621 viri
1015 2560 1176 2621 arbitrium
1291 2553 1295 2578 ²

163 2669 198 2709 sa
220 2669 268 2711 res
292 2650 454 2728 redigenda
472 2654 520 2710 est
539 2696 545 2709 .
565 2653 596 2709 et
614 2651 792 2710 conveniens
811 2653 856 2710 est
875 2649 933 2710 viri
951 2649 1175 2727 boninurbitrm,
1290 2658 1295 2670 “

161 2742 197 2798 ut
224 2759 283 2800 non
310 2740 415 2816 utique
443 2758 479 2799 ex
507 2740 609 2816 aequis
636 2739 773 2815 partibus
802 2739 875 2799 sosii
899 2739 1003 2815 simus,
1030 2738 1126 2800 veluti
1149 2739 1176 2803 si

161 2828 240 2887 ulter
261 2829 330 2905 plus
353 2848 461 2904 operas
484 2827 649 2888 industrius
672 2827 816 2905 pecunias
838 2829 869 2886 in
893 2827 1065 2888 societatem
1084 2827 1174 2887 collu-
1288 2822 1295 2834 “

163 2919 250 2974 turus
274 2916 322 2975 sit.
1165 2939 1168 2950 ·

524 2997 573 3063 De
595 2999 663 3064 iure
685 2999 811 3064 olotium.

251 3120 572 3206 1o.1s.50‚1s,125.
606 3121 693 3186 uem
709 3119 1045 3211 (sessonensium
1060 3075 1172 3207 quinto

161 3209 393 3294 Epistularum.
417 3247 459 3256 -
483 3209 592 3294 Nepos
615 3209 752 3276 Proculo
777 3231 834 3276 suo
858 3211 1004 3277 sulutem.
1048 3207 1101 3276 Ab
1125 3231 1172 3295 soj
1287 3239 1288 3242 ¹

162 3299 217 3384 qui
234 3299 281 3364 itu
300 3299 408 3365 dotem
430 3296 552 3397 dinitlr
565 3298 649 3364 ‘cum
667 3299 871 3365 commodum
890 3300 960 3385 erit,
983 3300 1067 3366 dotis
1085 3299 1172 3365 filiae

161 3427 251 3470 meae
271 3405 334 3470 tibi
358 3408 450 3470 erunt
470 3404 575 3490 Hso’,
597 3410 738 3490 putasne
761 3407 909 3491 protinus
932 3406 1056 3492 nuptiis
1078 3405 1175 3472 fastis

233 3568 246 3616 1
269 3561 344 3619 Trib.
363 3562 499 3632 promisit.
