2570 3904
392 249 415 296 4.
436 241 466 297 G.
481 242 625 297 CASSIUS
644 243 828 299 LONGlNUS
1074 246 1117 309 37

194 407 239 466 De
264 407 367 468 Sabini
392 411 540 469 sententia
562 432 589 470 r.
609 411 640 470 H
665 414 682 470 1
706 432 736 487 p.
750 415 829 484 422,
858 430 934 490 quae
957 415 1056 474 nescio
1080 433 1119 472 an

107 498 208 571 potius
242 497 335 574 capiti
366 498 401 557 de
429 500 613 576 adquirenda
639 501 806 561 hereditate
835 493 869 582 (1.
885 521 908 561 c.
923 523 950 577 p.
965 495 1045 582 427)
1073 504 1118 562 in·

110 586 233 644 serenda
255 586 356 645 fuerit.

195 698 224 760 7.
247 694 288 761 D.
298 697 351 780 29,
360 698 389 778 2,
399 698 452 779 25,
460 698 491 762 4.
527 697 618 762 Idem
638 699 695 784 (sc.
705 696 879 786 Ulpianus)
898 701 984 765 libro
1003 706 1116 766 octavo

109 784 147 848 ad
164 783 322 848 Sabinum
341 783 391 870 (P.
401 786 511 872 2491).
532 824 570 834 -
591 788 720 852 Iussum
740 789 809 852 eius
829 789 936 872 quiin
955 794 1117 874 potestate

107 871 206 937 habet
235 895 302 937 non
329 879 380 938 est
405 877 511 939 simile
539 877 656 942 tutoris
685 877 884 960 auctoritati,
911 900 993 962 quae
1019 879 1118 944 inter-

107 963 238 1044 ponitur
270 963 413 1045 perfecto
445 966 590 1049 negotio,
627 966 683 1030 sed
714 965 904 1049 praecedere
936 967 1046 1052 debet,
1081 972 1118 1032 ut

108 1049 207 1115 Gaius
237 1048 369 1116 Cassius
396 1052 481 1117 libro
510 1054 650 1119 secondo
678 1055 757 1119 iuris
787 1055 890 1119 civilis
919 1057 1040 1120 scribit.
1086 1062 1119 1121 et

108 1144 201 1222 putat
218 1139 271 1204 vel
287 1162 343 1223 per
357 1141 591 1206 internuntium
603 1143 674 1207 fieri
688 1165 784 1227 posse
799 1143 850 1207 vel
865 1165 923 1226 per
936 1145 1117 1227 epistulam.

196 1229 226 1293 8.
254 1227 294 1292 D.
312 1229 389 1294 ibid.
407 1232 427 1310 ξ
448 1228 478 1293 5.
504 1267 542 1277 -
572 1229 636 1296 Sed
658 1236 765 1296 utrum
791 1233 986 1316 generaliter
1010 1233 1119 1316 ‘quae-

110 1337 244 1401 cumque
275 1317 337 1382 tibi
367 1318 528 1383 hereditas
556 1321 654 1384 fuerit
681 1321 811 1403 delata',
845 1343 887 1384 an
915 1321 1118 1404 specialiter?

111 1410 141 1469 et
162 1406 267 1490 magis
289 1407 411 1490 placet,
437 1412 474 1472 ut
497 1407 598 1472 Gaius
621 1405 753 1474 Cassius
778 1410 906 1494 scribit,
934 1410 1118 1494 specialiter

111 1493 221 1560 debere
245 1495 407 1560 mandare.

196 1607 233 1667 cf.
248 1604 314 1668 Gai.
330 1608 362 1685 2,
378 1610 428 1668 87.
446 1611 506 1669 187
519 1627 581 1685 sqq.
625 1610 747 1669 Pernice
770 1610 786 1669 1
808 1631 837 1688 p.
854 1612 927 1671 504.

416 1769 464 1826 Dc
483 1772 608 1843 pectione
623 1787 682 1844 pro
704 1771 812 1830 Ῑιενεᾱε.

195 1877 225 1941 9.
247 1874 286 1940 D.
294 1876 475 1959 29,2,21,3.
510 1876 600 1943 Idem
616 1876 672 1965 (sc.
687 1877 861 1965 Ulpianus)
876 1879 960 1945 libro
975 1880 1114 1966 septimo

112 1965 148 2028 ad
172 1963 330 2030 Sabinum
354 1965 402 2052 (P.
418 1965 528 2052 2482).
554 2003 592 2014 -
618 1967 653 2032 Si
680 1968 750 2054 quis
772 1974 899 2053 partem
923 1991 961 2036 ex
984 1992 1048 2053 qua
1070 1970 1118 2033 in-

112 2055 243 2119 stitutus
268 2057 318 2118 est
339 2057 514 2140 ignoravit,
537 2055 683 2121 Iulianus
707 2057 821 2122 scribit
842 2058 923 2122 nihil
943 2060 973 2123 ei
991 2080 1117 2142 nocere,

113 2145 279 2225 quominus
298 2164 358 2226 pro
377 2143 493 2208 herede
512 2150 646 2228 gereret.
686 2146 772 2230 quod
791 2149 824 2211 et
843 2146 973 2212 Cassius
992 2147 1119 2231 probat,

113 2233 137 2294 si
169 2231 405 2314 condicionem,
442 2234 501 2297 sub
534 2255 597 2318 qua
628 2234 721 2299 heres
755 2235 924 2300 institutus
957 2243 1021 2319 est,
1052 2257 1119 2300 non

111 2320 237 2403 ignorat
274 2319 317 2400 [si
353 2325 464 2386 tamen
501 2323 626 2387 exstitit
662 2324 819 2408 condicio,
858 2325 918 2390 sub
952 2347 1015 2408 qua
1047 2324 1120 2388 snb-

111 2409 241 2474 stitutus
266 2410 338 2490 est].

457 2558 564 2618 Liber
586 2559 617 2618 H
639 2560 696 2620 rel
719 2559 775 2620 HI.

431 2675 481 2741 De
502 2683 591 2760 rupto
613 2683 798 2744 testamento.

198 2799 251 2864 10.
281 2797 315 2864 O.
332 2800 361 2881 6,
377 2799 430 2881 29,
444 2799 474 2864 3.
524 2799 606 2887 Imp.
629 2801 830 2866 lastinianus
854 2801 893 2864 A.
917 2797 1044 2864 Iuliano
1068 2820 1120 2883 pp.

111 2883 153 2972 (a.
170 2885 260 2975 530).
290 2924 331 2934 ——
361 2939 395 2953 ..
423 2910 495 2953 oum
524 2937 558 2955 ..
586 2893 614 2954 is
643 2891 698 2976 qui
725 2891 759 2954 in
788 2895 900 2955 ventre
929 2889 1120 2974 portabatur

111 2981 305 3058 praeteritus
334 2975 455 3060 fuerat,
483 2979 538 3061 qui
565 2980 593 3043 si
620 2981 660 3045 ad
689 2981 792 3045 lucem
820 2979 937 3044 fuisset
962 2978 1121 3062 redactus,

112 3085 185 3129 suus
204 3064 298 3130 heres
317 3067 405 3149 patri
424 3066 584 3150 existeret,
603 3070 631 3134 si
650 3089 717 3133 non
733 3069 815 3134 alius
831 3090 904 3133 enm
919 3067 1121 3132 antecederet

112 3157 142 3217 et
159 3153 322 3219 nascendo
342 3159 474 3238 ruptum
493 3160 723 3222 testamentum
739 3157 890 3239 faciebat,
908 3157 936 3221 si
949 3159 1119 3239 postumus

111 3241 144 3304 in
166 3243 253 3307 hune
277 3243 405 3327 quidem
430 3245 526 3308 orbus
551 3245 719 3310 devolutus
744 3249 803 3330 est,
825 3266 904 3310 voce
927 3249 1035 3308 autem
1054 3265 1120 3308 non

111 3331 227 3396 emissa
251 3332 292 3396 ab
316 3331 378 3397 hac
400 3333 472 3397 luce
496 3334 678 3400 subtractus
703 3338 766 3416 est,
794 3333 1017 3415 dubitabatur,
1040 3334 1067 3395 si
1091 3332 1119 3394 is

110 3424 277 3502 postumus
287 3424 418 3506 ruptum
429 3421 535 3486 facere
545 3424 776 3488 testamentum
785 3424 895 3506 potest
953 3419 1120 3484 Sabiniani

111 3509 349 3589 existimabant,
368 3510 396 3574 ri
409 3511 501 3575 vivus
514 3515 611 3577 natus
626 3513 684 3593 est,
707 3511 769 3575 etsi
789 3530 901 3574 vocem
921 3529 986 3572 non
1005 3505 1121 3584 emisit,

111 3603 240 3682 ruptum
262 3603 492 3664 testamentum
516 3649 569 3665 ...
