2568 3912
194 183 238 236 IV.
259 181 355 247 QUAE
376 182 540 237 RECEPTA
559 183 662 251 SUNT,
681 181 924 238 PLAOUERUNT
941 182 1020 240 ETC.
1043 185 1108 248 577

103 346 271 410 testatoris
308 348 390 409 sunt.
427 345 482 409 sed
520 367 573 410 eus
611 345 739 430 quidem
773 368 823 410 res
856 368 937 430 quae
968 347 1110 431 pondere

103 455 237 498 numero
260 455 411 498 mensura
434 437 593 515 constant,
614 434 738 517 placuit
757 435 910 518 sufficere,
939 436 967 500 si
996 437 1110 501 mortis

102 529 249 606 ternpore
278 523 344 586 sint
369 527 409 585 ex'
440 523 508 586 iure
539 522 714 600 Quiritium
741 524 917 608 testatoris,
939 525 1040 588 veluti
1065 525 1109 590 vi·

103 633 182 676 num
210 610 316 675 oleum
340 611 534 675 frumentum
558 612 728 695 pecuniam
751 616 959 677 numeratam.
984 616 1108 677 ceteras

103 722 180 764 vcro
207 721 259 763 res
289 700 411 782 placuit
437 703 573 785 utroque
601 703 746 783 ternpore
770 701 935 765 testatoris
970 723 1008 766 ex
1041 703 1110 766 iure

102 787 276 863 Quiritium
309 809 378 852 esse
410 787 535 869 debere,
566 788 599 851 id
629 793 692 853 est,
707 792 739 852 et
767 811 829 873 quo
858 789 979 854 faceret
1007 794 1110 854 teste·

104 880 249 941 mentum
268 882 300 941 et
317 898 380 960 quo
395 881 585 962 moreretur3
605 877 748 960 alioquin
764 878 878 942 inutile
893 881 942 942 est
956 878 1110 964 legatum.

197 993 245 1057 13.
286 991 354 1056 Gai.
386 993 421 1074 2,
454 992 526 1056 199.
558 1029 600 1038 —
631 991 713 1056 lllud
747 995 882 1070 constet,
918 993 947 1057 si
987 994 1111 1058 duobus

103 1081 293 1165 pluribusve
323 1101 381 1164 per
412 1080 661 1145 vindicationem
694 1081 805 1145 eadem
836 1103 887 1145 res
919 1082 1028 1166 legata
1059 1083 1112 1166 sit,

105 1170 172 1235 siue
209 1169 406 1234 coniunctim
444 1169 511 1233 sive
543 1169 741 1255 disiunctim,
771 1173 803 1233 et
835 1191 945 1234 omnes
979 1170 1112 1235 veniant

105 1258 146 1322 ad
174 1259 326 1343 legatum,
357 1261 466 1341 partes
504 1257 544 1321 ud
572 1258 716 1342 singulos
744 1259 905 1342 pertinere
942 1263 975 1323 et
1002 1259 1111 1323 defici-

105 1348 190 1411 entis
214 1347 401 1430 portionem
425 1344 633 1430 colleguturio
657 1347 848 1412 adcrescere.

313 1539 360 1598 De
382 1539 471 1612 loquio
488 1555 545 1611 per
567 1539 780 1598 dannationeni
801 1540 907 1599 relicto.

185 1657 248 1720 14.
290 1653 360 1721 Gai.
388 1658 422 1739 2,
446 1656 520 1722 245.
550 1693 592 1702 -
625 1705 659 1722 ..
691 1660 818 1722 constat
854 1657 892 1720 ub
922 1678 958 1720 eo
991 1656 1047 1740 qui
1079 1657 1113 1720 in

105 1748 269 1830 potestate
298 1746 396 1829 <tua>
419 1749 477 1829 est,
500 1744 617 1810 herede
640 1746 792 1810 instituto
813 1751 898 1809 recte
916 1745 978 1810 tibi
997 1745 1113 1828 legari3
1170 1743 1172 1747 ’

107 1833 162 1898 sed
187 1834 214 1898 si
241 1836 278 1897 tu
299 1856 357 1917 per
375 1856 447 1898 eum
466 1835 560 1898 heres
579 1833 732 1911 extiteris,
756 1855 943 1898 evanescere
961 1835 1115 1919 legatum,

106 1923 183 2006 quic
215 1921 284 2006 ipse
316 1923 376 1987 tibi
404 1924 545 2007 legatum
575 1923 689 1987 debere
722 1945 789 1987 non
816 1924 935 2006 possis,
973 1923 1001 1987 si
1037 1944 1113 1988 vero

103 2012 192 2076 filius
231 2012 449 2097 emancipatus
486 2017 542 2076 aut
573 2033 684 2077 servus
716 2013 934 2076 manumissus
967 2013 1029 2075 erit
1060 2010 1115 2076 vel

105 2101 140 2164 in
168 2101 269 2164 alium
295 2100 482 2180 translatus,
505 2099 628 2183 etipse
651 2101 743 2164 heres
768 2101 910 2164 extiterit
933 2105 990 2164 aut
1014 2101 1114 2164 aliurn
1159 2102 1162 2106 ’

104 2188 226 2266 fecerit,
249 2189 356 2252 deberi
379 2189 530 2273 legatum.

199 2292 249 2356 15.
272 2292 310 2358 D.
334 2292 386 2378 33,
409 2295 439 2374 4,
466 2295 513 2359 15.
559 2293 658 2358 Gaius
678 2295 761 2360 libro
781 2295 919 2360 secundo
940 2295 978 2358 de
996 2295 1114 2380 legatis
1155 2277 1158 2286 ¹

106 2381 149 2446 ed
182 2381 321 2444 edictum
353 2383 521 2464 praetoris.
558 2419 595 2429 -
635 2381 726 2447 Licet
762 2385 890 2468 placeat
924 2381 1114 2468 pigneratus

107 2491 160 2535 res
184 2469 236 2532 vel
260 2469 294 2532 in
311 2467 476 2552 publicum
495 2471 654 2554 obligatas
673 2471 829 2555 heredem,
844 2470 899 2554 qui
914 2472 989 2535 dare
1007 2472 1114 2536 iussus

106 2564 171 2637 est,
190 2558 329 2622 liberare
353 2557 476 2641 debere,
499 2563 607 2621 tamen

261 2749 308 2808 De
330 2749 421 2824 lenate
444 2750 519 2821 qnod
540 2750 654 2809 sinendi
675 2750 757 2808 inodo
779 2749 961 2823 relinquitur.

200 2867 263 2932 16?
288 2867 356 2932 Gai.
376 2869 405 2948 2,
425 2867 558 2933 2811-
655 2867 722 2934 scio
737 2918 767 2933 ..
798 2866 924 2933 Iuliano
946 2868 1115 2954 placuisse,

105 2961 141 3022 in
171 2979 206 3023 eo
239 2957 362 3042 legato,
399 2957 484 3040 quod
516 2956 642 3020 sinendi
669 2957 763 3021 modo
791 2957 997 3041 relinquitur,
1028 2957 1115 3022 idem

107 3048 186 3111 iuris
216 3067 286 3110 esse
314 3047 398 3131 quod
429 3046 463 3109 in
491 3045 760 3131 fideicommissis3
790 3068 886 3131 quarn
919 3047 1114 3112 sententium

106 3141 142 3201 et
165 3135 216 3198 his
240 3136 439 3218 temporibus
462 3135 567 3220 inagis
591 3136 734 3218 optinere
757 3136 858 3200 video.

413 3321 463 3387 De
485 3327 578 3405 inputo
600 3323 810 3388 condicionali.

202 3444 251 3509 17.
275 3444 313 3509 D.
336 3447 388 3527 35,
414 3447 442 3526 1,
464 3447 506 3511 63
517 3469 564 3529 pr.
611 3445 709 3510 Gaius
728 3446 812 3510 libro
830 3446 927 3509 tertio
947 3443 987 3508 ed
1010 3444 1115 3526 legem

107 3533 227 3600 Iuliam
255 3537 288 3597 et
315 3533 456 3617 Pupiam.
481 3571 522 3581 -
547 3533 627 3600 Cum
654 3534 701 3598 itu
723 3534 866 3619 legatum
897 3533 940 3596 sit
962 3531 1003 3596 ‘si
1027 3529 1115 3594 Titio

164 3646 260 3696 Iurispr.
275 3647 393 3688 antehadr.
408 3647 457 3688 rell
472 3648 618 3688 oneremur.
639 3647 699 3698 11,2.
870 3639 904 3686 37
