2590 3902
169 185 234 250 292
271 185 304 241 V.
322 183 472 238 NERVAE
490 184 538 238 ET
556 181 710 238 TRAIANI
729 183 835 238 ΤΕΜΡ.
854 183 951 239 Iunis
971 182 1153 240 consum

224 423 247 482 I.
276 422 642 484 Senatusoonsultum
663 423 813 484 Neratio
836 423 959 484 Prisco
982 424 1129 483 consule

500 547 503 554 ·
602 513 745 574 lactum.
1169 569 1189 602 0

257 630 297 696 D.
312 633 365 717 48,
379 633 409 715 8,
423 632 452 697 6.
489 631 665 698 Venuleius
688 630 880 697 Saturninus
903 631 987 697 libro
1010 632 1115 715 primo
1140 632 1182 698 de

170 721 277 787 officio
296 721 508 806 proconsulis.
522 720 613 786 —Is
632 722 688 806 qui
707 742 835 786 servum
853 721 1059 802 castrandum
1078 719 1182 786 tradi-

169 811 261 896 derit,
282 833 341 895 pro
360 814 451 895 parte
471 809 602 875 dimidia
620 811 780 877 bonorum
799 810 958 875 multatur
977 831 1016 874 ex
1034 814 1183 875 senatus·

170 901 326 979 consulto,
345 901 430 984 quod
445 898 579 965 Neratio
594 898 706 965 Prisco
724 904 757 965 et
771 899 878 964 Annio
892 897 979 964 Vero
994 899 1181 965 consulibus

168 989 291 1054 factum
314 995 373 1054 est.
1140 1005 1143 1010 '

259 1081 392 1143 castrari
423 1101 519 1154 mares
551 1081 756 1142 Domitianum
783 1081 915 1142 vetuisse
943 1081 1089 1141 traditum
1124 1086 1181 1142 est.

170 1171 252 1232 Suet.
271 1172 382 1231 Domit.
403 1173 431 1231 7.
463 1169 692 1250 arctasset,
713 1174 741 1230 2.
794 1170 874 1248 quod
900 1173 1094 1248 pracceptum
1120 1171 1181 1230 llu-

170 1261 253 1322 sebio
280 1262 358 1320 teste
382 1251 506 1336 (Chron.
521 1251 622 1340 2098)
645 1259 835 1319 referendum
857 1259 978 1319 videtur
1001 1259 1039 1318 ad
1060 1262 1182 1336 tompus

171 1370 231 1410 non
253 1369 354 1410 mense
373 1347 496 1409 Octobri
519 1367 664 1408 annorum
685 1350 726 1409 82
751 1353 782 1408 et
800 1350 852 1426 83,
875 1349 927 1407 sed
946 1346 1073 1432 Octobri
1089 1368 1181 1409 anno-

170 1460 237 1499 rum
267 1441 306 1499 81
338 1440 369 1498 et
394 1439 436 1497 82
464 1437 591 1498 finitum.
637 1437 849 1497 Friedlaender
870 1437 918 1496 111
940 1457 968 1513 p.
984 1439 1057 1498 429.
1102 1438 1182 1514 quod

170 1529 206 1588 ds
243 1529 346 1587 eodem
378 1531 537 1603 praecepto
570 1526 750 1586 Venuleium
782 1525 978 1586 Saturninum
1012 1526 1070 1585 viri
1101 1527 1182 1587 docti

170 1617 261 1693 vulgo
285 1619 393 1691 putant
415 1616 539 1692 referre,
566 1616 633 1674 ideo
657 1616 781 1675 dubium
804 1619 863 1690 est,
885 1615 965 1692 quod
988 1615 1024 1674 de
1048 1618 1181 1674 castran-

171 1704 217 1762 dis
244 1704 416 1763 hominibus
443 1705 533 1782 plura
555 1707 678 1764 senatus
702 1704 838 1764 consulta
860 1703 943 1763 facta
965 1704 1120 1780 videntur,
1147 1707 1182 1764 ut

172 1792 285 1851 Paulus
308 1792 344 1851 D.
361 1793 456 1873 5,23,
473 1795 513 1854 18
538 1793 621 1852 aliud
642 1793 757 1852 indicat
779 1793 815 1852 de
838 1811 873 1852 eo
896 1793 1019 1870 factum,
1042 1787 1106 1870 ‘qui
1128 1792 1181 1852 ho-

171 1879 282 1939 minem
318 1881 448 1941 invitum
481 1881 612 1941 libidinis
644 1885 699 1941 aut
729 1881 887 1960 promereti
919 1900 1010 1941 eausa
1037 1881 1184 1942 castravit

172 1969 402 2031 castrandnmve
435 1964 573 2032 curavit'.
623 1969 738 2029 accedit
770 1970 849 2046 quod
881 1968 939 2030 Dio
969 1969 1091 2030 Cassius
1122 1990 1183 2030 non

172 2058 259 2117 modo
278 2057 492 2136 Domitianum,
510 2057 672 2119 sedetiam
688 2059 819 2119 Nervam
837 2059 935 2137 legem
953 2059 1059 2119 tulisse
1077 2059 1180 2132 tradit,

171 2165 208 2205 ne
232 2146 298 2223 quis
316 2146 486 2206 ennuchum
504 2147 619 2208 faceret
632 2140 700 2230 (68,
716 2138 758 2229 2).
796 2167 886 2224 quam
904 2167 967 2208 rem
986 2167 1021 2208 eo
1040 2147 1183 2226 explicari

171 2238 256 2314 puto,
276 2233 356 2312 quod
374 2237 536 2295 secuudum
550 2236 674 2313 Ulpiani
691 2236 898 2296 testimonium
915 2237 999 2299 varia
1017 2239 1183 2314 spadonum

172 2343 283 2403 genera
305 2325 428 2384 fuerunt
447 2319 496 2406 (D.
513 2327 564 2403 50,
581 2317 725 2405 16,128)
748 2327 779 2385 et
801 2325 920 2403 quidem
942 2331 1007 2386 arte
1024 2327 1182 2406 factorum,

173 2413 288 2474 scilicet
300 2414 432 2491 castrati,
441 2414 577 2493 thlibiae,
590 2414 732 2492 thlasiae3
745 2415 926 2475 castratione
940 2415 1019 2475 enim
1031 2415 1184 2491 prohibita

173 2504 308 2563 homines
335 2503 482 2581 ingeniosi
508 2504 632 2564 thlibias
658 2507 689 2563 et
711 2503 838 2564 thlasias
861 2505 959 2564 iacere
980 2504 1184 2564 instituerant.

173 2611 244 2652 nam
267 2594 517 2670 quemadmodum
536 2593 716 2666 Hadrianus,
739 2593 791 2669 qui
810 2591 965 2652 Corneliae
987 2593 1064 2669 legis
1087 2611 1184 2669 poena

175 2699 238 2757 eos,
271 2683 322 2760 qui
353 2683 498 2759 spadones
526 2681 679 2757 iecissent,
707 2682 804 2742 teneri
832 2684 981 2741 statuerat
1009 2673 1059 2760 (D.
1078 2683 1134 2761 48,
1154 2684 1183 2756 8,

174 2771 204 2841 4,
221 2761 268 2851 2),
300 2771 352 2847 qui
378 2771 502 2831 thlibias
531 2772 682 2847 fecissent,
710 2772 741 2830 in
772 2771 876 2830 eadem
907 2787 998 2830 causa
1025 2787 1088 2830 esse
1116 2780 1183 2831 oon·-

175 2859 291 2936 stituit,
319 2878 378 2934 qua
400 2861 454 2936 qui
476 2861 691 2921 castravissent
713 2851 765 2941 (D.
779 2862 831 2937 48,
846 2862 876 2937 8,
890 2855 939 2937 5),
963 2859 1101 2918 similiter
1123 2859 1185 2919 iam

143 2955 148 2974 ⁸
175 2949 265 3005 antea
288 2947 419 3006 Nervam
442 2948 734 3008 senatusconsultum
756 2949 835 3007 illud
852 2947 1026 3009 Domitiano
1048 2948 1184 3026 principe

174 3035 287 3093 factum
313 3040 417 3095 contra
439 3037 659 3113 ingeniosorum
681 3038 836 3097 hominum
858 3040 939 3097 artes
961 3040 1094 3097 tutatum
1118 3057 1185 3099 esse

175 3124 352 3198 putaverim.
376 3123 436 3182 iam
460 3125 497 3183 cf.
523 3125 686 3185 Mommsen
709 3125 877 3186 Stralrccht
895 3145 923 3202 p.
943 3128 1016 3188 687.

551 3336 591 3396 Π.
619 3338 810 3414 Responsa.
909 3376 916 3386 ·

264 3457 338 3518 Cum
366 3460 509 3520 Neratius
536 3479 679 3539 respousa
705 3464 904 3538 peculiaribus
935 3464 1020 3525 libris
1047 3464 1186 3547 ediderit,

174 3548 230 3608 hoc
253 3547 319 3608 loco
342 3567 438 3625 pauca
460 3549 652 3628 proponenda
675 3555 753 3612 sunt.
