2596 3902
168 206 208 268 76
236 204 284 259 Ill.
300 204 374 259 GAII
389 203 535 260 CLAUDII
544 203 680 258 NERON.
691 202 836 258 GALBAE
847 203 955 259 TEMP.
966 204 1059 260 iulus
1071 204 1177 260 CONS.

167 373 286 433 buenda
316 376 387 432 sunt
414 375 504 449 atquo
527 372 582 431 illa
608 371 728 448 quidem
756 373 847 448 capiti
874 372 910 431 de
933 373 1083 448 emptione
1107 392 1180 432 ven-

167 462 279 521 ditione
303 461 499 521 additamenti
521 462 595 521 looo.

386 637 420 698 Si
441 639 559 712 seruilio
580 640 692 712 furtum
714 640 815 712 secuse
837 640 954 698 dicetur.

257 759 305 823 18.
344 757 381 822 D.
405 758 439 838 9,
462 758 497 839 4,
521 759 561 824 31
573 780 619 841 pr.
679 757 797 822 Paulus
838 757 922 823 libro
962 760 1098 844 septimo
1136 761 1178 826 ad

167 845 334 911 Plautium
357 842 528 933 (Ρ.1142).
549 883 587 893 -
609 845 701 922 Quod
725 847 771 911 ait
793 851 931 931 praetor,
954 869 1027 912 oum
1050 848 1179 914 familia

165 935 286 1000 furtum
313 935 425 1019 faeiat,
454 936 493 999 ad
523 958 595 1000 eum
623 936 753 999 modum
777 957 810 1000 se
834 935 993 1000 actionem
1016 936 1179 1022 daturum,

165 1028 203 1089 ut
220 1027 348 1088 tantum
368 1027 459 1089 actor
477 1028 700 1107 consequatur,
723 1028 879 1108 quantum
899 1024 926 1088 si
945 1025 1026 1090 liber
1044 1024 1177 1091 iecisset

166 1117 428 1198 consequeretur,
469 1112 649 1196 quaeritur,
683 1116 791 1178 utrum
823 1113 863 1177 ad
895 1115 1048 1196 pecuniae
1084 1137 1178 1199 prae·

167 1203 339 1266 stationem
363 1201 516 1286 respiciat
540 1223 579 1265 an
604 1203 702 1265 etiam
726 1201 766 1265 ad
789 1222 892 1266 noxae
914 1202 1116 1285 deditionem,
1139 1207 1180 1268 ut

166 1291 193 1356 si
208 1312 246 1355 ex
260 1291 373 1374 pretiis
388 1311 491 1355 noxae
505 1290 684 1354 deditorum
700 1290 832 1375 duplum
847 1291 1028 1375 colligatur,
1043 1313 1179 1374 sequen-

165 1384 214 1444 tes
243 1380 385 1444 aotiones
412 1378 629 1443 inhibeantur.
675 1378 813 1443 Sabinus
842 1383 874 1443 et
899 1378 1031 1445 Cassius
1059 1384 1180 1465 putant

164 1469 305 1554 pretium
329 1488 456 1551 quoque
480 1488 582 1532 noxae
604 1467 786 1531 deditorum
809 1469 962 1553 imputari
985 1468 1107 1533 debere.

302 1649 350 1709 Ne
371 1651 441 1723 quid
462 1652 495 1709 tu
516 1651 576 1709 loeo
598 1667 681 1709 suero
702 1651 836 1724 retioioso
857 1655 956 1710 saneto
977 1652 1040 1722 fiat.

256 1768 306 1832 19.
326 1768 365 1832 D.
376 1770 404 1851 1,
414 1770 444 1852 8,
455 1769 484 1852 8,
496 1768 524 1833 1.
552 1767 736 1834 Marcianus
750 1768 834 1834 libro
848 1773 965 1853 quarto
979 1769 1178 1855 Regularum

167 1853 317 1942 (Pam).
336 1893 378 1903 —
400 1857 437 1921 ln
462 1857 645 1940 municipiis
670 1877 796 1942 quoque
820 1879 928 1923 muros
953 1879 1024 1923 esse
1047 1864 1179 1925 sanctos

167 1942 321 2009 Sabinum
341 1949 427 2010 reete
446 1945 649 2030 respondisse
668 1945 798 2011 Cassius
816 1945 924 2030 refert,
946 1946 1177 2031 prohiberique

166 2036 315 2117 oportere
338 2055 379 2098 ue
402 2035 477 2119 quid
501 2035 536 2099 iu
559 2035 610 2099 his
634 2034 871 2101 immitteretur.

330 2215 377 2276 Ne
399 2218 469 2290 quid
489 2220 522 2276 im
545 2219 604 2276 loeo
620 2218 739 2292 publico
761 2219 805 2278 oet
826 2219 928 2276 itinere
948 2221 1011 2290 [tut.

255 2333 305 2399 20.
329 2333 369 2399 D.
379 2335 432 2420 43,
441 2335 555 2418 24,11,
567 2335 595 2401 1.
634 2335 792 2417 Ulpianus
811 2336 894 2401 libro
914 2337 1180 2422 septuagensimo

165 2423 270 2507 primo
304 2424 343 2487 ad
376 2424 516 2489 edietum
546 2421 737 2511 (P.12950).
767 2460 806 2470 —
836 2423 1023 2500 Quaesitum
1053 2430 1116 2511 est,
1149 2427 1179 2493 si

166 2516 309 2576 statuam
336 2513 371 2576 in
399 2511 574 2598 municipio
602 2536 641 2577 ex
669 2514 739 2577 loeo
762 2513 891 2597 publico
916 2513 987 2598 quis
1011 2516 1180 2581 sustulerit

165 2601 218 2666 vel
242 2600 274 2666 vi
297 2602 348 2666 vel
371 2601 464 2686 olam,
488 2625 529 2667 au
548 2602 609 2668 hoe
625 2601 799 2667 interdicto
819 2607 976 2667 teneatur.
1018 2607 1051 2667 et
1070 2608 1179 2670 exstat

165 2688 269 2755 Cassii
297 2692 457 2756 sententia
480 2713 566 2776 eum,
593 2693 683 2757 ouius
707 2695 816 2756 statua
838 2692 872 2755 in
894 2691 965 2756 loeo
988 2691 1118 2774 publico
1142 2694 1179 2758 in

165 2779 340 2864 municipio
370 2782 478 2863 posita
505 2781 560 2864 sit,
588 2780 673 2866 quod
701 2781 733 2845 vi
761 2784 818 2846 aut
846 2781 928 2845 olam
954 2800 1049 2864 agere
1072 2803 1179 2867 posse,

165 2867 240 2950 quia
267 2868 452 2933 interfuerit
479 2869 548 2934 eius
572 2891 643 2934 eam
666 2891 732 2935 uon
755 2869 839 2952 tolli,
867 2868 1045 2952 municipes
1069 2875 1179 2936 autem

166 2954 265 3019 etiam
283 2955 363 3021 furti
382 2962 520 3039 acturos,
539 2958 685 3041 quiores
704 2978 813 3021 eorum
834 2956 877 3020 sit
891 2958 984 3041 quasi
998 2958 1180 3043 publicata3

165 3041 262 3124 <nam
286 3043 349 3127 ipsi
371 3065 442 3109 eam
465 3044 649 3128 reficiunt),
677 3046 705 3109 si
732 3042 892 3110 vetustate¹
920 3045 1088 3130 deciderit,
1115 3047 1181 3132 ipsi

165 3152 236 3194 eam
259 3132 441 3198 detrahunt.

604 3225 687 3286 Unde
708 3229 746 3286 oi.

255 3335 306 3399 21.
333 3334 372 3401 D.
387 3335 440 3419 43,
456 3336 506 3413 16,
524 3339 550 3419 1,
564 3337 616 3401 27.
663 3335 822 3422 Ulpianus
845 3337 929 3404 libro
954 3341 1182 3426 sexagensimo

166 3444 250 3489 nono
275 3423 314 3488 sd
337 3423 476 3488 edietum
500 3423 548 3510 (P.
561 3422 670 3511 1526).
691 3461 730 3474 -
750 3423 825 3491 Vim
847 3427 879 3491 vi
902 3428 1058 3512 repellere
1082 3429 1181 3496 licere

237 3577 251 3624 1
272 3571 318 3627 Fr.
337 3575 440 3626 tamen.
