2580 3900
177 216 243 280 204
264 215 311 273 IV.
327 213 543 270 VESPASIANI
556 213 627 270 ΤΙΤΙ
640 213 837 270 DOMITIANI
851 214 959 271 TEMP.
974 213 1070 270 lorus
1085 213 1191 272 OONS.

177 383 209 444 et
234 379 390 444 Arrianus
418 377 580 462 deferunt,
608 379 635 442 si
663 377 734 463 quis
762 400 863 444 vacua
890 381 981 461 parte
1006 376 1118 442 reliota
1140 377 1193 442 ita

177 467 356 532 instituerit
383 466 423 532 ‘si
452 467 532 531 mihi
560 465 652 532 Seius
679 468 773 532 heres
797 490 862 533 non
886 465 968 549 erit’,
1001 488 1096 552 quem
1123 487 1192 530 non

177 556 379 639 instituerat,
407 554 630 639 ‘Sempronius
654 556 745 621 heres
771 554 862 638 esto’‚
890 578 932 620 an
955 555 1008 620 hio
1031 576 1192 638 oeoupare

177 645 283 729 possit
309 648 478 709 vacantem
506 646 697 729 portionem.
749 651 782 711 et
809 644 1002 728 Pegasus..
1022 645 1194 708 existimat

179 735 219 799 ad
244 756 313 798 eam
337 737 463 818 partem
480 735 623 799 admitti.

440 917 487 976 De
509 919 599 992 leuato
616 935 674 990 per
697 917 927 976 vindicationem.

268 1038 297 1101 2.
327 1033 397 1100 Gai.
413 1036 442 1118 2,
459 1035 531 1100 195.
557 1072 598 1082 -
622 1034 774 1102 ..Nerva
788 1082 796 1098 .
811 1085 818 1100 .
834 1038 867 1098 et
895 1034 1049 1100 Proculus
1078 1033 1193 1097 ceteri-

181 1145 242 1211 que
267 1125 353 1189 illius
378 1125 508 1188 scholae
532 1128 678 1189 auctores
701 1145 766 1189 non
790 1124 885 1188 aliter
907 1128 1025 1208 putant
1045 1144 1113 1186 rem
1132 1119 1193 1207 (so.

178 1236 236 1299 per
267 1213 517 1278 vindicationem
549 1211 705 1298 legatam)
740 1211 890 1296 legatarii
922 1212 1004 1297 fieri,
1023 1233 1134 1295 ·quam
1163 1211 1194 1275 si

179 1303 319 1368 voluerit
341 1324 412 1367 eam
436 1302 476 1366 ad
499 1322 533 1366 se
556 1302 726 1386 pertinere.

512 1483 559 1543 De
580 1485 736 1558 usufructu
759 1485 858 1559 leuato.

268 1595 297 1660 3.
321 1595 360 1660 D.
376 1594 405 1672 l,
423 1596 451 1674 1,
465 1595 495 1676 9,
508 1595 539 1660 4.
576 1594 665 1659 Idem
684 1591 743 1680 (so.
757 1593 931 1679 Ulpianus)
949 1593 1034 1658 libro
1053 1591 1194 1678 septimo

180 1683 303 1750 decimo
334 1682 375 1747 ad
398 1681 554 1748 Sabinum
577 1681 626 1768 (P.
644 1681 756 1771 2559).
779 1721 823 1732 —
918 1685 946 1748 si
973 1683 1079 1747 insula
1102 1682 1195 1746 iuxta

180 1772 315 1837 fundum
347 1773 380 1836 in
410 1771 542 1836 flumine
569 1777 646 1836 nata
674 1774 730 1856 sit,
762 1774 830 1838 eius
858 1795 951 1837 usum
978 1772 1119 1836 fructum
1149 1769 1192 1834 ad

180 1860 392 1925 fructuarium
418 1882 483 1925 non
510 1861 670 1946 pertinere
693 1861 837 1945 Pegasus
865 1861 990 1945 scribit,
1018 1859 1095 1925 lieet
1119 1880 1195 1943 pro·

180 1949 311 2032 prietati
340 1949 484 2034 aooedat3
512 1971 581 2014 esse
609 1950 693 2015 enim
721 1951 821 2016 veluti
849 1951 1016 2034 proprium
1044 1949 1191 2027 fundum,

182 2037 272 2103 ouius
296 2039 521 2102 ususfructus
545 2039 585 2102 ad
609 2043 642 2102 te
665 2060 731 2104 non
753 2040 927 2124 pertineat.

270 2127 300 2190 4.
328 2125 366 2192 D.
388 2127 416 2210 7,
439 2129 466 2206 1,
484 2127 536 2209 25,
557 2128 585 2192 7.
631 2126 790 2210 Ulpianus
818 2128 902 2192 libro
931 2130 1044 2192 octavo
1068 2124 1195 2190 decimo

182 2214 222 2279 ad
255 2213 410 2279 Sabinum
443 2214 492 2301 (P.
515 2212 643 2302 258P’).
678 2252 715 2262 —
752 2215 869 2292 Quod.
891 2268 897 2280 .
917 2215 1054 2280 diximus
1087 2235 1126 2279 ex
1159 2235 1195 2278 re

182 2303 352 2370 fructuarii
378 2305 429 2368 vel
458 2327 497 2368 ex
525 2306 633 2390 operis
656 2327 752 2388 posse
776 2305 956 2390 adquirere,
983 2307 1092 2386 utrum
1115 2307 1194 2368 tuno

181 2393 287 2458 looum
315 2393 448 2477 habeat,
475 2394 627 2478 quotiens
653 2395 721 2458 iure
750 2393 877 2478 [legati]
902 2415 979 2458 usus
1003 2392 1126 2457 fruetus
1149 2392 1196 2458 sit
1272 2431 1275 2436 ·

182 2483 386 2567 constitutur,
410 2504 452 2547 an
475 2488 508 2546 et
531 2482 559 2547 si
577 2505 634 2566 per
651 2482 859 2547 traditionem
878 2483 928 2546 vel
948 2481 1194 2565 stipulationem

182 2570 234 2634 vel
262 2572 361 2637 alium
390 2592 621 2656 quemeumque
650 2572 793 2654 modum,
820 2571 1002 2636 videndum.
1053 2574 1085 2634 et
1099 2621 1106 2634 .
1120 2619 1127 2634 .
1143 2572 1195 2636 est

183 2658 300 2746 Pegasi
325 2661 501 2748 sententia,
523 2662 681 2726 ...omni
702 2660 881 2726 fructuario
906 2659 1042 2744 adquiri.

502 2844 549 2902 De
570 2845 758 2903 iustrumeuto
781 2844 880 2918 lupulo.

271 2952 302 3017 5.
334 2953 374 3020 D.
393 2955 445 3032 33,
465 2953 494 3031 7,
515 2955 565 3035 12,
584 2953 614 3018 3.
651 2952 811 3035 Ulpianus
838 2953 922 3017 libro
951 2950 1125 3016 vicensimo
1154 2950 1196 3015 ad

184 3037 339 3104 Sabinum
357 3039 407 3129 (P.
421 3041 535 3126 2609).
554 3077 596 3087 —
616 3039 797 3122 Quaeritur,
820 3063 862 3105 an
881 3062 1001 3118 servus,
1026 3040 1081 3124 qui
1100 3040 1196 3123 quasi

183 3126 317 3193 colonus
340 3130 374 3193 in
398 3150 477 3213 agro
501 3134 582 3214 erat,
605 3129 823 3194 instrumento
847 3129 956 3212 legato
980 3127 1195 3194 contineatur.

184 3218 216 3280 et
240 3213 347 3282 Labeo
377 3227 410 3282 et
432 3217 599 3301 Pegasus.
615 3222 848 3302 negaverunt,
878 3218 1041 3302 quianon
1064 3238 1123 3300 pro
1147 3218 1196 3282 in·

184 3307 363 3370 strumento
390 3307 425 3371 in
452 3306 551 3371 fundo
579 3305 698 3392 fuerat,
730 3305 858 3371 etiamsi
886 3306 1001 3372 solitus
1028 3305 1136 3370 fuerat
1164 3310 1198 3371 et

184 3391 328 3458 familiae
351 3395 518 3479 imperare.

272 3482 302 3548 6.
339 3482 420 3552 lbid.
446 3487 466 3565 ἕ
488 3483 537 3549 16.
570 3519 614 3533 -
646 3483 681 3549 Si
719 3484 832 3550 domus
871 3484 914 3550 sit
945 3485 1197 3549 instrumentum

183 3569 343 3657 legatum,
370 3572 542 3640 videndum
565 3573 641 3659 quid
665 3575 876 3640 contineatur.
922 3577 955 3638 et
978 3572 1122 3658 Pegasus
1146 3573 1195 3638 ait
