2614 3912
184 199 252 264 414
287 200 319 255 V.
339 199 488 255 NERVAE
506 199 553 254 ET
572 201 726 256 TRAIANI
742 201 847 257 ΤΕΜΡ.
866 201 962 258 IURIS
982 201 1158 258 CONSULTI

183 364 256 428 isset
281 363 395 446 peruri
417 364 535 446 pecoris
561 365 756 430 instrumenti
780 363 874 445 fiendi
900 385 1008 449 occiso,
1038 366 1091 431 seri
1115 367 1190 448 quid

178 455 328 534 pnrctnm
359 457 448 528 esset;
481 472 544 518 non
575 453 657 517 enim
687 473 724 518 erc
754 474 880 519 numero
911 458 967 518 unt
996 454 1190 522 multitudine

184 541 283 623 inputo
304 541 531 606 aestimandum
554 561 623 608 esse.
668 542 820 608 Labeonis
841 543 1022 608 sententium
1037 543 1144 625 probo.

271 638 324 703 42.
351 636 390 702 Ι).
404 637 479 704 ibid.
494 642 514 719 ξ
531 640 559 706 1.
579 675 618 686 -
640 639 774 719 wiotum
796 661 865 706 cum
888 641 923 704 in
943 640 1041 721 fundo
1062 641 1188 724 fipiincs

182 725 316 806 baberet,
345 727 510 810 fiputorum
541 748 633 810 mero
663 729 781 794 moiore
808 734 900 811 porte
930 730 1010 794 anui
1041 731 1084 794 act
1114 750 1190 812 opus

183 816 333 880 rusticum
355 816 502 901 utebatur,
524 818 633 882 iuncte
653 818 718 882 eins
738 817 832 898 fundi
855 819 1094 884 instrumentum
1112 819 1188 902 cua-

181 909 276 1073 ,mrot
314 904 415 970 Labeo
436 905 596 971 Trebatius
613 926 675 970 non
693 907 790 972 uideri
806 907 917 990 fiputos
935 909 970 971 in
988 907 1190 974 instrumento

197 993 275 1058 nudi
297 1013 366 1059 esse.

271 1092 324 1156 43.
351 1090 389 1155 D.
404 1091 479 1156 ibid.
495 1094 514 1172 ξ
529 1093 559 1157 2.
583 1127 625 1138 -
648 1091 729 1157 Item
751 1112 819 1158 mun
841 1093 1080 1158 instrumentum
1101 1114 1190 1160 omne

183 1179 315 1262 lepotnm
332 1185 407 1245 esset
423 1185 540 1262 eccepto
552 1201 668 1267 pecore,
680 1186 820 1264 pastores
837 1181 990 1266 unitiones,
1009 1183 1104 1248 critic
1116 1203 1188 1265 quo-

181 1287 239 1350 qne
262 1269 357 1352 tepoto
379 1271 527 1334 contineri
552 1268 665 1352 Ofilius
686 1291 749 1335 uon
770 1274 846 1335 recte
861 1275 965 1352 putot.

527 1469 573 1529 De
596 1471 714 1530 uectibus
735 1471 844 1544 tepetis.

270 1588 323 1653 44.
351 1587 388 1653 D.
404 1587 610 1673 50‚1o‚242,
626 1591 654 1654 1.
694 1587 863 1653 Iavolenus
887 1589 971 1654 libro
991 1589 1129 1654 secundo
1150 1611 1189 1655 ex

182 1677 416 1761 posterioribus
440 1677 607 1742 Labeonis.
627 1677 774 1743 —Inter
796 1676 985 1761 proieotnm'
1008 1683 1036 1742 et
1057 1678 1188 1744 ‘immis-

181 1765 263 1830 sum'
290 1765 344 1830 boc
374 1767 514 1831 interesse
542 1767 590 1830 cit
615 1765 728 1850 Labeo,
760 1768 841 1848 quod
861 1768 1028 1848 proiectum
1056 1770 1130 1832 esset
1155 1769 1190 1834 id

181 1854 264 1936 quod
295 1855 341 1918 itu
361 1854 576 1936 proveheretur
604 1860 819 1938 utnusquam
845 1857 1050 1939 requiesceret,
1081 1856 1188 1938 quotie

182 1943 349 2007 moeniono
371 1946 401 2007 et
420 1945 612 2026 supprnnetoe
633 1949 744 2020 esseut·
772 1945 944 2010 immissum
967 1949 1082 2028 antem,
1109 1945 1191 2027 qnod

181 2031 229 2094 ito
252 2032 349 2114 tieret,
376 2036 411 2096 ut
432 2033 537 2114 utiquo
559 2033 621 2098 ioco
644 2033 844 2117 requiesceret,
866 2033 958 2098 ueluti
981 2035 1067 2116 tipno
1090 2033 1190 2098 trabes

182 2139 261 2201 quoe
283 2121 494 2185 inmitteretur.

270 2215 322 2282 45.
346 2215 383 2282 D.
398 2217 473 2283 ibid.
488 2221 508 2300 ξ
523 2219 552 2283 2.
571 2254 614 2266 -
634 2218 811 2303 Piumbnm,
828 2218 909 2301 puori
925 2219 1189 2302 tumis-<intem

175 2310 349 2389 poneretur,
371 2307 505 2388 aedificii
522 2327 583 2372 esse
605 2309 653 2371 ait
668 2307 781 2390 Labeo,
804 2309 857 2373 sed
873 2308 913 2392 ici,
932 2309 1013 2389 quod
1028 2306 1190 2391 bppnetbri

182 2396 298 2478 tepenti
319 2415 413 2461 conso
433 2401 608 2478 poneretur,
630 2401 736 2461 contro
753 2417 821 2462 esse.

270 2493 322 2558 46.
359 2492 397 2557 D.
416 2493 491 2561 ibid.
510 2496 530 2574 ᾗ
549 2494 578 2559 4.
613 2531 651 2541 -
686 2493 864 2560 Strotnrnm
896 2493 954 2558 ioci
986 2493 1119 2558 alienius
1149 2513 1190 2559 ece

182 2582 295 2648 tabuiis
309 2581 455 2665 fuctam¹,
473 2604 550 2665 quoe
568 2587 679 2649 oestote
697 2583 870 2648 tollerentur
888 2586 917 2647 et
932 2582 1028 2648 bieme
1042 2602 1190 2664 poneren-

181 2676 240 2756 tur,
276 2671 399 2736 oectium
434 2692 495 2738 esse
529 2673 577 2737 ait
610 2672 725 2752 Labeo,
760 2671 907 2754 qnoniam
936 2672 1078 2753 perpetui
1112 2690 1190 2736 usus

174 2765 309 2844 porntce
339 2766 451 2840 essent;
482 2781 576 2844 neque
607 2763 651 2827 oct
675 2782 740 2827 rem
762 2761 926 2842 pertinere,
957 2761 1039 2842 quod
1063 2761 1190 2825 iuterim

181 2849 362 2914 tollerentur.

270 2945 320 3011 47.
344 2945 383 3011 D.
403 2946 455 3027 32,
470 2948 521 3030 30,
535 2948 565 3012 6.
595 2946 702 3012 Labeo
716 2947 800 3012 libro
816 2946 955 3012 secundo
970 2945 1189 3031 posteriorum

181 3033 378 3100 abavoleno
402 3036 660 3119 epitomatorum.
684 3031 722 3084 έ-
740 3035 777 3101 Si
799 3037 886 3101 autes
907 3036 1028 3101 uiienos
1045 3039 1080 3100 ut
1096 3037 1190 3100 dores

179 3121 383 3207 dumno[tu]s
409 3125 452 3188 sis
478 3144 573 3206 neque
598 3143 650 3188 ecs
676 3125 742 3189 nilo
770 3125 943 3190 condicione
964 3144 1059 3188 emere
1075 3125 1190 3206 possis,

180 3212 342 3276 aestimare
368 3213 499 3276 indicem
525 3217 659 3294 oportere
683 3212 794 3277 Ateius
819 3213 936 3298 scribit,
963 3213 1075 3296 quanti
1099 3214 1190 3278 aedes

180 3300 255 3384 siut,
282 3305 317 3364 ut
336 3302 438 3382 pretio
465 3301 561 3366 soluto
583 3300 667 3366 heres
689 3301 838 3368 liberetur.
884 3304 1020 3386 idemque
1042 3302 1123 3367 iuris
1145 3304 1192 3366 est

179 3390 270 3472 etsi,
292 3387 403 3475 <cnm>
421 3391 570 3472 potuisses
592 3411 700 3470 emere,
722 3411 785 3456 uon
806 3391 921 3457 emeris.

253 3577 267 3626 1
286 3572 334 3628 Fi.
354 3573 442 3630 factis.
