2590 3902
382 257 407 305 4.
430 211 849 310 n.unrmr1us1>u1scus¹
1042 253 1108 316 293

257 431 308 497 Do
329 432 477 498 doronem
492 437 683 516 possessione
703 434 948 500 manumissoris.

187 542 216 602 1.
239 537 279 604 Ι).
293 538 346 622 37,
361 540 412 622 12,
426 539 456 605 5.
490 539 687 625 Papinianus
710 542 796 606 libro
820 541 987 606 undecimo
1007 539 1109 618 Quae·

99 628 238 692 stionum
272 626 323 712 (P.
343 626 431 715 195).
462 667 499 676 —
532 629 633 695 Divus
667 631 825 696 Traianus
856 629 975 714 filium,
1012 652 1107 716 quem

96 721 188 799 pater
212 717 297 782 male
323 721 435 783 contra
457 719 612 802 pietatem
635 719 816 805 adficiebat,
839 719 947 804 coegit
970 721 1107 785 emanci-

96 825 181 888 pare.
242 827 306 890 quo
343 812 458 889 postea
495 807 647 873 defuncto
683 813 775 893 pater
815 813 851 872 ut
892 809 1108 873 manumissor

97 893 257 959 bonorum
292 896 532 979 possessionem
564 897 627 961 sibi
660 902 842 981 competere
875 895 1010 962 dicebat.
1052 893 1108 962 sed

98 983 231 1048 consilio
251 982 379 1049 Neratii
396 982 500 1050 Prisci
524 991 556 1049 et
574 987 739 1051 Aristonis
763 985 793 1051 ei
815 989 949 1069 propter
968 987 1108 1050 necessi·

97 1075 197 1136 tatem
221 1071 396 1137 solvendae
419 1073 552 1157 pietatis
576 1070 762 1161 (potestatis
770 1072 802 1161 3)
826 1074 986 1159 denegata
1005 1078 1063 1138 est.

348 1231 399 1298 De
421 1233 561 1317 caereo
584 1256 605 1300 a
628 1234 759 1301 Caesare
780 1237 859 1300 doto.

186 1339 217 1404 2.
249 1336 288 1403 D.
307 1339 360 1424 50,
381 1342 431 1420 17,
452 1341 523 1407 191.
568 1341 658 1407 Idem
690 1339 747 1427 (so.
776 1335 902 1427 Celsus)
935 1338 1021 1404 libro
1053 1339 1109 1404 tri·

98 1430 243 1512 gensimo
266 1429 365 1495 tertio
382 1428 594 1514 Digestorum
614 1428 665 1518 (P.
679 1427 770 1518 247).
792 1467 835 1478 -
857 1427 1010 1494 Neratius
1033 1449 1107 1494 con·

98 1518 210 1601 sultus,
229 1538 272 1582 an
291 1518 377 1602 quod
395 1518 585 1584 beneficium
605 1520 681 1584 dare
699 1542 733 1585 se
747 1518 840 1604 quasi
854 1518 974 1583 viventi
988 1516 1108 1584 Caesar

97 1607 321 1690 rescripserat,
351 1607 417 1671 iam
445 1608 597 1674 defuncto
626 1608 750 1674 dedisse
778 1606 1030 1689 existimaretur,
1057 1628 1107 1670 re-

98 1693 229 1778 spondit
261 1717 328 1759 non
359 1695 460 1783 videri
493 1697 555 1762 sibi
586 1697 778 1782 principem,
814 1695 900 1782 quod
932 1696 976 1780 ei,
1012 1716 1107 1781 quem

98 1785 203 1849 vivere
227 1783 448 1871 existimabat,
476 1786 698 1873 concessisset,
720 1786 872 1852 defuncto
896 1785 1107 1867 concessiss03

98 1894 192 1957 quem
219 1877 330 1937 tamen
358 1874 491 1939 modum
519 1897 589 1939 esse
618 1876 764 1941 beneficii
792 1875 843 1941 sui
865 1872 977 1959 vellet,
1004 1874 1107 1958 ipsius

97 1961 356 2027 aestimationem
380 1984 458 2030 esse.

53 2121 57 2131 ⁴
183 2054 249 2115 Hoc
280 2056 496 2136 fragmentum,
529 2077 588 2136 quo
619 2059 748 2119 fortasse
780 2058 816 2117 ds
847 2057 912 2116 iure
943 2056 1107 2117 liberorum

98 2145 264 2204 consulenti
291 2144 382 2205 alicui
403 2146 563 2206 Neratium
589 2147 778 2224 respondisse
800 2146 893 2206 Lenel
918 2146 1041 2220 conicit,
1068 2146 1107 2206 ad

96 2231 193 2311 legam
208 2232 318 2293 Iuliam
336 2238 367 2293 et
379 2234 505 2311 Papiam
519 2237 725 2313 explicandam
740 2235 885 2312 scriptum
900 2253 964 2296 esse
978 2237 1105 2296 constat.

397 2429 453 2490 III.
474 2432 524 2491 Ex
546 2430 692 2492 Plautio
714 2431 810 2493 libri.

182 2552 363 2614 Laudentur
385 2556 477 2615 semel
498 2556 589 2633 idque
607 2556 645 2615 ab
663 2556 794 2633 Ulpiano
813 2557 898 2618 libris
916 2560 955 2620 ad
974 2561 1106 2621 edictum

96 2640 131 2702 D.
152 2643 182 2719 8,
202 2645 229 2717 3,
249 2645 317 2720 5,1
351 2635 521 2722 (Neratius
553 2645 637 2704 libris
670 2664 706 2704 ex
732 2638 879 2727 Plautio’)
908 2651 938 2708 et
965 2649 1106 2710 videntur

96 2733 166 2806 post
191 2730 285 2792 libros
313 2750 332 2791 a
353 2731 494 2794 Iauoleno
521 2751 558 2792 ex
579 2733 700 2793 Plautio
728 2735 824 2794 factos
851 2738 1008 2814 compositi
1032 2755 1103 2800 esse.

96 2823 165 2894 post
182 2820 340 2880 Neratium
364 2839 400 2881 ex
418 2822 522 2882 eodem
540 2822 661 2882 Plautio
679 2823 773 2882 libros
791 2824 926 2885 fecerunt
943 2826 1003 2884 VII
1018 2827 1104 2887 Pom-

95 2908 202 2984 ponius
231 2903 276 2987 (P.
291 2903 497 2992 sne-371),
527 2911 639 2970 Paulus
666 2911 770 2971 XVIII
797 2903 843 2992 (P.
861 2910 1103 2999 1071-1247).

96 3001 184 3073 atque
198 2997 230 3057 iu
244 2997 400 3075 Pomponii
413 2999 591 3076 fragmentis
602 3001 746 3061 Neratius
760 3020 908 3079 nusquam
922 3006 1103 3082 nominatur,

96 3085 126 3144 in
139 3086 228 3146 Pauli
246 3106 305 3148 non
324 3087 411 3148 modo
425 3087 618 3165 Pomponius,
637 3089 689 3150 ssd
703 3092 793 3151 etiam
807 3091 969 3156 Iavolenus
986 3088 1036 3171 (D.
1052 3099 1104 3174 34,

97 3176 159 3250 2,8
183 3175 216 3234 P.
233 3170 334 3257 1171)
362 3179 393 3238 et
414 3177 571 3254 Neratins,
600 3182 631 3239 et
657 3181 706 3240 hic
733 3180 851 3259 quidem
878 3186 937 3243 ter:
970 3183 1047 3245 libro
1075 3185 1104 3243 V

94 3262 129 3323 D.
147 3266 197 3342 18,
213 3267 242 3344 1,
257 3268 296 3326 67
306 3284 352 3341 pr.
375 3265 408 3325 P.
426 3269 510 3328 1116
535 3262 707 3351 (Neratius
729 3264 809 3348 ait'),
833 3269 911 3333 libro
934 3272 977 3331 VI
1000 3272 1036 3333 D.
1051 3277 1103 3352 42,

97 3354 123 3428 1,
144 3355 163 3412 2
191 3353 225 3414 P.
246 3348 347 3414 1131b
374 3347 543 3435 (Neratius
571 3351 715 3437 scribit'),
742 3359 818 3418 libro
843 3361 919 3420 VIII
945 3362 982 3421 D.
1003 3363 1053 3435 35,
1075 3365 1103 3439 1,

94 3443 145 3516 43,
162 3443 180 3501 3
196 3442 229 3503 Ρ.
243 3444 326 3503 1156
342 3436 513 3525 (Neratius
527 3447 603 3506 libro
616 3446 714 3523 primo
728 3446 948 3523 Responsorum
964 3445 1103 3527 scribit'),

94 3529 138 3589 ita
167 3533 203 3589 ut
229 3531 331 3607 priora
357 3532 527 3609 fragmenta
553 3553 590 3593 ex
616 3535 733 3594 Neratii
759 3535 806 3594 his
832 3535 918 3596 libris
945 3537 1104 3613 desumpta

91 3619 260 3681 rideantur.
