2580 3900
175 183 239 248 186
257 183 304 239 ΙΙΙ.
314 181 391 238 GAII
400 180 546 237 CLAUDII
553 179 686 236 Nonou.
697 179 842 236 GALBAII
851 180 960 236 Tamo.
969 179 1066 236 lusis
1076 181 1151 238 OON
1153 183 1189 238 S.

499 361 550 427 Dc
570 361 734 443 usofructo
757 363 860 445 lcqato.

265 481 307 544 1⁸.
329 476 405 544 Vat.
419 477 457 542 fr.
473 479 524 542 77.
561 476 650 563 (Ulp.
664 477 685 542 l.
698 475 795 542 XVII
813 477 851 542 ad
872 475 945 542 sab.
964 475 999 543 P.
1013 475 1126 565 2563).
1146 515 1191 524 -

173 567 380 632 Interdum..
399 567 461 631 etsi
479 589 545 632 non
564 567 630 631 sint
647 567 819 651 coniuncti,
838 571 948 631 tamen
968 589 1044 631 usus
1063 567 1191 633 fructus

173 658 301 742 legatus
330 655 425 720 alteri
453 655 625 741 adcrescit,
651 659 688 720 ut
714 658 794 740 puta
822 655 850 720 si
876 654 958 719 mihi
987 655 1080 720 fundi
1111 677 1191 722 usus

172 745 298 809 fructus
332 744 507 827 separatim
534 745 634 808 totius
663 747 696 808 et
723 743 785 808 tibi
813 743 961 808 similiter
988 743 1086 809 fuerit
1113 767 1191 810 usus

173 834 298 899 fructus
331 833 476 917 relictus;
504 855 581 898 nam
608 836 645 897 ut
671 830 870 897 Celsus...
898 836 931 896 et
957 830 1104 897 Iulianus

174 922 333 1006 scribunt,
361 942 518 987 concursu
543 924 653 1006 partes
675 921 842 985 habemus.
890 921 976 1005 quod
1000 921 1090 986 etin
1113 944 1191 1005 pro-

172 1011 311 1095 prietate
330 1011 547 1096 contingeret3
564 1032 640 1075 uam
659 1011 760 1074 altero
770 1009 969 1095 ¹repudiante
985 1010 1068 1074 alter
1082 1015 1189 1076 totum

172 1099 308 1165 fundum
326 1100 469 1165 haberet.
501 1099 609 1164 sedin
628 1099 810 1164 usufructu
829 1100 890 1164 hoo
908 1098 982 1183 plus
1001 1103 1060 1183 est,
1074 1103 1191 1165 eontra

173 1210 271 1273 quam
303 1185 496 1254 Atilicinum
527 1188 733 1273 respondisse
766 1187 913 1252 Aufidius
946 1185 1046 1253 Chius
1078 1188 1191 1271 refert,

172 1278 258 1363 quod
294 1282 328 1343 et
363 1277 559 1342 constitutus
595 1276 699 1341 nihilo
735 1277 843 1341 minus
878 1276 1017 1341 amissus
1050 1276 1100 1342 ius
1134 1277 1188 1342 ad-

175 1367 339 1432 crescendi
362 1365 515 1432 admittit

264 1453 307 1521 il.
335 1454 374 1519 D.
390 1457 419 1533 7,
433 1455 462 1536 2,
480 1457 508 1540 1,
522 1454 551 1519 3.
597 1452 756 1537 Ulpianus
782 1452 868 1519 libro
896 1453 1035 1538 septimo
1062 1453 1186 1520 decimo

174 1544 214 1609 ad
238 1543 395 1609 Sabinum
419 1540 469 1629 (P.
483 1539 597 1629 2563).
618 1578 661 1590 -
684 1541 849 1607 Interdum
879 1591 910 1608 ..
939 1543 1000 1607 etsi
1028 1563 1096 1607 non
1121 1544 1188 1608 sint

174 1633 346 1715 coniuncti,
368 1635 479 1698 tamen
500 1630 724 1697 ususfructus
747 1631 875 1717 legatus
902 1629 996 1702 elteri
1020 1631 1188 1716 adcrescit,

173 1725 210 1785 ut
232 1726 312 1806 puta
336 1722 364 1785 si
387 1721 468 1786 mihi
490 1720 582 1786 fundi
600 1743 678 1785 usus
696 1720 820 1785 fructus
840 1720 1015 1805 separatim
1034 1721 1136 1786 totius
1155 1725 1189 1786 et

172 1809 236 1874 tibi
264 1810 412 1875 similiter
438 1810 536 1875 fuerit
563 1809 705 1875 relictus.
749 1831 840 1892 nam,
866 1812 904 1874 ut
932 1813 964 1873 et
991 1806 1106 1874 Celsus

174 1903 207 1962 et
222 1897 369 1964 Iulianus
453 1897 575 1980 scribit,
594 1919 749 1964 concursu
763 1902 879 1982 ¹partes
897 1897 1065 1962 habemus.
1102 1898 1188 1983 quod

174 1991 207 2051 et
234 1987 268 2051 in
297 1988 495 2072 proprietate
523 1987 739 2073 contingeret,
767 2009 844 2051 nam
872 1987 974 2052 altero
997 1987 1188 2069 repudiante

174 2077 257 2140 alter
284 2080 391 2141 totum
413 2076 549 2141 fundum
572 2076 714 2141 haberet.
765 2076 820 2140 sed
846 2075 881 2140 in
908 2097 969 2142 usu
991 2075 1099 2141 fructu
1127 2078 1189 2142 hoe

173 2165 247 2249 plus
271 2168 329 2248 est,
353 2165 429 2249 quia
452 2170 484 2230 et
507 2165 703 2230 constitutus
727 2167 760 2228 et
782 2167 897 2248 postea
920 2165 1061 2234 amissus
1081 2164 1187 2230 nihilo

176 2254 283 2318 minus
307 2253 357 2319 ius
380 2253 586 2319 adcrescendi
609 2253 762 2318 admittit

368 2421 418 2487 De
439 2423 629 2488 ornamentis
650 2421 849 2488 moliebatur
872 2422 988 2504 tepetis.

264 2539 294 2603 2.
310 2535 478 2622 Ι).34,2,5.
509 2537 683 2602 Africanus
697 2537 782 2602 libro
797 2536 937 2602 seeundo
952 2536 1188 2613 Quaestionum

175 2625 224 2714 (P.
237 2623 318 2714 lib).
337 2663 381 2674 -—
398 2624 495 2711 Apud
513 2626 675 2692 Fufidium
690 2626 924 2702 Quaestionum
936 2625 1027 2706 libro
1047 2626 1187 2692 secundo

174 2719 221 2781 ita
249 2718 402 2800 scriptum
430 2721 494 2780 est:
527 2717 555 2780 si
583 2716 698 2781 mulier
725 2715 926 2804 mandaverit
953 2714 1029 2801 tibi,
1060 2719 1097 2779 ut
1124 2715 1189 2780 sibi

174 2805 310 2870 uniones
342 2827 418 2870 usus
452 2805 502 2870 sui
534 2827 632 2871 causa
660 2826 795 2888 emeres,
828 2805 856 2868 si
884 2809 920 2869 tu
946 2807 1022 2887 post
1050 2807 1189 2869 mortem

175 2895 254 2977 eius,
277 2915 349 2958 oum
370 2897 501 2977 putares
521 2915 592 2958 eam
612 2895 727 2976 vivere,
750 2893 875 2978 emeris,
897 2892 1070 2958 Atilicinus
1089 2897 1189 2978 negat

176 3001 245 3045 esse
273 2982 398 3066 legatos
425 2981 467 3064 ei,
495 2983 547 3046 cui
570 2981 686 3060 mulier
712 2982 760 3045 ita
786 2981 946 3065 legaverit
972 2980 1189 3064 ‘ornamenta

176 3090 257 3153 quae
282 3091 354 3134 mea
377 3091 474 3134 causa
496 3075 611 3154 parata
634 3074 710 3134 sunt
733 3067 891 3156 eruntve'5
918 3093 986 3135 non
1009 3071 1093 3135 enlm
1117 3069 1188 3135 eius

176 3178 273 3222 causa
298 3157 399 3222 videri
422 3162 538 3241 parata
561 3179 643 3236 esse,
672 3179 753 3243 quae
776 3158 842 3223 iam
865 3164 994 3225 mortua
1016 3181 1055 3224 ea
1078 3163 1189 3243 empta

175 3246 304 3311 fuerInt.

608 3335 658 3400 De
679 3337 753 3402 dote.

244 3450 294 3514 .3.
331 3445 370 3513 D.
393 3450 443 3528 12,
464 3450 494 3534 4,
516 3450 593 3534 lpr.
646 3449 791 3515 Iulianus
824 3450 907 3516 libro
940 3455 1031 3516 sexto
1063 3451 1188 3519 decimo

175 3536 385 3623 Digestorum
422 3537 473 3625 (P.
495 3539 585 3623 266).
620 3574 657 3585 -
695 3537 757 3614 Qui
794 3560 828 3604 se
865 3539 979 3605 debere
1015 3542 1188 3624 pecuniam
