2596 3902
162 183 224 249 132
241 185 287 242 ΠΙ.
299 185 375 240 GAII
384 183 532 240 CLAUDII
541 183 675 240 NERON.
687 184 833 240 GALBAE
844 185 1057 242 Tubercula
1071 184 1174 241 CONS.

251 350 281 415 2.
303 348 344 413 D.
358 349 412 430 29,
425 349 455 427 2,
471 348 522 413 60.
558 346 729 413 Iavolenus
752 348 835 413 libro
855 349 960 432 primo
980 369 1019 412 ex
1037 349 1175 432 posteri·

162 439 272 505 oribus
294 437 463 502 Labeonis.
485 472 523 483 —
545 435 665 501 Filium
688 436 928 522 emancipatum
951 443 1044 521 pater
1067 439 1175 503 solum

161 527 312 593 heredem
339 525 482 590 instituit
509 529 554 609 et,
586 526 616 590 si
645 527 672 590 is
700 525 793 590 heres
822 548 886 591 non
914 531 1013 610 esset,
1045 547 1175 593 servum

161 618 299 681 liberum
333 619 365 678 et
397 615 546 679 heredem
580 636 649 679 esse
681 615 828 680 iusserat.
875 613 974 698 filius,
1007 619 1175 700 tamquam

162 709 256 790 pater
284 704 413 769 demens
442 703 571 788 fuisset,
603 703 761 768 bonorum
789 703 1028 788 possessionem
1056 705 1096 769 ab
1126 706 1174 769 in·

161 796 282 860 testato
307 793 402 878 petiit
424 796 458 856 et
481 792 527 856 ita
550 792 765 857 hereditatem
788 792 940 876 possedit.
981 792 1093 858 ‘Labeo
1119 794 1175 878 ait,

162 884 190 948 si
218 884 409 968 probaretur
438 902 517 946 sana
545 884 651 945 mente
680 885 773 964 pater
794 884 1027 945 testamentum
1050 881 1176 967 fecisse,

161 972 267 1037 filium
290 994 329 1036 ex
352 974 547 1036 testamento
571 970 658 1054 patri
680 968 832 1034 heredem
854 991 932 1035 esse.
975 970 1037 1034 hoe
1054 971 1175 1035 falsum

165 1064 261 1146 put03
288 1082 363 1125 uem
391 1059 478 1124 filius
502 1057 722 1142 emancipatus
746 1080 818 1123 cum
841 1058 1053 1123 hereditatem
1076 1063 1176 1125 testa·

165 1152 277 1227 mento
307 1148 418 1214 datam‘
445 1147 485 1212 ad
510 1168 543 1212 se
566 1148 728 1232 pertinere
750 1147 869 1231 noluit,
896 1148 1049 1213 continuo
1074 1170 1112 1213 ea
1135 1148 1176 1213 ad

166 1239 379 1304 substitutum
416 1235 565 1301 heredem
601 1237 720 1300 transit
751 1257 810 1302 nec
841 1239 950 1321 potest
982 1235 1083 1301 videri
1114 1259 1174 1321 pro

164 1327 281 1393 herede
305 1327 454 1411 gessisse,
478 1326 541 1411 qui,
564 1328 601 1388 ut
623 1325 834 1390 hereditatem
854 1324 1028 1410 omitteret,
1051 1327 1176 1392 exalia

161 1421 253 1501 parte
293 1414 390 1480 edicti
426 1413 664 1498 possessionem
699 1415 859 1479 bonorum
886 1417 985 1498 petat.
1039 1414 1175 1480 Paulus:

163 1508 195 1570 et
214 1505 369 1570 Proculus
388 1503 548 1568 Labeonis
572 1503 770 1568 sententiam
792 1503 956 1587 improbat
977 1508 1010 1568 et
1028 1504 1063 1568 in
1081 1503 1174 1570 Iavo-

165 1593 230 1659 leni
254 1593 416 1659 sententia
438 1595 495 1656 est

573 1722 627 1816 De·
646 1751 759 1834 tepetis,

254 1878 284 1942 3.
315 1876 355 1942 D.
375 1878 427 1960 31,
444 1875 498 1959 49,
516 1876 545 1942 3.
592 1874 711 1940 Paulus
743 1875 828 1941 libro
860 1876 973 1961 quinto
1002 1876 1042 1940 ad
1069 1876 1176 1961 legem

164 1966 280 2031 Iuliam
310 1970 342 2030 et
368 1965 503 2048 Papiam
531 1961 581 2052 (P.
600 1964 689 2050 949).
717 2001 761 2012 -
788 1963 896 2029 Labeo
925 1964 1024 2030 refert
1051 1985 1176 2050 agrum,
1291 1953 1293 2012 l

165 2055 255 2121 euius
284 2053 509 2120 commercium
536 2076 602 2119 non
625 2052 742 2137 habes,
769 2053 872 2138 legari
895 2054 954 2118 tibi
979 2075 1075 2137 posse
1099 2053 1176 2119 Tre·
1292 2077 1293 2130 f

164 2145 289 2208 betium
321 2142 609 2228 respondisse...
660 2141 716 2207 sed
748 2141 904 2207 Proculus
937 2142 1000 2222 ait,
1043 2143 1071 2207 si
1103 2145 1175 2226 quis
1292 2149 1293 2186 ἒ

162 2232 313 2298 heredem
348 2254 441 2297 suum
475 2253 548 2296 eum
580 2231 729 2313 fundum,
766 2231 856 2296 euius
889 2231 1115 2297 commercium
1147 2233 1176 2298 is

162 2325 257 2386 heres
288 2343 354 2386 non
385 2321 518 2402 habeat,
551 2319 626 2384 dare
658 2320 797 2384 iusserat
830 2319 874 2404 ei,
906 2319 961 2404 qui
992 2320 1060 2385 eius
1089 2343 1177 2386 com·

165 2412 319 2475 mercium
337 2409 465 2493 habeat,
488 2405 655 2473 heredem1
679 2408 861 2493 obligatum
886 2431 955 2473 esse
1055 2410 1120 2491 [vel
1141 2411 1176 2474 in

164 2504 269 2586 ipsam
295 2520 378 2582 rem,
406 2499 435 2562 si
461 2498 541 2563 haec
568 2498 601 2563 in
624 2497 720 2562 bonis
743 2498 909 2563 testatoris
933 2498 1043 2583 fuerit,
1072 2499 1122 2563 vel
1147 2499 1176 2564 si

166 2611 231 2655 non
254 2593 318 2673 est,
340 2587 376 2652 in
400 2587 468 2652 eius
491 2587 776 2668 aestimationem}

253 2681 283 2742 4.
306 2678 345 2743 D.
360 2675 414 2755 33,
428 2676 458 2760 9,
473 2677 548 2759 3pr.
563 2677 604 2756 ἐξ
617 2678 645 2740 1.
656 2677 685 2740 2.
723 2675 884 2760 Ulpianus
900 2676 984 2741 libro
1000 2676 1175 2742 vicensimo

167 2767 306 2833 seeundo
330 2766 370 2844 ad
394 2764 550 2831 Sabinum
573 2760 621 2851 (P.
636 2761 748 2852 2641).
772 2800 814 2811 —
839 2764 1027 2840 ..Quintus
1049 2764 1176 2831 Mucius

168 2855 281 2920 scribit
299 2854 383 2920 libro
404 2853 541 2918 secundo
560 2853 639 2917 iuris
654 2854 766 2935 civilis,
786 2875 868 2935 penu
886 2854 995 2938 legata
1010 2855 1177 2934 contineri,

167 2964 248 3026 quae
273 2943 342 3006 esui
363 2943 518 3026 potuique
541 2948 625 3006 sunt.
669 2939 754 3006 idem
777 2939 914 3006 Sabinus
939 2943 1030 3007 libris
1055 2943 1094 3006 ad
1122 2943 1177 3008 Vi-

166 3029 295 3094 tellium
324 3029 509 3095 scribit...
530 3029 585 3093 sed
612 3029 724 3094 Aristo
751 3033 845 3094 notat
873 3031 970 3096 etiam
999 3053 1080 3115 quae
1109 3033 1178 3097 esui

166 3117 322 3202 potuique
347 3138 414 3183 non
443 3121 519 3182 sunt
547 3117 706 3183 contineri
733 3118 856 3203 legato,
888 3124 925 3182 ut
951 3122 1030 3204 puta
1059 3143 1110 3204 ea,
1143 3121 1177 3186 in

168 3207 285 3292 quibus
310 3228 379 3272 esse
403 3208 552 3292 solemus,
576 3207 681 3272 oleum
705 3206 797 3288 forte,
820 3228 934 3293 garum
956 3210 1092 3273 muriam
1114 3212 1177 3275 mel

168 3300 337 3379 ceteraque
355 3295 407 3360 his
427 3296 552 3360 similia.
594 3295 690 3379 plane
708 3294 820 3381 inquit,
843 3297 872 3360 si
889 3318 991 3380 penus
1011 3299 1178 3364 esculenta

166 3385 307 3470 legetur,
339 3384 446 3449 Labeo
478 3384 562 3450 libro
595 3406 680 3450 nono
708 3385 923 3469 posteriorum
953 3386 1066 3451 scribit
1093 3388 1177 3453 nihil

239 3562 253 3611 1
274 3557 322 3612 Fl.
341 3559 423 3629 putat
441 3558 579 3617 heredem.
