2596 3902
513 219 537 267 7.
557 209 743 268 PItOCULUS
1070 214 1131 278 111

350 391 400 457 De
422 393 610 474 adquirendo
632 413 737 458 rerum
760 394 909 474 docuiuc'o,

211 517 262 583 16.
285 516 324 583 D.
341 516 391 598 19,
404 517 431 599 l,
441 515 493 600 38,
503 517 532 582 2.
566 513 680 582 Celsus
694 517 779 582 libro
794 523 908 583 octavo
923 518 1133 602 Digestorum

123 604 171 692 (P.
187 603 255 690 79).
276 643 320 654 -
342 604 472 671 Firmus
496 628 515 671 a
534 605 671 671 Proculo
696 607 842 690 quaesiit,
865 607 893 671 si
917 607 955 670 de
978 607 1132 692 plumbeo

8 749 9 766 2
123 695 257 762 castello
281 694 411 760 fistulae
436 695 495 759 sub
518 697 638 759 terram
658 695 774 759 missae
793 717 909 780 aquam
929 696 1083 762 ducerent
1100 697 1134 761 in

123 807 237 850 aenum
256 783 411 849 lateribus
430 785 719 866 circumstructum,
739 806 780 848 an
797 783 859 848 hae
879 785 1005 850 aedium
1026 791 1135 851 essent

123 896 162 939 an
194 877 231 938 ut
262 877 338 938 ruta
371 893 463 938 caesa
495 873 603 937 vincta
634 871 762 957 fixaque
796 894 878 957 quae
910 873 1037 938 aedium
1067 897 1134 940 uon

123 969 239 1027 essent.
284 961 339 1026 ille
362 961 529 1045 rescripsit
551 961 685 1045 referre,
708 961 785 1046 quid
810 962 874 1026 acti
897 967 990 1026 esset.

210 1074 425 1150 Fragmentum
456 1073 586 1133 fortasse
614 1073 824 1150 Epistularum
855 1072 941 1134 libris
970 1075 1133 1134 attribuen-

122 1163 193 1223 dum
217 1165 272 1223 m
433 1245 483 1312 De
505 1246 680 1312 calumniae
701 1247 824 1311 iudicio.

212 1371 264 1436 17.
292 1369 411 1455 Gai.4,
432 1369 977 1456 163.-<Si>.res1cuonum
1005 1371 1056 1435 vel
1085 1392 1135 1436 ex·

124 1459 316 1525 bibitorium
343 1421 550 1524 intirdictum
578 1458 790 1544 redditur,..
806 1459 928 1524 ,modo
956 1459 1025 1524 sine
1053 1461 1135 1544 peri·

124 1550 196 1613 culo
230 1569 283 1613 res
316 1549 356 1612 ad
383 1549 448 1612 exit
448 1570 503 1612 um
530 1549 727 1632 perducitur,
759 1549 855 1613 modo
883 1569 955 1614 cum
983 1548 1136 1632 periculo.

124 1658 264 1722 namque
293 1637 321 1702 si
349 1637 505 1702 arbitrum
533 1638 745 1721 postulaverit
772 1638 800 1701 is
828 1659 901 1703 cum
929 1659 992 1722 quo
1020 1638 1135 1723 agitur,

124 1725 243 1810 accipit
265 1726 440 1790 formulam
464 1747 546 1810 quae
570 1727 753 1811 appellatur
776 1727 948 1791 arbitraria
962 1776 970 1790 .
985 1778 991 1791 .
1007 1777 1013 1792 .
1029 1727 1084 1792 sed
1104 1731 1136 1791 et

124 1819 215 1881 actor
233 1816 304 1880 sine
323 1835 427 1898 poena
442 1815 606 1900 experitur
620 1837 694 1881 cum
709 1837 746 1880 eo
761 1837 856 1900 quem
868 1837 971 1900 neque
985 1816 1135 1881 exhibere

122 1924 225 1989 neque
263 1904 435 1968 restituere
470 1905 640 1988 quicquam
672 1907 814 1989 oportet,
849 1909 1075 1989 praeterquam
1108 1907 1136 1969 si

123 1993 303 2057 calumniae
325 1992 477 2058 iudicium
497 1993 527 2056 ei
544 1991 729 2077 oppositum
749 1993 845 2058 fucrit
863 1993 1003 2058 decimae
1018 1995 1136 2078 partis3

124 2103 321 2166 quamquam
344 2080 480 2147 Proculo
506 2082 629 2166 placuit
653 2081 874 2168 denegandum
893 2083 1070 2149 calumniae
1089 2083 1135 2146 iu-

124 2169 242 2236 dicium
272 2170 301 2235 ei
329 2171 384 2254 qui
412 2171 569 2235 arbItrum
598 2171 825 2256 postulaverit,
856 2173 947 2256 quasi
976 2172 1036 2237 hoc
1063 2173 1135 2256 ipso

123 2259 291 2341 confessus
318 2258 467 2325 videatur
494 2261 664 2325 restituere
692 2282 725 2325 re
753 2262 804 2325 val
832 2261 981 2325 exhibere
1011 2261 1136 2326 debere.

407 2477 446 2537 H.
479 2477 731 2554 Epistularum
753 2478 849 2538 libri.

210 2601 246 2660 In
272 2601 433 2661 Iustiniani
460 2602 594 2680 Digestis
626 2603 793 2662 afferuntur
821 2602 1003 2678 fragmenta,
1039 2602 1065 2660 si
1092 2602 1135 2660 in-

127 2690 337 2766 scriptionibus
360 2690 434 2750 fidas
457 2690 594 2751 habenda
617 2693 672 2762 est,
695 2710 731 2749 ex
752 2689 838 2750 libris
861 2689 886 2768 Ι,
904 2689 944 2766 ΙΙ,
962 2689 1015 2767 IV,
1028 2689 1064 2762 V,
1083 2690 1136 2766 VI,

122 2779 190 2854 VII,
222 2778 308 2856 VIII,
339 2777 390 2838 XI.
423 2781 502 2856 quod
529 2780 561 2838 in
589 2783 744 2838 auctorum
771 2778 866 2838 indice
893 2779 967 2840 haec
995 2778 1137 2854 leguntur

124 2862 315 2949 ‘Hpouoitlou
324 2865 484 2928 ἐπιστολῶν
493 2862 697 2948 patriciatui,
706 2867 1138 2930 erroritribuendumricletur.

211 2956 357 3017 Proculus
385 2958 416 3016 in
443 2959 498 3018 hos
525 2959 617 3018 libros
644 2975 788 3034 responsa
815 2975 869 3016 sua
892 2957 1002 3016 selecta
1025 2957 1136 3018 additis

8 3097 9 3113 ,
116 3047 167 3122 iis,
192 3065 269 3122 quae
292 3047 482 3106 consulentes
505 3046 541 3105 de
564 3067 597 3106 re
620 3048 658 3106 ad
678 3065 745 3105 eum
764 3047 955 3124 scripserant,
976 3049 1136 3124 congessit.

8 3129 9 3206 i
121 3154 250 3210 quorum
264 3153 301 3194 ex
313 3154 437 3196 numero
452 3137 573 3212 recepta
587 3139 658 3196 sunt
670 3135 808 3212 inprimis
829 3155 872 3210 ea,
891 3155 967 3212 quae
981 3135 1135 3196 Licinnius

122 3224 258 3284 Lucusta
273 3226 304 3282 et
313 3223 474 3284 Atilicinus
488 3227 521 3283 ct
533 3225 633 3300 Nepos
647 3225 868 3300 consuluerant,
882 3243 940 3303 quc
954 3225 1068 3284 factum
1082 3230 1137 3302 est,

122 3315 156 3372 ut
176 3317 207 3372 et
224 3312 359 3389 partium
376 3312 497 3372 nomina
516 3315 693 3374 afferrentur
716 3317 747 3373 et
765 3333 822 3390 res,
846 3313 882 3372 de
901 3313 1008 3388 quibus
1027 3313 1138 3391 agitur,

122 3406 262 3462 accurate
287 3402 517 3478 designarentur
541 3395 591 3481 (D.
606 3405 640 3480 8,
656 3407 689 3480 2,
705 3406 746 3463 13
771 3396 910 3472 ‘Quidam
931 3401 1061 3461 Hiberus
1084 3420 1136 3460 no·

123 3491 211 3566 mine,
234 3489 286 3566 qui
309 3491 402 3550 habet
423 3493 493 3567 post
515 3493 622 3551 horrea
644 3510 711 3550 mea
733 3491 872 3566 insulam,
895 3489 1048 3548 balneans
1066 3488 1138 3546 fecit

10 3606 11 3633 i
124 3580 286 3640 secundum
301 3579 448 3655 parictem
467 3574 673 3640 communem’.
706 3579 741 3637 D.
753 3580 844 3655 18,1,
856 3579 897 3636 60
912 3570 1038 3633 ‘nucina
1052 3574 1138 3631 Polla
1219 3614 1264 3624 ,
