2602 3906
272 180 305 237 II.
324 180 566 237 INGERTORUM
585 179 814 234 SENTENTIAE
833 180 881 234 ET
899 181 1004 238 LIBRI.
1076 182 1141 247 529

134 349 171 410 ut
188 353 274 498 dr'etm
306 343 411 430 magis
444 366 541 428 quam
572 344 663 409 litem
700 344 734 408 in
765 344 904 409 militem
934 345 1142 411 transtulisse

134 455 187 498 cre
210 455 290 498 aur.

364 529 415 596 De
430 532 550 613 peculio
573 531 657 596 etde
679 531 712 595 iu
735 551 799 594 rem
821 552 912 597 uersa

223 645 289 711 54?
312 645 352 710 D.
367 646 499 728 3‚·5‚41.
521 645 610 710 Idem
630 643 688 733 (sc.
701 642 836 732 Paulus)
855 645 938 710 libro
951 646 1143 732 trigessimo

135 735 275 800 secundo
303 734 342 799 ad
371 735 519 802 edictum.
543 771 586 782 -
609 733 643 799 Si
671 734 756 798 servi
783 733 846 797 mei
870 739 987 820 rogatu
1009 737 1143 822 negotia

136 844 207 902 mea
229 824 417 908 susceperis,
441 824 469 888 si
496 823 664 889 dumtaxat
690 822 874 887 admonitus
902 845 922 886 a
954 845 1046 890 servo
1070 847 1143 891 meo

135 913 168 977 id
195 911 319 997 feceris,
346 913 407 978 erit
436 913 521 978 inter
544 934 604 977 nos
628 914 831 996 negotiorum
856 916 1021 997 gestorum
1045 914 1143 998 acti03

136 1001 164 1065 si
186 1022 262 1066 vero
286 1001 379 1084 quasi
393 1001 547 1066 mandatu
567 1000 660 1083 servi,
683 1000 781 1064 etiam
802 1000 840 1064 de
859 1002 985 1084 peculio
1005 1006 1037 1066 et
1056 1003 1094 1066 de
1108 1004 1144 1067 in

135 1112 203 1154 rem
227 1111 320 1155 verso
345 1110 440 1174 agere
463 1093 497 1154 te
520 1111 616 1174 posse
639 1110 830 1172 responsum
853 1094 910 1153 est.

443 1249 493 1315 De
515 1249 608 1314 edictu
634 1246 837 1314 Carboniano.

226 1364 291 1430 55?
316 1364 355 1429 D.
378 1364 430 1448 37,
454 1365 504 1447 10,
523 1365 553 1447 6,
572 1365 601 1429 6.
624 1363 743 1428 Paulus
767 1365 850 1430 libro
874 1364 1144 1450 quadragensimo

135 1456 242 1538 primo
266 1454 305 1517 ad
333 1453 482 1519 edictum.
504 1489 548 1500 —
575 1452 655 1517 Post
676 1453 879 1536 pubertatem
903 1455 1079 1537 quaeritur,
1102 1476 1145 1518 an

135 1543 257 1607 actoris
294 1546 402 1625 partes
440 1543 599 1607 sustinere
632 1540 748 1605 debeat
780 1543 834 1624 qni
867 1563 905 1605 ex
938 1541 1144 1608 Carboniano

137 1631 255 1695 missus
288 1636 339 1695 est
369 1632 403 1695 in
434 1632 681 1714 possessionem.
731 1636 763 1695 et
794 1652 983 1713 responsum
1016 1636 1066 1696 est
1095 1631 1144 1696 rei

136 1724 341 1802 partescum
365 1723 522 1812 sustinere
546 1719 669 1800 debere,
693 1720 829 1784 maxime
853 1720 881 1782 si
904 1719 999 1786 cavit.

478 1879 617 1961 Quodsi
639 1883 694 1943 aut
716 1879 803 1944 clam.

226 1995 278 2060 56.
313 1994 353 2059 D.
381 1996 434 2076 43,
464 1996 516 2078 24,
550 1995 600 2078 18,
634 1998 660 2061 1.
698 1993 813 2060 Celsus
849 1995 932 2059 libro
969 1996 1144 2062 vicensimo

136 2085 249 2168 quinto
282 2083 496 2168 Digestorum.
521 2120 563 2130 -
662 2105 852 2166 responsum
876 2089 940 2148 est:
974 2086 1001 2148 si
1025 2087 1144 2171 magis-

137 2176 260 2238 tratum
283 2194 442 2258 rogasses,
465 2177 501 2236 ut
520 2172 739 2237 adversarium
757 2177 849 2238 tuum
873 2173 984 2257 adesse
1006 2175 1042 2238 iu
1063 2171 1146 2239 aare

137 2262 271 2344 iuberet,
298 2283 338 2324 ne
366 2283 446 2345 opus
475 2283 593 2326 norum
622 2262 685 2326 tibi
711 2261 888 2345 nuntiaret,
916 2263 999 2327 clam
1026 2263 1144 2329 videris

138 2372 219 2433 opus
242 2349 356 2414 fecisse
375 2350 460 2433 quod
484 2350 613 2414 interim
636 2350 758 2415 feceris.

458 2507 508 2573 De
530 2530 612 2590 aqua
636 2514 664 2573 et
684 2510 721 2574 de
741 2510 826 2574 riom
945 2559 946 2564 η

226 2624 291 2690 57?
313 2624 352 2689 D.
372 2624 533 2709 50,13,2.
555 2621 644 2688 Idem
662 2619 721 2712 (sc.
743 2623 915 2710 Ulpianus)
935 2625 1018 2689 libro
1035 2624 1140 2707 primo

137 2713 344 2797 Opinionum.
361 2749 405 2760 -
429 2711 476 2778 De
495 2733 554 2777 usu
574 2734 683 2796 aquae,
707 2713 745 2777 de
762 2714 840 2777 rivis
859 2714 952 2778 novis
971 2712 1145 2778 inciviliter

136 2803 307 2886 institutis,
339 2802 418 2866 item
451 2802 489 2865 de
521 2801 611 2884 cquis
643 2801 756 2865 alienis
785 2824 804 2865 a
832 2803 951 2867 sciente
984 2802 1144 2885 possessis

136 2892 268 2974 fetuque
288 2913 407 2975 earum,
422 2890 502 2954 etde
517 2890 633 2954 damno
653 2889 729 2955 dato
744 2913 802 2974 per
820 2892 983 2956 immissos
1003 2891 1038 2954 in
1052 2912 1145 2974 prae-

136 2981 226 3045 dium
241 3002 333 3045 suum
343 2979 509 3044 universos
519 2979 665 3044 homines
676 3000 739 3062 eos,
750 2981 805 3062 qui
814 2981 849 3042 in
862 2979 1003 3063 plurium
1011 2979 1145 3062 praedia

134 3069 288 3133 distribui
320 3069 508 3150 debuerunt,
540 3067 568 3130 si
600 3068 696 3133 modo
724 3068 755 3132 id
788 3090 852 3132 non
881 3091 920 3132 ex
953 3069 1145 3134 auctoritate

136 3158 205 3222 eius
234 3158 290 3241 qui
316 3158 425 3223 iubere
448 3158 556 3241 potuit
577 3155 699 3222 factum
723 3162 785 3241 est,
812 3158 992 3241 praesidem
1015 3159 1145 3242 provin-

136 3248 205 3313 ciae
237 3246 342 3310 doceri
370 3253 517 3329 oportere
544 3267 734 3329 responsum
762 3250 825 3331 est,
851 3250 888 3310 ut
915 3247 943 3310 is
970 3245 1144 3311 secundum

136 3336 184 3402 rei
208 3335 401 3420 aequitatem
430 3339 463 3399 et
485 3334 715 3400 iurisdictionis
739 3335 882 3400 ordinem
902 3334 1145 3400 convenientem

136 3425 273 3490 formam
297 3445 348 3488 res
372 3423 435 3490 det.

210 3561 224 3608 1
247 3554 322 3610 Trrt.
341 3554 377 3609 ad
395 3553 537 3608 iudicium.

190 3654 286 3703 Iurlspr.
302 3654 419 3696 antehadr.
433 3654 532 3694 selloca
547 3653 646 3692 Bremer.
667 3649 698 3701 11,
708 3650 726 3688 2,
899 3645 934 3691 34
