2596 3902
367 205 391 254 d.
414 196 600 253 LONGINUS
620 229 652 239 -
675 203 698 254 l.
717 197 907 254 Pronurus
1102 201 1144 264 99

218 364 269 428 11.
293 362 331 427 D.
345 361 421 426 ibid.
436 364 456 442 ξ
473 362 522 426 14.
541 396 586 408 -
604 359 697 436 Quod
714 362 748 426 in
766 365 975 445 procuratore
995 362 1145 447 diximus,

31 445 32 460 ³
127 452 214 517 idem
233 455 267 516 ei
286 453 321 516 in
339 454 448 517 tutore
467 455 500 514 ct
519 453 666 515 curatore
684 449 855 515 dicendum
875 451 937 515 erit
955 452 1144 537 celerisque,

128 543 183 626 qui
207 562 246 605 ex
269 541 377 606 officio
401 561 460 624 pro
484 539 557 604 aliis
581 538 810 616 interveniunt,
833 544 866 604 et
885 541 933 604 ita
951 540 1068 605 Pedius
1088 543 1143 626 aii,

30 637 31 662 ¹
127 636 160 696 ei
195 630 309 714 adicit,
345 629 463 713 quibus
494 627 734 693 adminisiralio
767 650 876 693 rerum
907 628 1145 715 (permittitur,

30 763 31 786 2
126 719 260 803 corum>
296 719 422 801 culpa-m
454 717 567 781 abessa
600 719 767 800 praestare
800 738 866 782 non
898 718 1008 804 inique
1042 719 1143 784 domi-

30 823 31 904 ]
127 830 204 873 num
228 827 310 892 cogi.

29 971 30 980 χ
217 897 268 961 12.
300 894 339 959 D.
357 895 434 959 ibid.
453 896 473 975 ἓ
494 893 544 960 15.
578 929 619 940 -
650 893 741 958 Idem
772 892 888 958 Pedius
922 896 968 959 ait
999 894 1143 960 familiae

29 985 30 1068 l
128 985 345 1071 appellabisne
369 988 402 1048 et
425 982 510 1046 filios
532 982 674 1047 familias
697 981 927 1064 demonstratu
951 983 1037 1049 facta
1058 986 1143 1049 enim

29 1109 30 1120 .
128 1073 377 1139 domesticorum
387 1069 1143 1160 redhibitoriaagentempraestare(praestari‘i)

133 1164 243 1228 mlmt'
299 1249 349 1314 De
370 1270 404 1314 re
426 1250 477 1314 cui
498 1249 587 1314 homo
609 1250 746 1314 accedun
763 1250 967 1331 praedicitur.

216 1367 267 1431 13.
290 1365 329 1430 D.
339 1366 392 1444 21,
404 1365 538 1450 1‚44pr.
576 1364 664 1428 Idem
679 1361 737 1452 (sc.
752 1360 887 1450 Paulus)
902 1364 986 1429 libro
1003 1366 1141 1432 secundo

129 1455 166 1519 ad
191 1455 332 1520 edictum
356 1455 509 1519 aedilium
532 1452 691 1518 curulium
714 1451 766 1539 (P.
781 1451 871 1540 840).
896 1491 935 1500 -
961 1453 1143 1520 Iustissime

129 1544 247 1609 aediles
274 1544 448 1609 noluerunt
475 1542 638 1609 hominem
666 1543 695 1606 ei
722 1542 770 1606 rei
793 1563 875 1628 quaa
898 1543 1034 1608 minoris
1058 1547 1143 1609 esset

129 1633 286 1718 accedere,
307 1653 348 1697 ne
372 1655 437 1718 qua
459 1631 550 1696 fraus
574 1630 753 1695 antedicto
773 1635 830 1696 aul
847 1631 912 1696 iuri
930 1631 1018 1696 civili
1037 1632 1142 1715 fiere13

129 1726 164 1785 ui
189 1720 390 1805 superius,
417 1723 550 1806 propter
573 1720 763 1805 dignitatem
785 1720 969 1800 hominum,
998 1721 1142 1806 alioquin

130 1811 262 1875 eandem
284 1810 446 1876 rationem
469 1809 570 1874 fuisso
593 1816 626 1873 ai
647 1808 681 1872 in
703 1807 818 1874 celeris
837 1809 948 1894 rebus3
970 1811 1140 1876 ridiculum

129 1921 265 1984 namque
289 1920 359 1964 esse
381 1899 509 1964 tunicae
532 1897 668 1962 fundum
692 1897 848 1962 accedere.

555 2077 714 2086 ,-..--.-

465 2199 513 2282 ’6.
548 2201 801 2279 LONGINUS.

215 2349 395 2425 Pomponius
427 2345 447 2424 ἕ
472 2350 527 2408 52:
558 2341 686 2408 ‘Nervae
714 2348 856 2407 successit
883 2347 1027 2406 Proculus
1051 2395 1057 2406 .
1081 2347 1141 2406 fuit

130 2439 231 2498 codam
257 2440 392 2514 tempora
421 2440 452 2496 ei
477 2437 579 2497 Nerva
605 2437 697 2510 filius.
741 2436 800 2495 fuir
827 2439 858 2494 ei
885 2436 962 2495 alius
987 2436 1140 2512 Longinus

130 2545 163 2586 ox
181 2526 314 2639 equi&
332 2525 451 2603 quidem
470 2526 582 2604 ordine,
605 2526 657 2603 qui
674 2527 779 2601 postea
797 2525 836 2584 ad
853 2527 1027 2600 praeturam
1045 2542 1140 2601 usquo

129 2621 375 2764 perveil’lriialarea
405 2703 481 2764 nihil
513 2702 592 2779 quod
625 2701 717 2762 sciam
749 2702 785 2760 de
816 2702 873 2760 hoc
899 2700 974 2759 iuris
1003 2701 1139 2760 consulto

129 2793 247 2854 Proculi
270 2794 384 2854 assecla
406 2793 549 2852 traditum
575 2794 629 2851 esi.

551 2957 710 2965 -—-.-—-

478 3069 516 3153 7.
544 3072 786 3148 PROOULUS

216 3231 306 3289 quem
324 3211 414 3271 multi
431 3211 489 3272 viri
512 3212 592 3272 docti
614 3211 733 3288 iniuria,
752 3215 788 3269 ui
806 3209 947 3270 videnlur
970 3204 1013 3288 (v.
1035 3202 1139 3289 infra),

136 3301 342 3378 Sempronium
364 3298 521 3360 nominant
539 3291 616 3382 (arg.
635 3299 671 3359 D.
688 3302 739 3376 31,
754 3291 820 3379 47),
845 3299 880 3357 de
908 3299 993 3358 cuius
1020 3299 1085 3361 viu
1108 3301 1139 3358 ei

132 3391 199 3452 latis
216 3390 294 3449 nihil
312 3391 374 3450 fere
389 3390 462 3450 cerii
476 3389 616 3464 traditan
631 3408 691 3448 non
709 3392 772 3449 lam
791 3387 836 3446 rei
853 3386 992 3464 publicae
1012 3387 1136 3446 admini-

133 3480 281 3554 strandae,
318 3498 406 3557 quam
444 3478 519 3538 iuris
556 3477 711 3538 doctrinae
744 3475 876 3550 deditus,
908 3475 1070 3548 Labeonis,
1102 3477 1138 3530 ut

134 3569 263 3629 conicere
299 3568 382 3640 licat,
416 3567 535 3628 auditor
561 3567 739 3640 Norvaoqua
771 3554 899 3638 undeno,
937 3562 985 3620 cui
1018 3561 1136 3618 scholae
1224 3601 1247 3605 -

890 3658 926 3709 7*
