2568 3912
191 180 257 244 590
558 179 834 235 ADDITAMENTA.

281 343 310 406 3.
334 340 373 406 D.
397 342 472 407 ibid.
496 345 516 424 ξ
537 345 566 408 7.
587 378 625 390 -
727 343 822 426 quale
845 347 903 425 est,
925 343 1011 429 quod
1035 345 1141 430 vulgo
1168 346 1212 411 di-

196 433 333 515 ceretur,
355 431 535 516 legatorum
557 432 718 497 rationem
742 431 963 516 separandam.

529 590 578 655 De
601 591 735 656 libertate
756 591 870 656 relicto.

278 705 309 770 4.
341 703 380 770 D.
413 706 465 787 40,
497 706 527 788 4,
559 705 611 771 45.
660 705 745 771 Item
778 705 835 787 (sc.
868 703 1087 793 Modestinus)
1123 707 1212 773 libro

189 793 210 875 <
329 792 618 879 >Pandeetarum
640 831 684 841 —
708 795 856 878 ..volgo
881 793 998 859 dicitur
1022 795 1084 860 sub
1110 797 1213 880 pluri·

190 882 251 946 bus
266 883 508 948 condicionibus
519 883 753 948 detalibertate
767 883 966 948 levissimam
980 883 1210 950 condicionem

192 971 399 1055 spectandam
424 993 502 1056 esse.

527 1067 577 1134 De
600 1069 720 1134 laterali
742 1069 862 1134 iudico.

277 1183 306 1248 5.
329 1184 369 1248 D.
392 1184 445 1268 40,
470 1183 520 1268 12,
542 1184 595 1269 25,
618 1186 646 1249 2.
693 1182 792 1249 Gaius
818 1182 858 1248 ad
881 1183 1021 1248 edictum
1041 1187 1207 1268 praetoris
1271 1193 1273 1252 i

186 1273 312 1337 urbani.
334 1271 480 1337 -Licet
502 1275 599 1358 vulgo
623 1273 747 1338 dicetur
769 1278 845 1356 post
863 1272 1048 1337 ordinatum
1068 1274 1206 1340 liberale

189 1361 342 1426 iudicium
368 1360 546 1444 hominem,
573 1362 663 1426 cuius
699 1361 737 1426 de
765 1365 852 1426 stetu
887 1363 1115 1427 controversia
1150 1367 1207 1446 est,

192 1449 286 1515 liberi
310 1450 380 1514 loco
405 1471 485 1534 esse,
502 1453 611 1514 tamen
635 1454 667 1515 et
689 1473 718 1534 q.
742 1473 766 1514 s,

483 1607 535 1674 De
557 1611 705 1692 emptione
725 1610 921 1675 venditione·

275 1725 305 1790 6.
328 1723 397 1790 Gai.
425 1724 455 1807 3,
484 1725 555 1790 141.
582 1762 619 1771 -
721 1726 818 1811 vulgo
844 1728 961 1810 putant
986 1747 1045 1809 per
1073 1749 1202 1811 permu-

186 1813 344 1877 tationem
372 1835 479 1878 rerum
511 1815 708 1896 emptionem
736 1818 769 1878 et
795 1813 1014 1879 venditionem
1043 1817 1204 1897 contrahi,

186 1923 319 1984 eamque
351 1903 490 1985 speciem
522 1902 695 1986 emptionis
726 1903 983 1989 venditionisque
1017 1906 1203 1970 vetustissi-
1272 1947 1273 2006 3

186 2011 273 2054 mam
297 2010 376 2054 esse.

276 2084 312 2140 af.
335 2083 360 2142 1.
384 2085 412 2161 3,
437 2085 487 2160 aa,
511 2086 540 2142 a.
677 2085 753 2144 mue
776 2127 805 2144 ..
830 2085 908 2163 quoe
930 2085 1021 2163 vulgo
1047 2085 1205 2147 dicebatur
1272 2061 1273 2064 ‘

188 2189 242 2246 per
266 2165 527 2246 permutationem’
552 2173 716 2249 etreliqua
737 2176 773 2232 ut
797 2192 896 2250 supra.
1272 2183 1273 2216 ἰ

550 2324 600 2392 De
621 2329 689 2392 iare
711 2328 836 2393 muium.

277 2444 305 2507 7.
328 2440 367 2506 D.
391 2443 444 2527 23,
466 2443 496 2526 3,
520 2443 570 2508 68.
616 2442 815 2527 Papinianus
838 2443 921 2508 libro
944 2441 1072 2508 decimo
1097 2443 1203 2522 Quae-

186 2532 337 2597 stionum.
367 2567 405 2578 —
436 2581 470 2597 ..
500 2531 668 2616 vulgatum
692 2536 742 2596 est
774 2531 858 2596 dotis
884 2531 1139 2616 promissionem
1168 2534 1202 2596 in
1272 2559 1273 2592 i

184 2620 298 2703 primis
326 2621 493 2685 dumtaxat
517 2621 639 2704 nuptiis
664 2619 820 2686 destinari
850 2642 953 2706 neque
977 2619 1094 2685 durare
1119 2621 1198 2686 obli·
1272 2689 1273 2694 η

185 2708 359 2793 gationem,
386 2708 415 2772 si
443 2714 519 2792 post
546 2709 677 2774 alterius
701 2709 943 2774 matrimonium
966 2709 995 2773 ei
1018 2710 1124 2774 nubet
1145 2710 1198 2775 cui
1272 2697 1273 2754 i

186 2797 295 2862 dotem
317 2798 521 2880 promiserat.
1272 2799 1273 2804 ’

602 2885 651 2951 De
673 2888 780 2952 tutelis

276 3001 306 3065 8.
330 2998 541 3078 Gai.1,190.
564 3039 601 3048 —
623 3001 772 3067 Feminae
791 3051 820 3068 ..
841 3001 1001 3086 perfectae
1025 3002 1143 3067 aetatis
1163 3002 1197 3066 in

188 3088 291 3152 tutela
314 3110 383 3152 esse
481 3090 565 3154 ratio
590 3091 729 3155 suasisse
752 3090 885 3158 videtur.
915 3091 1013 3176 vulgo
1044 3091 1198 3174 ereditur,
1271 3123 1273 3180 j

188 3176 264 3258 quia
286 3176 418 3240 levitate
442 3179 542 3242 animi
565 3179 751 3263 plerumque
774 3179 974 3264 decipiuntur
1000 3183 1032 3243 et
1057 3201 1197 3263 aequum
1271 3189 1273 3246 i

187 3267 335 3328 crateae
359 3268 503 3329 tutorum
528 3268 719 3332 auctoritate
742 3268 821 3354 regi.

275 3352 304 3416 9.
341 3350 381 3416 D.
416 3352 469 3434 26,
505 3353 535 3432 9,
572 3356 600 3419 3.
659 3354 855 3440 Papinianus
894 3357 981 3422 libro
1017 3356 1196 3422 vicensimo
1272 3369 1273 3428 Q

187 3438 428 3515 Quaestionum.
445 3469 482 3486 -·
558 3442 655 3528 vulgo
676 3445 791 3509 dieitur
810 3444 928 3510 tutoris
943 3444 1055 3511 dolum
1068 3444 1198 3530 pupillo
1271 3461 1273 3490 ¹

187 3548 254 3591 non
276 3548 401 3592 nocere.
