2590 3902
183 207 248 272 336
285 208 317 262 V.
337 207 485 262 NERVAE
504 207 553 261 ΕΤ
571 206 722 262 Tannum
740 206 846 264 TEMP.
864 207 961 264 Iners
981 206 1162 264 CONSULTI

497 377 543 436 Do
565 378 657 452 teyoto
679 376 878 436 condicionali.

271 478 302 542 4.
329 477 367 543 D.
384 476 546 562 35‚1,97.
590 477 680 543 Idem
704 477 760 562 (ee.
784 475 920 564 Peulue)
944 477 1026 542 libro
1051 479 1193 545 seeundo

183 567 223 632 ad
238 565 408 632 Neratium
424 563 473 652 (P.
485 567 592 652 1036).
602 604 644 614 -
654 567 878 651 Maaiemotue,
895 568 924 633 ai
937 568 1098 651 iurassent,
1113 567 1195 652 tegm-

181 661 248 722 tom
270 661 320 722 est.
366 655 440 722 tuae
462 657 596 722 medrito
618 677 682 722 mon
703 661 748 723 eet
768 656 972 740 inpossibilis.

272 767 443 845 Sequuntur
465 769 551 828 haee:
576 761 715 828 ‘Paulum
739 769 989 846 quemadmodum
1012 787 1083 847 ergo
1100 815 1106 828 .
1123 815 1129 828 .
1145 764 1165 827 .'

529 922 579 989 De
600 923 850 1006 fideicommissis.

271 1031 302 1096 5.
326 1029 364 1095 D.
381 1029 434 1113 34,
451 1032 480 1118 1,
493 1031 545 1097 23.
586 1029 706 1096 Paulus
725 1029 809 1095 libro
830 1034 944 1114 quarto
964 1029 1004 1094 ad
1023 1029 1193 1097 Neratium

180 1116 231 1206 (P.
249 1118 358 1207 1048).
376 1157 419 1169 —
437 1119 599 1185 Neratius.
636 1118 775 1202 Roydtoe
792 1139 830 1203 es,
853 1123 889 1183 ut
905 1119 1057 1201 quendam
1076 1121 1190 1186 edoces.

181 1209 225 1274 od
244 1211 357 1275 vietum
379 1209 550 1276 necessaria
572 1210 601 1273 ei
617 1213 778 1290 proestare
800 1209 947 1291 ooyeudoe
969 1227 1008 1273 ea.

271 1321 446 1399 Sequuntur
468 1322 554 1380 haee:
579 1314 718 1380 ‘Pauluez
741 1337 814 1379 our.
831 1366 838 1378 .
853 1313 872 1380 .'

508 1472 558 1539 De
580 1469 716 1540 ideae
736 1473 865 1540 reticio?

275 1583 305 1647 6.
328 1581 367 1647 D.
381 1583 434 1665 40,
449 1582 478 1660 2,
492 1580 544 1645 24.
576 1578 696 1646 Paulus
710 1581 795 1646 libro
811 1580 949 1646 seeundo
965 1580 1005 1645 ed
1019 1579 1192 1647 Neratium

183 1670 232 1758 (P.
251 1667 361 1757 1037).
390 1707 431 1717 -
460 1667 608 1752 Pupillus
634 1670 688 1752 qui
718 1669 827 1750 iotam
853 1690 916 1734 mom
942 1675 987 1736 eat
1012 1671 1098 1754 opud
1123 1692 1192 1737 eom

180 1761 287 1826 sitium
308 1765 387 1825 reete
407 1758 608 1824 manumittit.

271 1853 445 1930 Sequuntur
467 1854 553 1912 haee:
577 1846 713 1912 ‘Paulum
737 1853 848 1914 scilieet
863 1898 870 1913 .
886 1901 892 1914 .
907 1847 927 1913 .'

349 2006 400 2072 De
421 2009 584 2072 donatione
606 2008 686 2072 iator
707 2007 810 2073 viram
832 2013 861 2073 et
881 2007 1031 2074 moran?

272 2115 301 2178 7.
324 2112 363 2178 D.
378 2113 429 2196 24,
445 2113 474 2192 1,
489 2113 542 2179 63.
582 2113 703 2177 Peulue
725 2113 809 2179 libro
833 2115 931 2179 tertio
955 2114 995 2179 ad
1017 2113 1189 2181 Neratium

183 2199 232 2290 (P.
253 2200 363 2288 1043).
385 2236 423 2248 —
445 2200 495 2267 De
516 2221 558 2281 eo,
581 2203 662 2284 qaod
681 2204 789 2267 nomio
810 2204 846 2268 in
868 2204 1043 2284 aedifioiam
1064 2205 1126 2269 oiri
1142 2205 1191 2270 'ito

183 2293 378 2358 coniunctam
405 2295 460 2374 est,
487 2296 523 2356 m
550 2291 717 2356 detractam
743 2292 876 2357 otiooios
903 2312 978 2358 asoa
1004 2312 1066 2358 esse
1083 2295 1190 2377 possit,

182 2383 344 2447 diomdmo
365 2385 411 2446 est
430 2381 484 2463 aqi
501 2398 603 2464 posse,
630 2381 706 2462 quio
728 2379 837 2464 (otio)
858 2380 948 2447 natta
974 2383 1053 2446 ootio
1075 2387 1132 2467 est,
1154 2403 1191 2448 eo

181 2470 244 2554 teqe
274 2471 432 2536 duodecim
464 2468 652 2551 iubatorum,
682 2471 822 2552 quomm‘e
849 2471 1029 2536 decemviros
1057 2491 1121 2536 moa
1149 2472 1192 2536 sit

182 2559 321 2626 eredotite
343 2561 382 2625 de
403 2557 452 2624 tie
473 2559 611 2642 semeae,
632 2578 762 2641 quoram
784 2559 937 2624 volumtate
958 2578 1006 2624 res
1028 2579 1133 2626 eoram
1155 2561 1191 2625 io

181 2650 319 2715 utimum
341 2648 517 2730 aedificium
539 2647 716 2714 maiomotoo
738 2653 843 2712 esseut.

271 2760 444 2838 Sequuntur
459 2761 543 2820 haee:
568 2753 692 2819 ‘Paulus
705 2762 791 2819 notet
801 2803 808 2816 .
819 2806 826 2819 .
836 2752 855 2818 .'
888 2759 1050 2838 fragmenti
1067 2760 1190 2820 initium

184 2853 329 2926 quantum
352 2847 391 2908 ed
412 2849 554 2926 loquendi
575 2867 664 2908 ueurn
686 2848 817 2925 pertinet
839 2839 904 2930 (‘de
927 2866 962 2908 eo
984 2849 1065 2925 qnod
1087 2851 1188 2910 uxoris

183 2938 440 2999 ...coniunctum
464 2931 550 3018 eet),
574 2937 788 2997 Tribonianum
812 2936 899 3013 sapit.

604 3088 654 3154 De
673 3090 767 3171 furto.

271 3198 300 3262 8.
323 3197 363 3262 D.
377 3198 430 3280 47,
447 3197 497 3280 19,
511 3197 540 3262 6.
577 3195 697 3261 Paulue
720 3197 804 3265 libro
828 3199 932 3283 primo
956 3199 996 3264 ad
1017 3195 1188 3266 Neratium

182 3283 232 3371 (P.
253 3286 361 3370 1030).
379 3321 416 3334 -
438 3283 476 3350 Si
492 3305 557 3350 mm
575 3285 801 3373 hereditoriam,
819 3289 967 3372 iyoorooe
985 3289 1020 3354 im
1038 3309 1074 3356 eo
1091 3309 1188 3356 aomo

181 3393 254 3453 esse,
277 3375 473 3457 mbripaisti,
494 3376 615 3454 flottam
638 3381 665 3440 te
685 3375 786 3457 faeere
808 3378 972 3462 repondit.

270 3485 443 3562 Sequuntur
464 3486 550 3544 haee:
574 3480 711 3547 ‘Paulust
735 3489 779 3548 rei
801 3489 1021 3551 hereditariae.
1036 3485 1077 3550 ..’

274 3572 365 3635 Ouiue
388 3591 564 3650 responsum
586 3577 760 3653 proponitur
784 3578 893 3638 neseio.
