2596 3902
510 187 534 236 7.
553 178 740 236 PROCULUS
1067 183 1129 248 131

121 367 171 408 aus
194 348 264 408 dem
287 347 401 407 Fehlen
424 348 506 406 einer
529 347 701 424 derartigen
721 348 836 409 Sohrift
863 350 905 408 im
927 348 1019 409 Index
1043 355 1130 429 auot,

120 437 245 498 sondern
268 436 346 497 anob
368 454 423 495 aus
442 435 496 496 der
514 435 654 514 Stellung
672 438 725 496 dor
742 437 924 516 Fragments
943 457 992 498 am
1011 437 1130 500 Sohluss

118 526 167 586 des
190 519 308 585 Titels'.
345 523 482 600 Kruager
504 546 532 602 p.
549 526 612 586 154
631 545 658 586 n.
674 529 725 587 48.
767 527 861 588 Lenel
878 546 950 588 vero
970 528 1013 588 ait
1032 520 1080 611 (Ρ.
1097 529 1129 588 Π

118 616 169 675 rol
186 617 248 675 166
264 633 293 674 n.
309 605 358 695 2):
378 607 486 680 ‘Cum
501 614 685 674 .Prooulum
699 614 848 675 Labeonis
862 616 955 676 libros
969 617 1128 678 adnotasse

117 724 151 764 ex
163 703 270 763 multis
283 703 461 779 fragmentis
475 705 599 776 constet,
618 703 843 781 inseriptionem
857 705 995 782 equidem
1008 710 1126 766 mutare

116 812 173 853 nou
205 785 315 852 ausim’
348 810 403 852 neo
434 791 588 853 dubitarit
620 793 681 852 alis
712 793 880 870 fragmenta
907 785 956 875 (P.
980 789 1127 876 3543)

115 881 220 942 iisdem
243 881 363 941 Proouli
384 881 470 941 libris
494 881 669 942 adscribere

201 969 246 1030 At
269 969 348 1047 quod
370 969 515 1030 Proeulus
538 969 687 1030 Labeonis
708 970 802 1030 libros
826 971 934 1031 adnot
920 971 1030 1049 tavit,
1057 972 1126 1032 inde

114 1060 236 1120 minime
255 1058 387 1118 efficitur
406 1052 560 1118 eundem
563 1078 599 1118 ex
617 1059 836 1136 posterioribus
855 1054 1015 1120 Labeonis'
1034 1080 1126 1121 novos

113 1149 206 1210 libros
229 1146 335 1208 lesisse
358 1147 390 1206 in
411 1148 526 1225 hisque,
553 1147 584 1206 id
607 1150 684 1225 quod
709 1148 883 1210 Iauolenum
904 1148 1010 1209 feoisse
1032 1149 1073 1224 11,
1097 1152 1126 1226 1,

113 1259 139 1314 p.
160 1239 225 1298 168
249 1237 389 1314 vidimus,
412 1236 559 1296 Labeonis
583 1237 748 1299 sententias
766 1238 814 1298 vel
838 1239 980 1313 probasse
998 1238 1048 1299 vel
1070 1238 1126 1298 im·

112 1327 262 1403 probasse.
299 1325 389 1386 immo
407 1326 482 1385 mihi
500 1325 620 1387 videtur
632 1327 778 1387 Prooulus
796 1326 896 1402 potius
921 1326 958 1386 ad
977 1325 1126 1388 Labeonis

113 1415 258 1493 quaedam
295 1415 396 1491 capita
429 1433 465 1474 ex
497 1414 646 1476 universis
679 1415 743 1475 eius
775 1415 861 1475 libris
895 1416 1005 1475 selecta
1035 1418 1124 1477 notas

113 1503 313 1581 composuisse
341 1523 375 1564 ao
397 1505 553 1580 tamquam
575 1524 687 1566 norum
710 1522 785 1581 opus
809 1508 839 1564 et
862 1504 951 1581 quasi
973 1504 1124 1581 quoddam

113 1593 302 1654 corollarium
337 1611 459 1668 operum
489 1592 635 1653 Labeonis
662 1611 739 1671 quae
766 1596 837 1653 tuna
865 1593 897 1652 in
923 1593 1124 1669 plurimorum

111 1681 184 1742 iuris
210 1681 416 1763 studiosorum
438 1700 497 1741 usu
520 1684 619 1758 erant,
647 1682 782 1742 edidisse.
827 1682 929 1760 itaque
953 1700 1020 1741 oum
1043 1682 1124 1761 frag·

111 1773 245 1830 mentum
267 1769 345 1831 illud
366 1771 507 1831 Iauoleno
530 1770 708 1848 attribuam,
730 1770 851 1831 Proouli
875 1773 963 1831 notas
985 1790 1044 1830 non
1067 1790 1124 1848 per

111 1863 206 1920 osrtos
230 1859 377 1919 Labeonis
400 1860 502 1933 libros,
525 1860 576 1919 sed
599 1879 700 1919 rerum
722 1859 760 1920 iis
782 1862 981 1920 tractatarum
1006 1861 1122 1920 ratione

110 1949 215 2008 habita
238 1948 418 2008 distribuere
440 1948 538 2008 visum
562 1952 616 2008 est.

198 2035 258 2108 Qui
293 2037 347 2096 illa
383 2041 481 2096 aetate
513 2036 661 2098 Labeonis
697 2038 861 2098 sententias
894 2037 1119 2098 examinaturus

110 2131 186 2204 orat,
214 2145 282 2185 oum
310 2145 379 2185 eum
402 2125 505 2186 Sabini
532 2127 695 2186 sententias
717 2128 876 2206 neglegere
902 2146 962 2187 non
984 2127 1120 2203 potuisse

109 2218 263 2291 appareat,
285 2215 370 2274 nulla
392 2215 470 2275 ratio
498 2220 558 2294 est,
590 2234 643 2275 our
668 2216 837 2294 fragmenta
858 2216 926 2292 illa,
953 2215 1119 2293 inquibus

108 2304 255 2364 Prooulus
274 2303 418 2364 Sabinum
436 2304 548 2379 laudat,
571 2304 631 2364 illis
651 2305 715 2365 eius
733 2305 811 2363 notis
831 2323 890 2364 non
910 2303 1120 2367 attribuamus.

108 2393 276 2452 afferuntur
311 2395 412 2454 autem
445 2392 589 2453 eiusmodi
621 2394 743 2454 Proonli
774 2397 863 2453 notae
894 2412 954 2452 non
985 2411 1054 2453 raro
1088 2393 1120 2452 in

107 2481 193 2542 libris
217 2482 256 2541 ad
279 2481 430 2541 Sabinum.

195 2571 379 2648 Fragmenta
407 2571 568 2631 secundum
591 2571 726 2631 ordinem
748 2569 944 2629 Sabinianum
966 2570 1118 2645 proposui.

480 2724 530 2791 De
553 2726 747 2790 testamentis.

197 2833 225 2896 1.
261 2825 301 2896 D.
324 2831 380 2912 29,
404 2833 439 2915 2,
462 2831 559 2916 supr.
613 2830 782 2896 Iavolenus
818 2831 902 2895 libro
931 2827 1039 2915 primo
1077 2851 1117 2894 ox

105 2919 339 3003 posterioribus
362 2921 531 2985 Labeonis
555 2956 597 2967 —
624 2919 783 2984 Antistius
807 2919 987 2984 Labeot
939 2918 997 3003 ait,
1019 2917 1047 2983 si
1070 2918 1118 2984 ita

101 3010 278 3074 institutus
304 3008 378 3074 sit
381 3010 409 3074 si
432 3009 603 3161 iuravertit,
575 3009 796 3074 therest
747 3013 817 3074 esto
818 2969 1008 3095 ',quamvi's
1032 3009 1116 3072 iura-

105 3099 198 3182 verit,
221 3119 288 3163 non
310 3103 422 3162 tamen
445 3104 572 3163 eumst
573 3099 652 3162 atim
675 3097 826 3162 heredem
850 3098 900 3164 fut
886 3104 1070 3181 tanarum,
1027 3103 1116 3162 arr-te

104 3209 201 3270 quam
225 3208 285 3271 pro
309 3187 424 3251 herede
446 3187 570 3272 aliquid
588 3187 732 3272 gesserit,
756 3188 831 3272 quia
850 3186 985 3252 iurando
1004 3187 1116 3251 volun·

102 3278 152 3340 tat
138 3280 205 3341 tem
225 3275 329 3361 magis
351 3297 441 3340 suam
462 3275 643 3341 declarasse
662 3275 768 3341 videat
755 3282 817 3340 tur.
855 3297 916 3361 ego
934 3278 1014 3360 puto
1034 3275 1114 3338 satis

104 3385 176 3428 eum
203 3386 264 3449 pro
292 3363 409 3430 herede
433 3365 586 3450 gessisse,
614 3365 641 3429 si
666 3368 703 3429 ut
724 3364 819 3430 heres
843 3363 1011 3447 iuraverit3
1038 3361 1114 3426 Pro·

105 3453 193 3518 oulus
217 3452 311 3517 idem.

192 3547 229 3606 of.
252 3546 376 3607 Peruioe
398 3547 460 3625 111,
484 3549 527 3608 50
536 3565 578 3622 sq.

916 3641 953 3692 9*
