<?xml version="1.0" encoding="UTF-8"?>
<!DOCTYPE html PUBLIC "-//W3C//DTD XHTML 1.0 Transitional//EN"
    "http://www.w3.org/TR/xhtml1/DTD/xhtml1-transitional.dtd">
<html xmlns="http://www.w3.org/1999/xhtml" xml:lang="en" lang="en">
 <head>
  <title>
</title>
<meta http-equiv="Content-Type" content="text/html;charset=utf-8" />
  <meta name='ocr-system' content='tesseract 3.04.00' />
  <meta name='ocr-capabilities' content='ocr_page ocr_carea ocr_par ocr_line ocrx_word'/>
</head>
<body>
  <div class='ocr_page' id='page_1' title='image "./iurisprudentiae03bremgoog_0450.png"; bbox 0 0 2614 3912; ppageno 0'>
   <div class='ocr_carea' id='block_1_1' title="bbox 154 223 1129 290">
    <p class='ocr_par' dir='ltr' id='par_1_1' title="bbox 154 223 1129 290">
     <span class='ocr_line' id='line_1_1' title="bbox 154 223 1129 290; baseline -0.013 0"><span class='ocrx_word' id='word_1_1' title='bbox 154 224 230 290; x_wconf 82' lang='lat'><strong>420·</strong></span> <span class='ocrx_word' id='word_1_2' title='bbox 256 223 289 280; x_wconf 89' lang='lat' dir='ltr'>V.</span> <span class='ocrx_word' id='word_1_3' title='bbox 307 223 457 278; x_wconf 77' lang='lat' dir='ltr'><strong>NERVAE</strong></span> <span class='ocrx_word' id='word_1_4' title='bbox 476 224 522 279; x_wconf 88' lang='grc' dir='ltr'>ΕΤ</span> <span class='ocrx_word' id='word_1_5' title='bbox 539 223 690 279; x_wconf 78' lang='lat' dir='ltr'>TRAIANI</span> <span class='ocrx_word' id='word_1_6' title='bbox 707 223 814 280; x_wconf 82' lang='grc' dir='ltr'><strong>ΤΕΜΡ.</strong></span> <span class='ocrx_word' id='word_1_7' title='bbox 832 223 928 280; x_wconf 83' lang='lat' dir='ltr'><strong>IURIS</strong></span> <span class='ocrx_word' id='word_1_8' title='bbox 949 223 1129 280; x_wconf 72' lang='lat' dir='ltr'>consum</span> 
     </span>
    </p>
   </div>
   <div class='ocr_carea' id='block_1_2' title="bbox 477 428 844 743">
    <p class='ocr_par' dir='ltr' id='par_1_2' title="bbox 477 428 844 743">
     <span class='ocr_line' id='line_1_2' title="bbox 568 428 751 489; baseline 0 -2"><span class='ocrx_word' id='word_1_9' title='bbox 568 428 675 489; x_wconf 86' lang='lat' dir='ltr'>Liber</span> <span class='ocrx_word' id='word_1_10' title='bbox 697 428 751 488; x_wconf 87' lang='lat'>111.</span> 
     </span>
     <span class='ocr_line' id='line_1_3' title="bbox 563 546 749 631; baseline -0.005 -18"><span class='ocrx_word' id='word_1_11' title='bbox 563 546 614 613; x_wconf 90' lang='lat' dir='ltr'>De</span> <span class='ocrx_word' id='word_1_12' title='bbox 636 548 749 631; x_wconf 62' lang='lat' dir='ltr'>beatis.</span> 
     </span>
     <span class='ocr_line' id='line_1_4' title="bbox 477 668 844 743; baseline 0.003 -16"><span class='ocrx_word' id='word_1_13' title='bbox 477 668 524 728; x_wconf 87' lang='lat' dir='ltr'>De</span> <span class='ocrx_word' id='word_1_14' title='bbox 545 687 601 729; x_wconf 84' lang='lat' dir='ltr'>usu</span> <span class='ocrx_word' id='word_1_15' title='bbox 623 671 721 743; x_wconf 74' lang='lat' dir='ltr'>freretu</span> <span class='ocrx_word' id='word_1_16' title='bbox 744 671 844 743; x_wconf 72' lang='lat' dir='ltr'>laquie.</span> 
     </span>
    </p>
   </div>
   <div class='ocr_carea' id='block_1_3' title="bbox 245 776 1163 862">
    <p class='ocr_par' dir='ltr' id='par_1_3' title="bbox 245 776 1163 862">
     <span class='ocr_line' id='line_1_5' title="bbox 245 776 1163 862; baseline 0 -19"><span class='ocrx_word' id='word_1_17' title='bbox 245 779 294 843; x_wconf 77' lang='lat'>70.</span> <span class='ocrx_word' id='word_1_18' title='bbox 323 776 362 843; x_wconf 95' lang='lat' dir='ltr'>D.</span> <span class='ocrx_word' id='word_1_19' title='bbox 382 777 434 861; x_wconf 90' lang='lat'>22,</span> <span class='ocrx_word' id='word_1_20' title='bbox 454 780 482 862; x_wconf 88' lang='lat'>1,</span> <span class='ocrx_word' id='word_1_21' title='bbox 500 780 542 845; x_wconf 87' lang='grc'>49</span> <span class='ocrx_word' id='word_1_22' title='bbox 564 810 606 833; x_wconf 91' lang='grc'>--</span> <span class='ocrx_word' id='word_1_23' title='bbox 625 779 678 856; x_wconf 87' lang='lat'>50,</span> <span class='ocrx_word' id='word_1_24' title='bbox 698 779 749 862; x_wconf 79' lang='lat'>17,</span> <span class='ocrx_word' id='word_1_25' title='bbox 769 780 819 843; x_wconf 78' lang='lat'>72.</span> <span class='ocrx_word' id='word_1_26' title='bbox 874 777 1046 842; x_wconf 84' lang='lat' dir='ltr'>Iavolenus</span> <span class='ocrx_word' id='word_1_27' title='bbox 1079 776 1163 843; x_wconf 88' lang='lat' dir='ltr'>libro</span> 
     </span>
    </p>
   </div>
   <div class='ocr_carea' id='block_1_4' title="bbox 153 865 1166 2372">
    <p class='ocr_par' dir='ltr' id='par_1_4' title="bbox 154 865 1166 1038">
     <span class='ocr_line' id='line_1_6' title="bbox 154 865 1166 951; baseline 0.001 -20"><span class='ocrx_word' id='word_1_28' title='bbox 154 865 252 932; x_wconf 83' lang='lat' dir='ltr'>tertio</span> <span class='ocrx_word' id='word_1_29' title='bbox 286 889 323 932; x_wconf 88' lang='lat' dir='ltr'>ex</span> <span class='ocrx_word' id='word_1_30' title='bbox 355 867 589 951; x_wconf 75' lang='lat' dir='ltr'>posterioribus</span> <span class='ocrx_word' id='word_1_31' title='bbox 616 866 786 933; x_wconf 83' lang='lat' dir='ltr'><strong>Labeonis.</strong></span> <span class='ocrx_word' id='word_1_32' title='bbox 814 904 857 914; x_wconf 92' lang='lat'>—</span> <span class='ocrx_word' id='word_1_33' title='bbox 884 866 1017 932; x_wconf 64' lang='lat' dir='ltr'>Faunus</span> <span class='ocrx_word' id='word_1_34' title='bbox 1048 867 1094 930; x_wconf 87' lang='lat' dir='ltr'>rei</span> <span class='ocrx_word' id='word_1_35' title='bbox 1119 871 1166 932; x_wconf 83' lang='lat' dir='ltr'>est</span> 
     </span>
     <span class='ocr_line' id='line_1_7' title="bbox 154 957 561 1038; baseline 0.002 -17"><span class='ocrx_word' id='word_1_36' title='bbox 154 957 202 1021; x_wconf 83' lang='lat' dir='ltr'>vel</span> <span class='ocrx_word' id='word_1_37' title='bbox 218 957 346 1038; x_wconf 79' lang='lat' dir='ltr'>pipnori</span> <span class='ocrx_word' id='word_1_38' title='bbox 368 958 444 1022; x_wconf 85' lang='lat' dir='ltr'>dure</span> <span class='ocrx_word' id='word_1_39' title='bbox 465 958 561 1022; x_wconf 76' lang='lat' dir='ltr'>licere.</span> 
     </span>
    </p>

    <p class='ocr_par' dir='ltr' id='par_1_5' title="bbox 153 1044 1166 1838">
     <span class='ocr_line' id='line_1_8' title="bbox 245 1044 1164 1131; baseline -0.001 -22"><span class='ocrx_word' id='word_1_40' title='bbox 245 1046 295 1109; x_wconf 78' lang='lat'>71.</span> <span class='ocrx_word' id='word_1_41' title='bbox 332 1044 371 1110; x_wconf 91' lang='lat' dir='ltr'>D.</span> <span class='ocrx_word' id='word_1_42' title='bbox 397 1047 431 1128; x_wconf 77' lang='lat'>7,</span> <span class='ocrx_word' id='word_1_43' title='bbox 454 1046 489 1127; x_wconf 90' lang='grc'>4,</span> <span class='ocrx_word' id='word_1_44' title='bbox 512 1046 556 1111; x_wconf 87' lang='grc'>24</span> <span class='ocrx_word' id='word_1_45' title='bbox 578 1069 625 1131; x_wconf 92' lang='lat' dir='ltr'>pr.</span> <span class='ocrx_word' id='word_1_46' title='bbox 679 1045 848 1111; x_wconf 87' lang='lat' dir='ltr'>Iavolenus</span> <span class='ocrx_word' id='word_1_47' title='bbox 881 1045 964 1109; x_wconf 88' lang='lat' dir='ltr'>libro</span> <span class='ocrx_word' id='word_1_48' title='bbox 997 1045 1092 1108; x_wconf 90' lang='lat' dir='ltr'>tertio</span> <span class='ocrx_word' id='word_1_49' title='bbox 1125 1065 1164 1108; x_wconf 86' lang='lat' dir='ltr'>ex</span> 
     </span>
     <span class='ocr_line' id='line_1_9' title="bbox 155 1132 1165 1218; baseline 0 -21"><span class='ocrx_word' id='word_1_50' title='bbox 155 1134 390 1218; x_wconf 83' lang='lat' dir='ltr'>posterioribus</span> <span class='ocrx_word' id='word_1_51' title='bbox 424 1133 592 1199; x_wconf 85' lang='lat' dir='ltr'>Labeonis.</span> <span class='ocrx_word' id='word_1_52' title='bbox 619 1171 661 1180; x_wconf 99' lang='lat'>—</span> <span class='ocrx_word' id='word_1_53' title='bbox 690 1133 768 1200; x_wconf 73' lang='lat' dir='ltr'>(ium</span> <span class='ocrx_word' id='word_1_54' title='bbox 799 1154 890 1199; x_wconf 81' lang='lat' dir='ltr'>usum</span> <span class='ocrx_word' id='word_1_55' title='bbox 919 1135 1056 1216; x_wconf 77' lang='lat' dir='ltr'>frrwtum</span> <span class='ocrx_word' id='word_1_56' title='bbox 1083 1132 1165 1198; x_wconf 85' lang='lat' dir='ltr'>berti</span> 
     </span>
     <span class='ocr_line' id='line_1_10' title="bbox 154 1222 1163 1307; baseline -0.003 -19"><span class='ocrx_word' id='word_1_57' title='bbox 154 1223 303 1307; x_wconf 72' lang='lat' dir='ltr'>haberem,</span> <span class='ocrx_word' id='word_1_58' title='bbox 325 1223 441 1304; x_wconf 74' lang='lat' dir='ltr'>fiumen</span> <span class='ocrx_word' id='word_1_59' title='bbox 462 1223 584 1289; x_wconf 83' lang='lat' dir='ltr'>bortum</span> <span class='ocrx_word' id='word_1_60' title='bbox 607 1225 768 1306; x_wconf 75' lang='lat' dir='ltr'>ocmtpuvii,</span> <span class='ocrx_word' id='word_1_61' title='bbox 791 1224 897 1288; x_wconf 84' lang='lat' dir='ltr'>deinde</span> <span class='ocrx_word' id='word_1_62' title='bbox 919 1222 958 1286; x_wconf 88' lang='lat' dir='ltr'>ab</span> <span class='ocrx_word' id='word_1_63' title='bbox 976 1242 1009 1287; x_wconf 86' lang='lat' dir='ltr'>eo</span> <span class='ocrx_word' id='word_1_64' title='bbox 1026 1222 1163 1299; x_wconf 84' lang='lat' dir='ltr'>reeessit;</span> 
     </span>
     <span class='ocr_line' id='line_1_11' title="bbox 154 1310 1165 1394; baseline -0.002 -18"><span class='ocrx_word' id='word_1_65' title='bbox 154 1313 205 1377; x_wconf 83' lang='lat' dir='ltr'>ius</span> <span class='ocrx_word' id='word_1_66' title='bbox 232 1332 348 1394; x_wconf 79' lang='lat' dir='ltr'>quoque</span> <span class='ocrx_word' id='word_1_67' title='bbox 371 1312 586 1391; x_wconf 78' lang='lat' dir='ltr'>ususfructus</span> <span class='ocrx_word' id='word_1_68' title='bbox 608 1313 782 1378; x_wconf 80' lang='lat' dir='ltr'>restitutum</span> <span class='ocrx_word' id='word_1_69' title='bbox 804 1332 865 1377; x_wconf 87' lang='lat' dir='ltr'>esse</span> <span class='ocrx_word' id='word_1_70' title='bbox 886 1310 1024 1376; x_wconf 82' lang='lat' dir='ltr'>Labeoni</span> <span class='ocrx_word' id='word_1_71' title='bbox 1045 1312 1165 1375; x_wconf 78' lang='lat' dir='ltr'>videtur</span> 
     </span>
     <span class='ocr_line' id='line_1_12' title="bbox 155 1398 1166 1485; baseline -0.001 -20"><span class='ocrx_word' id='word_1_72' title='bbox 155 1399 250 1485; x_wconf 73' lang='lat' dir='ltr'>[quia</span> <span class='ocrx_word' id='word_1_73' title='bbox 271 1401 306 1466; x_wconf 84' lang='lat' dir='ltr'>id</span> <span class='ocrx_word' id='word_1_74' title='bbox 322 1401 421 1466; x_wconf 73' lang='lat' dir='ltr'>solun</span> <span class='ocrx_word' id='word_1_75' title='bbox 433 1404 579 1483; x_wconf 70' lang='lat' dir='ltr'>perpetro</span> <span class='ocrx_word' id='word_1_76' title='bbox 596 1401 729 1467; x_wconf 61' lang='lat' dir='ltr'>eusdem</span> <span class='ocrx_word' id='word_1_77' title='bbox 746 1401 827 1465; x_wconf 82' lang='lat' dir='ltr'>iaris</span> <span class='ocrx_word' id='word_1_78' title='bbox 840 1398 1054 1483; x_wconf 77' lang='lat' dir='ltr'>mansisset?].</span> <span class='ocrx_word' id='word_1_79' title='bbox 1072 1400 1118 1464; x_wconf 79' lang='lat' dir='ltr'>itu</span> <span class='ocrx_word' id='word_1_80' title='bbox 1131 1400 1166 1464; x_wconf 84' lang='lat' dir='ltr'>id</span> 
     </span>
     <span class='ocr_line' id='line_1_13' title="bbox 154 1489 1164 1574; baseline -0.002 -20"><span class='ocrx_word' id='word_1_81' title='bbox 154 1510 261 1555; x_wconf 79' lang='lat' dir='ltr'>oerum</span> <span class='ocrx_word' id='word_1_82' title='bbox 287 1494 377 1574; x_wconf 79' lang='lat' dir='ltr'>puio,</span> <span class='ocrx_word' id='word_1_83' title='bbox 407 1491 437 1555; x_wconf 83' lang='lat' dir='ltr'>ei</span> <span class='ocrx_word' id='word_1_84' title='bbox 466 1490 583 1571; x_wconf 72' lang='lat' dir='ltr'>flumen</span> <span class='ocrx_word' id='word_1_85' title='bbox 614 1491 816 1554; x_wconf 75' lang='lat' dir='ltr'>inundatione</span> <span class='ocrx_word' id='word_1_86' title='bbox 841 1489 964 1554; x_wconf 79' lang='lat' dir='ltr'>bortum</span> <span class='ocrx_word' id='word_1_87' title='bbox 991 1489 1164 1570; x_wconf 52' lang='lat' dir='ltr'>occupavi&amp;</span> 
     </span>
     <span class='ocr_line' id='line_1_14' title="bbox 154 1578 1165 1661; baseline -0.003 -16"><span class='ocrx_word' id='word_1_88' title='bbox 154 1599 231 1645; x_wconf 77' lang='lat' dir='ltr'>nom</span> <span class='ocrx_word' id='word_1_89' title='bbox 252 1580 281 1644; x_wconf 87' lang='lat' dir='ltr'>si</span> <span class='ocrx_word' id='word_1_90' title='bbox 303 1578 386 1643; x_wconf 86' lang='lat' dir='ltr'>alveo</span> <span class='ocrx_word' id='word_1_91' title='bbox 409 1583 525 1644; x_wconf 81' lang='lat' dir='ltr'>mututo</span> <span class='ocrx_word' id='word_1_92' title='bbox 548 1579 619 1644; x_wconf 80' lang='lat' dir='ltr'>inde</span> <span class='ocrx_word' id='word_1_93' title='bbox 639 1599 770 1643; x_wconf 78' lang='lat' dir='ltr'>monere</span> <span class='ocrx_word' id='word_1_94' title='bbox 790 1578 926 1661; x_wconf 80' lang='lat' dir='ltr'>eoeperit,</span> <span class='ocrx_word' id='word_1_95' title='bbox 948 1578 1165 1642; x_wconf 70' lang='lat' dir='ltr'>umidiorem</span> 
     </span>
     <span class='ocr_line' id='line_1_15' title="bbox 153 1666 1166 1751; baseline -0.003 -19"><span class='ocrx_word' id='word_1_96' title='bbox 153 1666 291 1748; x_wconf 63' lang='lat' dir='ltr'>fatebere</span> <span class='ocrx_word' id='word_1_97' title='bbox 308 1667 458 1750; x_wconf 68' lang='lat' dir='ltr'>abraso,</span> <span class='ocrx_word' id='word_1_98' title='bbox 476 1687 546 1732; x_wconf 85' lang='lat' dir='ltr'>eum</span> <span class='ocrx_word' id='word_1_99' title='bbox 563 1667 593 1732; x_wconf 84' lang='lat' dir='ltr'>is</span> <span class='ocrx_word' id='word_1_100' title='bbox 611 1668 693 1733; x_wconf 71' lang='lat' dir='ltr'>beer</span> <span class='ocrx_word' id='word_1_101' title='bbox 709 1667 789 1732; x_wconf 77' lang='lat' dir='ltr'>alvei</span> <span class='ocrx_word' id='word_1_102' title='bbox 796 1667 940 1750; x_wconf 68' lang='lat' dir='ltr'>puteus</span> <span class='ocrx_word' id='word_1_103' title='bbox 953 1686 1015 1731; x_wconf 84' lang='lat' dir='ltr'>esse</span> <span class='ocrx_word' id='word_1_104' title='bbox 1028 1666 1166 1751; x_wconf 81' lang='lat' dir='ltr'>eoeperit,</span> 
     </span>
     <span class='ocr_line' id='line_1_16' title="bbox 155 1756 886 1838; baseline 0 -19"><span class='ocrx_word' id='word_1_105' title='bbox 155 1775 250 1837; x_wconf 67' lang='lat' dir='ltr'>amus</span> <span class='ocrx_word' id='word_1_106' title='bbox 272 1756 306 1820; x_wconf 81' lang='lat' dir='ltr'>in</span> <span class='ocrx_word' id='word_1_107' title='bbox 322 1756 496 1838; x_wconf 79' lang='lat' dir='ltr'>pristinam</span> <span class='ocrx_word' id='word_1_108' title='bbox 517 1761 632 1822; x_wconf 78' lang='lat' dir='ltr'>statum</span> <span class='ocrx_word' id='word_1_109' title='bbox 654 1757 775 1822; x_wconf 71' lang='lat' dir='ltr'>restitui</span> <span class='ocrx_word' id='word_1_110' title='bbox 793 1775 886 1838; x_wconf 81' lang='lat' dir='ltr'>pesse.</span> 
     </span>
    </p>

    <p class='ocr_par' dir='ltr' id='par_1_6' title="bbox 157 1843 1166 2104">
     <span class='ocr_line' id='line_1_17' title="bbox 247 1843 1166 1926; baseline -0.002 -17"><span class='ocrx_word' id='word_1_111' title='bbox 247 1845 298 1909; x_wconf 77' lang='lat'>72.</span> <span class='ocrx_word' id='word_1_112' title='bbox 326 1843 365 1908; x_wconf 93' lang='lat' dir='ltr'>D.</span> <span class='ocrx_word' id='word_1_113' title='bbox 385 1843 461 1909; x_wconf 88' lang='lat' dir='ltr'>ibid.</span> <span class='ocrx_word' id='word_1_114' title='bbox 476 1847 496 1926; x_wconf 63' lang='grc' dir='ltr'><strong>ξ</strong></span> <span class='ocrx_word' id='word_1_115' title='bbox 512 1845 540 1910; x_wconf 94' lang='grc'>1.</span> <span class='ocrx_word' id='word_1_116' title='bbox 565 1879 603 1892; x_wconf 90' lang='grc'><strong>-</strong></span> <span class='ocrx_word' id='word_1_117' title='bbox 629 1844 717 1910; x_wconf 83' lang='lat' dir='ltr'><em>Idem</em></span> <span class='ocrx_word' id='word_1_118' title='bbox 744 1846 824 1910; x_wconf 79' lang='lat' dir='ltr'>imr&#39;s</span> <span class='ocrx_word' id='word_1_119' title='bbox 850 1845 886 1910; x_wconf 79' lang='lat' dir='ltr'>ire</span> <span class='ocrx_word' id='word_1_120' title='bbox 913 1844 1021 1908; x_wconf 80' lang='lat' dir='ltr'>itinere</span> <span class='ocrx_word' id='word_1_121' title='bbox 1042 1847 1072 1908; x_wconf 82' lang='lat' dir='ltr'>et</span> <span class='ocrx_word' id='word_1_122' title='bbox 1093 1847 1166 1908; x_wconf 76' lang='lat' dir='ltr'>aeia</span> 
     </span>
     <span class='ocr_line' id='line_1_18' title="bbox 157 1933 1165 2019; baseline 0 -21"><span class='ocrx_word' id='word_1_123' title='bbox 157 1933 386 1998; x_wconf 80' lang='lat' dir='ltr'>custodiendum</span> <span class='ocrx_word' id='word_1_124' title='bbox 412 1953 473 2000; x_wconf 83' lang='lat' dir='ltr'>esse</span> <span class='ocrx_word' id='word_1_125' title='bbox 499 1935 547 1998; x_wconf 85' lang='lat' dir='ltr'>aii</span> <span class='ocrx_word' id='word_1_126' title='bbox 567 1934 682 2019; x_wconf 82' lang='lat' dir='ltr'>Labeo,</span> <span class='ocrx_word' id='word_1_127' title='bbox 710 1935 746 1999; x_wconf 84' lang='lat' dir='ltr'>de</span> <span class='ocrx_word' id='word_1_128' title='bbox 769 1933 879 2016; x_wconf 78' lang='lat' dir='ltr'>quibus</span> <span class='ocrx_word' id='word_1_129' title='bbox 900 1933 989 1998; x_wconf 82' lang='lat' dir='ltr'>rebus</span> <span class='ocrx_word' id='word_1_130' title='bbox 1010 1952 1062 2015; x_wconf 74' lang='lat' dir='ltr'>eye</span> <span class='ocrx_word' id='word_1_131' title='bbox 1084 1933 1165 1998; x_wconf 72' lang='lat' dir='ltr'>rilem</span> 
     </span>
     <span class='ocr_line' id='line_1_19' title="bbox 158 2022 625 2104; baseline 0 -17"><span class='ocrx_word' id='word_1_132' title='bbox 158 2022 240 2104; x_wconf 80' lang='lat' dir='ltr'>quod</span> <span class='ocrx_word' id='word_1_133' title='bbox 259 2022 295 2086; x_wconf 80' lang='lat' dir='ltr'>in</span> <span class='ocrx_word' id='word_1_134' title='bbox 316 2042 376 2087; x_wconf 81' lang='lat' dir='ltr'>usu</span> <span class='ocrx_word' id='word_1_135' title='bbox 396 2022 501 2103; x_wconf 73' lang='lat' dir='ltr'>fructu</span> <span class='ocrx_word' id='word_1_136' title='bbox 522 2024 625 2088; x_wconf 76' lang='lat' dir='ltr'>seatio.</span> 
     </span>
    </p>

    <p class='ocr_par' dir='ltr' id='par_1_7' title="bbox 156 2109 1166 2372">
     <span class='ocr_line' id='line_1_20' title="bbox 246 2109 1166 2192; baseline -0.002 -17"><span class='ocrx_word' id='word_1_137' title='bbox 246 2111 296 2177; x_wconf 76' lang='lat'>73.</span> <span class='ocrx_word' id='word_1_138' title='bbox 323 2109 363 2176; x_wconf 91' lang='lat' dir='ltr'>D.</span> <span class='ocrx_word' id='word_1_139' title='bbox 381 2110 459 2176; x_wconf 89' lang='lat' dir='ltr'>ibid.</span> <span class='ocrx_word' id='word_1_140' title='bbox 477 2113 498 2192; x_wconf 67' lang='grc' dir='ltr'><strong>ξ</strong></span> <span class='ocrx_word' id='word_1_141' title='bbox 516 2112 545 2177; x_wconf 85' lang='lat'>2.</span> <span class='ocrx_word' id='word_1_142' title='bbox 568 2147 613 2160; x_wconf 93' lang='lat'>·-</span> <span class='ocrx_word' id='word_1_143' title='bbox 635 2111 752 2176; x_wconf 87' lang='lat' dir='ltr'>Labeo.</span> <span class='ocrx_word' id='word_1_144' title='bbox 797 2111 862 2176; x_wconf 85' lang='lat' dir='ltr'>Neo</span> <span class='ocrx_word' id='word_1_145' title='bbox 887 2111 916 2176; x_wconf 85' lang='lat' dir='ltr'>si</span> <span class='ocrx_word' id='word_1_146' title='bbox 937 2129 1061 2176; x_wconf 71' lang='lat' dir='ltr'>mmma</span> <span class='ocrx_word' id='word_1_147' title='bbox 1083 2115 1166 2174; x_wconf 81' lang='lat' dir='ltr'>terre</span> 
     </span>
     <span class='ocr_line' id='line_1_21' title="bbox 156 2199 1165 2283; baseline -0.002 -19"><span class='ocrx_word' id='word_1_148' title='bbox 156 2199 279 2264; x_wconf 78' lang='lat' dir='ltr'>sublate</span> <span class='ocrx_word' id='word_1_149' title='bbox 299 2220 337 2264; x_wconf 79' lang='lat' dir='ltr'>er</span> <span class='ocrx_word' id='word_1_150' title='bbox 355 2200 455 2281; x_wconf 78' lang='lat' dir='ltr'>fundo</span> <span class='ocrx_word' id='word_1_151' title='bbox 477 2220 542 2265; x_wconf 77' lang='lat' dir='ltr'>oreo</span> <span class='ocrx_word' id='word_1_152' title='bbox 564 2205 594 2266; x_wconf 85' lang='lat' dir='ltr'>et</span> <span class='ocrx_word' id='word_1_153' title='bbox 614 2201 681 2266; x_wconf 81' lang='lat' dir='ltr'>aiio</span> <span class='ocrx_word' id='word_1_154' title='bbox 698 2204 814 2283; x_wconf 76' lang='lat' dir='ltr'>reperte</span> <span class='ocrx_word' id='word_1_155' title='bbox 830 2204 912 2283; x_wconf 80' lang='lat' dir='ltr'>esset,</span> <span class='ocrx_word' id='word_1_156' title='bbox 933 2200 1046 2264; x_wconf 83' lang='lat' dir='ltr'>ideireo</span> <span class='ocrx_word' id='word_1_157' title='bbox 1063 2219 1165 2264; x_wconf 85' lang='lat' dir='ltr'>meum</span> 
     </span>
     <span class='ocr_line' id='line_1_22' title="bbox 156 2287 1099 2372; baseline 0 -20"><span class='ocrx_word' id='word_1_158' title='bbox 156 2287 257 2354; x_wconf 80' lang='lat' dir='ltr'>solum</span> <span class='ocrx_word' id='word_1_159' title='bbox 278 2307 340 2354; x_wconf 83' lang='lat' dir='ltr'>esse</span> <span class='ocrx_word' id='word_1_160' title='bbox 361 2290 486 2369; x_wconf 80' lang='lat' dir='ltr'>desiuit,</span> <span class='ocrx_word' id='word_1_161' title='bbox 508 2310 572 2354; x_wconf 78' lang='lat' dir='ltr'>nore</span> <span class='ocrx_word' id='word_1_162' title='bbox 594 2290 694 2372; x_wconf 67' lang='lat' dir='ltr'>moys</span> <span class='ocrx_word' id='word_1_163' title='bbox 715 2310 809 2372; x_wconf 78' lang='lat' dir='ltr'>quum</span> <span class='ocrx_word' id='word_1_164' title='bbox 830 2293 994 2354; x_wconf 78' lang='lat' dir='ltr'>stercorato</span> <span class='ocrx_word' id='word_1_165' title='bbox 1016 2308 1099 2370; x_wconf 75' lang='lat' dir='ltr'>apro.</span> 
     </span>
    </p>
   </div>
   <div class='ocr_carea' id='block_1_5' title="bbox 532 2472 787 2547">
    <p class='ocr_par' dir='ltr' id='par_1_8' title="bbox 532 2472 787 2547">
     <span class='ocr_line' id='line_1_23' title="bbox 532 2472 787 2547; baseline -0.004 -15"><span class='ocrx_word' id='word_1_166' title='bbox 532 2473 578 2532; x_wconf 85' lang='lat' dir='ltr'>De</span> <span class='ocrx_word' id='word_1_167' title='bbox 600 2475 666 2532; x_wconf 77' lang='lat' dir='ltr'>vieo</span> <span class='ocrx_word' id='word_1_168' title='bbox 689 2472 787 2547; x_wconf 73' lang='lat' dir='ltr'>deputo.</span> 
     </span>
    </p>
   </div>
   <div class='ocr_carea' id='block_1_6' title="bbox 157 2577 1169 3022">
    <p class='ocr_par' dir='ltr' id='par_1_9' title="bbox 157 2577 1169 3022">
     <span class='ocr_line' id='line_1_24' title="bbox 248 2577 1166 2668; baseline -0.003 -21"><span class='ocrx_word' id='word_1_169' title='bbox 248 2582 312 2648; x_wconf 78' lang='lat'>74?</span> <span class='ocrx_word' id='word_1_170' title='bbox 335 2581 375 2649; x_wconf 93' lang='lat' dir='ltr'>D.</span> <span class='ocrx_word' id='word_1_171' title='bbox 385 2582 437 2665; x_wconf 87' lang='lat'>33,</span> <span class='ocrx_word' id='word_1_172' title='bbox 451 2582 482 2666; x_wconf 84' lang='lat'>6,</span> <span class='ocrx_word' id='word_1_173' title='bbox 493 2583 534 2648; x_wconf 87' lang='grc'>16</span> <span class='ocrx_word' id='word_1_174' title='bbox 544 2604 591 2668; x_wconf 91' lang='lat' dir='ltr'>pr.</span> <span class='ocrx_word' id='word_1_175' title='bbox 621 2578 711 2646; x_wconf 85' lang='lat' dir='ltr'><strong>Idem</strong></span> <span class='ocrx_word' id='word_1_176' title='bbox 726 2580 783 2667; x_wconf 86' lang='lat' dir='ltr'>(so.</span> <span class='ocrx_word' id='word_1_177' title='bbox 797 2580 961 2661; x_wconf 82' lang='lat' dir='ltr'>Proculus,</span> <span class='ocrx_word' id='word_1_178' title='bbox 976 2577 1033 2644; x_wconf 89' lang='lat' dir='ltr'>sed</span> <span class='ocrx_word' id='word_1_179' title='bbox 1048 2600 1166 2662; x_wconf 87' lang='lat' dir='ltr'>errore,</span> 
     </span>
     <span class='ocr_line' id='line_1_25' title="bbox 159 2667 1167 2757; baseline -0.004 -21"><span class='ocrx_word' id='word_1_180' title='bbox 159 2693 234 2736; x_wconf 86' lang='lat' dir='ltr'>nam</span> <span class='ocrx_word' id='word_1_181' title='bbox 258 2671 367 2756; x_wconf 88' lang='lat' dir='ltr'>potius</span> <span class='ocrx_word' id='word_1_182' title='bbox 385 2668 556 2736; x_wconf 85' lang='lat' dir='ltr'>Iavolenus</span> <span class='ocrx_word' id='word_1_183' title='bbox 580 2669 783 2736; x_wconf 89' lang='lat' dir='ltr'>scribendum</span> <span class='ocrx_word' id='word_1_184' title='bbox 806 2667 882 2757; x_wconf 73' lang='lat' dir='ltr'>fuis)</span> <span class='ocrx_word' id='word_1_185' title='bbox 905 2667 989 2734; x_wconf 90' lang='lat' dir='ltr'>libro</span> <span class='ocrx_word' id='word_1_186' title='bbox 1009 2667 1108 2733; x_wconf 85' lang='lat' dir='ltr'>tertio</span> <span class='ocrx_word' id='word_1_187' title='bbox 1127 2689 1167 2732; x_wconf 86' lang='lat' dir='ltr'>ex</span> 
     </span>
     <span class='ocr_line' id='line_1_26' title="bbox 157 2755 1169 2846; baseline -0.006 -20"><span class='ocrx_word' id='word_1_188' title='bbox 157 2759 393 2846; x_wconf 76' lang='lat' dir='ltr'>posterioribus</span> <span class='ocrx_word' id='word_1_189' title='bbox 416 2758 584 2826; x_wconf 77' lang='lat' dir='ltr'>Labeonis</span> <span class='ocrx_word' id='word_1_190' title='bbox 606 2796 644 2806; x_wconf 95' lang='lat'><strong>—</strong></span> <span class='ocrx_word' id='word_1_191' title='bbox 666 2757 729 2836; x_wconf 83' lang='lat' dir='ltr'>Qui</span> <span class='ocrx_word' id='word_1_192' title='bbox 751 2757 862 2825; x_wconf 82' lang='lat' dir='ltr'>vinum</span> <span class='ocrx_word' id='word_1_193' title='bbox 885 2755 1108 2824; x_wconf 82' lang='lat' dir='ltr'>Surrentinum</span> <span class='ocrx_word' id='word_1_194' title='bbox 1131 2755 1169 2820; x_wconf 91' lang='lat' dir='ltr'>in</span> 
     </span>
     <span class='ocr_line' id='line_1_27' title="bbox 161 2845 1168 2931; baseline -0.003 -19"><span class='ocrx_word' id='word_1_195' title='bbox 161 2849 329 2914; x_wconf 88' lang='lat' dir='ltr'>urnalibus</span> <span class='ocrx_word' id='word_1_196' title='bbox 357 2849 501 2914; x_wconf 80' lang='lat' dir='ltr'>habebat</span> <span class='ocrx_word' id='word_1_197' title='bbox 528 2847 692 2931; x_wconf 85' lang='lat' dir='ltr'>diffusum,</span> <span class='ocrx_word' id='word_1_198' title='bbox 719 2847 748 2913; x_wconf 84' lang='lat' dir='ltr'>is</span> <span class='ocrx_word' id='word_1_199' title='bbox 775 2846 837 2913; x_wconf 89' lang='lat' dir='ltr'>tibi</span> <span class='ocrx_word' id='word_1_200' title='bbox 863 2845 973 2912; x_wconf 84' lang='lat' dir='ltr'>vinum</span> <span class='ocrx_word' id='word_1_201' title='bbox 1000 2846 1168 2931; x_wconf 82' lang='lat' dir='ltr'>legaverat</span> 
     </span>
     <span class='ocr_line' id='line_1_28' title="bbox 159 2932 1168 3022; baseline -0.001 -24"><span class='ocrx_word' id='word_1_202' title='bbox 159 2935 195 2999; x_wconf 91' lang='lat' dir='ltr'>in</span> <span class='ocrx_word' id='word_1_203' title='bbox 230 2935 395 3022; x_wconf 86' lang='lat' dir='ltr'>amphoris</span> <span class='ocrx_word' id='word_1_204' title='bbox 428 2959 532 3003; x_wconf 89' lang='lat' dir='ltr'>omne.</span> <span class='ocrx_word' id='word_1_205' title='bbox 585 2935 666 3001; x_wconf 90' lang='lat' dir='ltr'>illud</span> <span class='ocrx_word' id='word_1_206' title='bbox 699 2958 824 3022; x_wconf 90' lang='lat' dir='ltr'>quoque</span> <span class='ocrx_word' id='word_1_207' title='bbox 856 2934 980 3020; x_wconf 88' lang='lat' dir='ltr'>vinum,</span> <span class='ocrx_word' id='word_1_208' title='bbox 1016 2934 1099 3020; x_wconf 90' lang='lat' dir='ltr'>quod</span> <span class='ocrx_word' id='word_1_209' title='bbox 1132 2932 1168 2998; x_wconf 92' lang='lat' dir='ltr'>in</span> 
     </span>
    </p>
   </div>
   <div class='ocr_carea' id='block_1_7' title="bbox 35 3021 1166 3110">
    <p class='ocr_par' dir='ltr' id='par_1_10' title="bbox 35 3021 1166 3110">
     <span class='ocr_line' id='line_1_29' title="bbox 35 3021 1166 3110; baseline -0.001 -23"><span class='ocrx_word' id='word_1_210' title='bbox 35 3065 37 3071; x_wconf 91' lang='lat'><em>-</em></span> <span class='ocrx_word' id='word_1_211' title='bbox 160 3023 325 3090; x_wconf 83' lang='lat' dir='ltr'>urnalibus</span> <span class='ocrx_word' id='word_1_212' title='bbox 358 3023 485 3110; x_wconf 79' lang='lat' dir='ltr'>fuisset,</span> <span class='ocrx_word' id='word_1_213' title='bbox 517 3027 660 3110; x_wconf 85' lang='lat' dir='ltr'>legatum</span> <span class='ocrx_word' id='word_1_214' title='bbox 692 3046 761 3090; x_wconf 87' lang='lat' dir='ltr'>esse</span> <span class='ocrx_word' id='word_1_215' title='bbox 792 3025 900 3091; x_wconf 88' lang='lat' dir='ltr'>Labeo</span> <span class='ocrx_word' id='word_1_216' title='bbox 932 3029 965 3090; x_wconf 89' lang='lat' dir='ltr'>et</span> <span class='ocrx_word' id='word_1_217' title='bbox 995 3021 1166 3089; x_wconf 74' lang='lat' dir='ltr'>Trebatius</span> 
     </span>
    </p>
   </div>
   <div class='ocr_carea' id='block_1_8' title="bbox 160 3112 401 3204">
    <p class='ocr_par' dir='ltr' id='par_1_11' title="bbox 160 3112 401 3204">
     <span class='ocr_line' id='line_1_30' title="bbox 160 3112 401 3204; baseline 0.012 -28"><span class='ocrx_word' id='word_1_218' title='bbox 160 3112 401 3204; x_wconf 85' lang='lat' dir='ltr'>responderunt.</span> 
     </span>
    </p>
   </div>
   <div class='ocr_carea' id='block_1_9' title="bbox 498 3159 828 3282">
    <p class='ocr_par' dir='ltr' id='par_1_12' title="bbox 498 3159 828 3282">
     <span class='ocr_line' id='line_1_31' title="bbox 498 3159 828 3282; baseline 0.009 -16"><span class='ocrx_word' id='word_1_219' title='bbox 498 3207 545 3266; x_wconf 86' lang='lat' dir='ltr'>De</span> <span class='ocrx_word' id='word_1_220' title='bbox 567 3159 697 3267; x_wconf 72' lang='lat' dir='ltr'>distribue</span> <span class='ocrx_word' id='word_1_221' title='bbox 720 3208 828 3282; x_wconf 71' lang='lat' dir='ltr'>tepetis.</span> 
     </span>
    </p>
   </div>
   <div class='ocr_carea' id='block_1_10' title="bbox 158 3313 1169 3672">
    <p class='ocr_par' dir='ltr' id='par_1_13' title="bbox 158 3313 1169 3672">
     <span class='ocr_line' id='line_1_32' title="bbox 249 3313 1168 3403; baseline -0.001 -22"><span class='ocrx_word' id='word_1_222' title='bbox 249 3314 300 3386; x_wconf 77' lang='lat'>75.</span> <span class='ocrx_word' id='word_1_223' title='bbox 328 3316 368 3383; x_wconf 91' lang='lat' dir='ltr'>D.</span> <span class='ocrx_word' id='word_1_224' title='bbox 385 3315 463 3384; x_wconf 90' lang='lat' dir='ltr'>ibid.</span> <span class='ocrx_word' id='word_1_225' title='bbox 481 3320 501 3396; x_wconf 64' lang='grc' dir='ltr'>ἐ</span> <span class='ocrx_word' id='word_1_226' title='bbox 522 3324 551 3383; x_wconf 93' lang='grc'>1.</span> <span class='ocrx_word' id='word_1_227' title='bbox 573 3323 626 3367; x_wconf 87' lang='lat'>—&#39;</span> <span class='ocrx_word' id='word_1_228' title='bbox 641 3313 701 3384; x_wconf 83' lang='lat' dir='ltr'>Oui</span> <span class='ocrx_word' id='word_1_229' title='bbox 728 3317 834 3383; x_wconf 83' lang='lat' dir='ltr'>dulcia</span> <span class='ocrx_word' id='word_1_230' title='bbox 855 3318 964 3403; x_wconf 80' lang='lat' dir='ltr'>legate</span> <span class='ocrx_word' id='word_1_231' title='bbox 987 3319 1111 3401; x_wconf 86' lang='lat' dir='ltr'>essent,</span> <span class='ocrx_word' id='word_1_232' title='bbox 1138 3315 1168 3381; x_wconf 81' lang='lat' dir='ltr'>si</span> 
     </span>
     <span class='ocr_line' id='line_1_33' title="bbox 158 3403 1166 3492; baseline 0 -23"><span class='ocrx_word' id='word_1_233' title='bbox 158 3403 243 3470; x_wconf 90' lang='lat' dir='ltr'>nihil</span> <span class='ocrx_word' id='word_1_234' title='bbox 270 3403 358 3470; x_wconf 86' lang='lat' dir='ltr'>eliud</span> <span class='ocrx_word' id='word_1_235' title='bbox 385 3409 579 3474; x_wconf 82' lang='lat' dir='ltr'>testamento</span> <span class='ocrx_word' id='word_1_236' title='bbox 607 3405 819 3492; x_wconf 81' lang='lat' dir='ltr'>significetur,</span> <span class='ocrx_word' id='word_1_237' title='bbox 852 3404 961 3472; x_wconf 88' lang='lat' dir='ltr'>omnia</span> <span class='ocrx_word' id='word_1_238' title='bbox 987 3406 1067 3471; x_wconf 83' lang='lat' dir='ltr'>haee</span> <span class='ocrx_word' id='word_1_239' title='bbox 1095 3425 1166 3470; x_wconf 80' lang='lat' dir='ltr'>esse</span> 
     </span>
     <span class='ocr_line' id='line_1_34' title="bbox 159 3493 1169 3581; baseline -0.001 -23"><span class='ocrx_word' id='word_1_240' title='bbox 159 3493 284 3578; x_wconf 82' lang='lat' dir='ltr'>legata:</span> <span class='ocrx_word' id='word_1_241' title='bbox 307 3495 448 3561; x_wconf 89' lang='lat' dir='ltr'>mulsum</span> <span class='ocrx_word' id='word_1_242' title='bbox 470 3517 600 3581; x_wconf 78' lang='lat' dir='ltr'>pessum</span> <span class='ocrx_word' id='word_1_243' title='bbox 624 3495 785 3562; x_wconf 83' lang='lat' dir='ltr'>defrutum</span> <span class='ocrx_word' id='word_1_244' title='bbox 809 3500 842 3562; x_wconf 87' lang='lat' dir='ltr'>et</span> <span class='ocrx_word' id='word_1_245' title='bbox 865 3495 988 3560; x_wconf 84' lang='lat' dir='ltr'>similes</span> <span class='ocrx_word' id='word_1_246' title='bbox 1007 3494 1169 3580; x_wconf 77' lang='lat' dir='ltr'>potiones,</span> 
     </span>
     <span class='ocr_line' id='line_1_35' title="bbox 158 3580 745 3672; baseline 0.005 -26"><span class='ocrx_word' id='word_1_247' title='bbox 158 3580 239 3648; x_wconf 89' lang='lat' dir='ltr'>item</span> <span class='ocrx_word' id='word_1_248' title='bbox 261 3605 341 3650; x_wconf 88' lang='lat' dir='ltr'>uvas</span> <span class='ocrx_word' id='word_1_249' title='bbox 365 3583 443 3651; x_wconf 85' lang='lat' dir='ltr'>ficos</span> <span class='ocrx_word' id='word_1_250' title='bbox 466 3585 592 3670; x_wconf 84' lang='lat' dir='ltr'>palmas</span> <span class='ocrx_word' id='word_1_251' title='bbox 614 3585 745 3672; x_wconf 85' lang='lat' dir='ltr'>oarieas.</span> 
     </span>
    </p>
   </div>
   <div class='ocr_carea' id='block_1_11' title="bbox 0 0 1315 3912">
    <p class='ocr_par' dir='ltr' id='par_1_14' title="bbox 0 0 1315 3912">
     <span class='ocr_line' id='line_1_36' title="bbox 0 0 1315 3912; baseline 0 0"><span class='ocrx_word' id='word_1_252' title='bbox 0 0 1315 3912; x_wconf 95' lang='lat' dir='ltr'> </span> 
     </span>
    </p>
   </div>
  </div>
 </body>
</html>
