2596 3902
182 205 222 268 78
251 205 298 260 ΙΙΙ.
314 204 389 260 GAII
405 203 553 260 CLAUDII
565 203 701 260 Nason,
712 203 855 287 GALBAE
866 204 973 260 TEMP.
983 201 1079 259 IURIS
1090 203 1184 260 CCNS

494 391 541 450 Dc
562 392 711 450 interdicto
733 390 881 452 Soloc‘ooo.

267 501 320 567 25.
349 501 390 567 D.
406 501 456 584 13,
473 502 501 584 7,
517 502 567 586 18,
581 501 610 565 3.
656 499 778 566 Paulus
801 500 885 566 libro
908 501 1081 567 vicensimo
1105 524 1194 568 nono

179 589 219 655 ad
243 591 383 656 edictum
408 588 456 677 (P
469 587 560 674 449).
583 625 625 635 -
650 587 685 654 Si
708 589 781 674 quis
804 588 938 674 caverit,
960 593 998 655 ut
1021 591 1105 656 silva
1128 591 1194 657 sibi

177 678 309 766 pignori
333 683 418 744 esset
439 677 467 764 <.
482 678 538 764 ..>‚
560 700 677 743 navem
701 700 740 743 ex
762 699 801 743 ea
822 680 959 744 materia
981 678 1102 744 factam
1124 701 1194 746 non

179 789 249 832 esse
272 767 403 853 pignori
422 766 553 833 Cassius
578 768 632 850 ait,
656 767 733 850 quia
755 766 842 831 aliud
866 767 909 833 sit
932 768 1079 850 materia,
1101 767 1194 834 aliud

179 857 281 922 navis.
315 860 348 921 et
369 857 440 922 ideo
461 855 668 938 [nominatim
692 855 726 918 in
749 854 854 919 dando
878 857 1027 942 pignore]
1052 856 1194 922 adicien-

179 946 254 1009 dum
270 967 340 1010 esse
356 945 444 1028 [ait]:
459 943 615 1029 ‘quaeque
630 965 669 1008 ex
682 942 764 1028 <ea>
778 944 861 1008 silve
873 943 960 1010 facta
974 950 1093 1010 natare
1104 945 1192 1013 sint'.

268 1064 522 1144 CnyhlarrClflck
546 1057 639 1124 ‘Seria
664 1062 717 1123 der
733 1063 852 1124 Btloher
870 1067 909 1124 41
926 1085 954 1124 u.
970 1058 1190 1148 42'1(1887)

180 1157 242 1216 282
254 1175 296 1231 sq.
320 1154 421 1214 Eisele
445 1155 476 1216 Z.
491 1155 519 1214 d.
534 1152 727 1230 flavigny-St.
741 1153 815 1212 XIII
840 1156 902 1213 144
913 1172 955 1231 sq.

564 1341 678 1400 Donmi
698 1341 806 1414 infecti.

266 1461 317 1526 26.
354 1460 394 1525 D.
417 1459 470 1543 39,
493 1461 523 1544 2,
546 1461 599 1525 28.
653 1449 823 1544 Ulpianus¹
849 1459 933 1525 libro
966 1460 1191 1545 octogensimo

177 1551 283 1634 primo
312 1549 351 1614 ad
380 1549 519 1614 edictum
548 1547 597 1632 (P.
616 1545 725 1635 1755).
756 1583 794 1594 -
823 1547 864 1612 In
891 1548 952 1613 hac
979 1548 1190 1631 stipulatione

177 1639 274 1722 venit,
297 1638 409 1722 quanti
432 1660 470 1703 ea
492 1658 545 1702 res
569 1638 637 1702 erit
679 1643 712 1701 et
732 1636 804 1702 ideo
824 1635 956 1703 Cassius
976 1636 1088 1702 scribit
1105 1659 1190 1724 eum,

178 1728 232 1811 qui
264 1726 375 1791 damni
405 1725 516 1792 infecti
548 1725 723 1810 stipulatus
755 1729 818 1812 est,
850 1726 878 1791 si
905 1729 1038 1811 propter
1065 1731 1188 1792 metum

176 1815 289 1880 ruinae
313 1837 351 1879 ea
374 1815 533 1898 aedificia,
561 1837 697 1900 quorum
719 1814 849 1879 nomine
873 1814 936 1879 sibi
959 1815 1059 1900 cavit,
1084 1814 1189 1898 fulsit,

176 1905 341 1988 impensas
359 1903 426 1968 eius
445 1903 493 1968 rei
512 1925 551 1968 ex
565 1904 723 1988 stipulatu
737 1904 889 1987 consequi
904 1924 1006 1988 posse.
1039 1902 1189 1988 idemque

175 1990 257 2056 iuris
281 2013 361 2074 esse,
384 2013 455 2056 cum
478 1997 612 2077 propter
635 1992 749 2057 vitium
773 1993 952 2057 communis
976 1993 1110 2077 parietis
1132 1993 1190 2078 qui

177 2081 264 2146 cavit
287 2079 349 2144 sibi
373 2079 482 2145 damni
505 2080 626 2164 infecti,
653 2103 785 2146 onerum
809 2102 919 2144 eorum
943 2081 1188 2146 relevandcrum

177 2168 294 2255 gratia,
312 2189 394 2254 quae
413 2171 447 2234 in
463 2171 621 2253 parietem
636 2170 835 2252 incumbunt,
854 2169 1000 2235 aedificia
1015 2192 1073 2234 suu
1086 2169 1188 2234 fulsit

265 2258 317 2323 27.
338 2257 584 2342 1).39,2,15,35.
621 2256 780 2343 Ulpianus
794 2258 878 2323 libro
894 2259 1188 2344 quinquagensimo

175 2347 275 2411 tertio
303 2347 343 2411 ad
371 2345 509 2411 edictum
532 2346 583 2433 (P.
600 2343 709 2434 1278).
736 2383 774 2394 -
800 2345 835 2411 Si
863 2350 934 2431 quis
963 2352 1050 2412 metu
1076 2348 1189 2412 ruinae

175 2436 347 2501 decesserit
374 2438 577 2520 possessione
606 2436 648 2520 [si
676 2436 818 2521 quidem,
845 2458 917 2501 cum
943 2434 1094 2500 adiuvere
1118 2458 1186 2501 rem

175 2547 242 2590 non
264 2528 383 2609 posset,
405 2522 439 2589 id
461 2525 563 2610 fecit]‚
585 2525 695 2591 Labeo
719 2526 832 2591 scribit
853 2525 1016 2610 integrum
1038 2525 1090 2590 ius
1113 2545 1189 2590 eum

175 2614 309 2698 habere,
341 2614 473 2699 perinde
506 2637 544 2681 ac
576 2616 604 2680 si
637 2615 670 2679 in
702 2615 906 2699 possessione
936 2617 1188 2699 perseverasset3

59 2717 60 2722 ’
175 2702 260 2787 quod
292 2704 334 2787 si,
370 2724 442 2768 cunr
475 2706 587 2788 posset
619 2724 815 2789 succurrere,
847 2703 963 2768 maluit
995 2701 1188 2788 relinquere,

176 2791 322 2856 amisisse
337 2814 409 2857 eum
429 2793 587 2876 praetoris
608 2793 805 2875 beneficium,
822 2813 927 2876 neque
947 2791 976 2856 si
990 2795 1104 2876 postea
1118 2813 1188 2857 suc-

176 2880 259 2945 curri
284 2879 346 2944 sibi
365 2880 453 2959 velit,
478 2881 669 2946 audiendum
689 2903 769 2946 enm.
801 2879 933 2946 Cassius
953 2885 1060 2945 autem
1080 2880 1135 2962 ait,
1158 2880 1188 2945 si

175 2971 262 3032 metu
292 2969 404 3033 ruinae
432 2971 612 3048 recesserit,
643 2991 709 3034 non
736 2969 798 3034 hoc
825 2969 947 3053 animo,
978 2972 1014 3033 ut
1042 2967 1188 3034 aedilicia

175 3055 425 3140 derelinqueret,
465 3056 698 3121 restituendum
735 3056 770 3120 in
809 3058 1056 3141 possessionem.
1111 3079 1187 3132 eum

175 3147 297 3224 tamen,
326 3145 379 3227 qui
403 3145 521 3209 missus
545 3145 578 3209 in
605 3146 842 3228 possessionem
865 3168 931 3210 non
955 3146 1134 3228 accesserit,
1157 3146 1187 3212 si

175 3233 320 3298 aedificis
342 3233 473 3317 ruerint,
495 3233 685 3298 beneficium
707 3235 867 3319 praetoris
892 3235 1040 3300 amisisse
1064 3235 1187 3302 scribit.

264 3352 346 3424 Ques
369 3353 454 3412 uncis
477 3353 594 3434 inclusi,
616 3354 738 3414 Pernice
761 3354 894 3415 eicienda
917 3357 1025 3418 censet.

262 3471 316 3538 28.
351 3470 390 3536 D.
410 3472 462 3557 39,
481 3474 510 3557 2,
530 3473 581 3555 24,
601 3475 629 3540 8.
685 3473 774 3538 Idem
808 3472 865 3559 (sc.
890 3473 1067 3558 Ulpianus)
1099 3473 1185 3540 libro

175 3561 397 3646 octogensimo
425 3562 530 3646 primo
559 3563 598 3628 ad
624 3562 764 3629 edictum
786 3560 834 3650 (P.
852 3561 962 3649 1753).
987 3598 1025 3609 -
1052 3560 1186 3628 Cassius
