2570 3904
150 173 176 227 X

239 341 331 402 Brevi
353 339 573 419 Pomponius
597 341 745 418 Laetus,
768 341 875 402 Veliae
899 342 1072 420 discipulae,
1096 362 1165 404 oum

153 449 190 490 ex
221 430 378 507 Pomponii
409 430 463 490 illo
495 431 666 509 fragmento
697 423 772 492 iuris
806 432 1009 492 consultorum
1043 432 1164 492 nomina

151 519 335 598 collegisset,
366 519 399 578 in
429 519 534 579 libello
566 539 655 598 quem
685 521 723 580 de
759 521 900 581 Romanis
936 521 1164 600 magistratibus

152 609 299 684 scriptum
322 627 348 668 a.
370 610 455 668 1474
479 609 582 688 edidit,
604 609 641 669 de
663 609 738 670 iuris
760 628 878 687 qnoque
896 609 1000 687 peritis
1021 610 1164 671 Romanis

151 689 242 776 egit¹
290 697 397 756 deinde
429 697 595 776 Angelus
624 697 844 777 Politianus‚
877 699 929 776 qui
960 717 987 758 a.
1016 701 1103 760 1490
1126 699 1165 758 nd

151 786 262 846 librum
289 787 495 846 Florentinum
523 787 596 847 viris
623 787 719 847 doctis
746 787 922 864 plerumque
945 787 1049 847 sedulo
1073 790 1165 866 atque

151 877 238 935 auxie
269 875 453 953 prohibitum
487 875 636 936 admissus
674 878 733 955 est,
769 895 830 936 non
865 875 953 935 modo
985 876 1060 936 iuris
1097 895 1165 937 con·

152 965 300 1025 sultorum
335 965 457 1024 nomina
495 983 532 1025 ex
567 964 665 1024 indice
699 965 838 1041 contulit,
875 965 927 1024 sed
961 965 1053 1025 etiam
1084 965 1165 1044 freg-

151 1056 330 1130 meutorum,
353 1072 428 1130 quae
451 1053 612 1131 inprimis
635 1053 829 1130 Digestorum
852 1053 939 1112 libris
962 1054 1165 1128 inveniuntur,

151 1143 361 1218 inscriptiones
384 1136 532 1220 collegit²
561 1144 623 1202 iam
644 1141 848 1203 Guilelmus
870 1142 1038 1202 Budaeus
1061 1133 1165 1224 (1467

150 1224 302 1313 -1540)
338 1231 445 1292 Vellae
480 1232 557 1292 libro
590 1249 616 1292 a.
651 1234 750 1311 1505,
782 1234 819 1291 ut
848 1231 984 1308 videtur,
1015 1233 1095 1291 lecto
1129 1234 1166 1292 ut

151 1320 349 1398 Digestorum
388 1321 482 1381 libros
520 1321 695 1398 diligentius
732 1321 885 1381 evolveret
919 1320 1068 1397 impulsus
1110 1324 1164 1381 est.
1269 1325 1270 1360 ³

151 1404 223 1488 ‘qus
248 1411 281 1470 in
302 1403 453 1489 lectione',
479 1409 591 1487 iuquit,
618 1404 699 1470 ‘cum
725 1410 830 1469 multis
856 1409 888 1468 in
913 1409 988 1469 locis
1011 1409 1166 1470 volumina

149 1500 215 1576 ipse
241 1499 354 1577 partim
381 1499 535 1576 mutilata,
562 1499 672 1574 partim
704 1498 848 1558 mendosa
877 1497 1071 1575 deprehendi,
1098 1500 1165 1558 tum

149 1607 235 1665 vero,
263 1587 342 1665 quod
364 1588 543 1666 lingitiosius
566 1606 631 1647 esse
659 1588 755 1648 multo
783 1587 947 1647 arbitratus
970 1605 1049 1661 sum,
1073 1588 1165 1648 verbe

149 1678 247 1736 multa
273 1695 334 1735 non
360 1676 504 1754 trivialis,
532 1677 586 1736 sed
613 1677 753 1754 antiquae
782 1694 816 1736 ac
838 1675 949 1752 probae
972 1679 1110 1736 monetae
1133 1677 1165 1735 in

151 1765 281 1824 alienum
313 1784 402 1825 usum
432 1764 583 1840 ignorant‘
634 1768 805 1841 temporum
826 1767 975 1825 translata
1006 1783 1071 1824 esse
1102 1765 1165 1824 sni·

150 1853 306 1914 madverti.
341 1872 377 1913 ea
394 1854 599 1932 indignatione
616 1858 771 1931 permotus
788 1872 882 1914 ausus
902 1872 969 1913 sum
1050 1853 1164 1914 iactare

150 1942 230 2001 inter
248 1942 368 2022 amicos,
388 1963 437 2003 me
455 1943 615 2021 aliquando
633 1943 793 2022 lecturum,
817 1946 853 2002 ut
876 1941 1045 2002 Pnudectae
1065 1961 1164 2002 emen·

149 2029 252 2091 'datius
284 2034 375 2110 atque
406 2033 624 2110 intelligentius
657 2025 848 2110 legerentur'.
900 2031 952 2090 sed
980 2050 1050 2091 cum
1075 2031 1164 2091 intel·

150 2119 275 2180 lesisset
301 2114 524 2181 ‘inconsultius'
553 2139 584 2181 se
611 2121 642 2180 id
670 2121 853 2198 promisisse,
875 2114 1027 2180 ‘videlicet
1049 2119 1165 2180 viribus

150 2209 263 2269 nostris
286 2208 414 2269 necdum
436 2209 523 2270 nobis
546 2211 709 2287 exploratis
731 2228 786 2270 nec
804 2208 1002 2286 praestandae
1020 2209 1066 2268 rei
1084 2209 1165 2268 diffi·
1269 2223 1271 2250 ³

150 2297 264 2358 cultste
287 2299 360 2358 satie
384 2316 510 2359 excusse
531 2293 765 2376 pensitetaque',
787 2299 897 2358 omisso
921 2298 1002 2375 quod
1024 2302 1165 2375 coeperat

150 2405 240 2463 opere
267 2388 475 2447 mactationes
503 2389 604 2465 potius
633 2389 791 2448 etiamtum
817 2386 978 2447 inusitatas
1006 2385 1062 2446 srlri
1092 2387 1164 2446 scri·

149 2475 262 2536 bendes
285 2477 448 2554 proposuit.
471 2476 552 2554 quod
575 2494 649 2552 opus
672 2476 777 2553 primis
800 2476 873 2535 anni
894 2477 977 2536 1508
1002 2475 1164 2553 mensibus,

149 2566 239 2640 paulo
262 2569 331 2642 post
354 2583 444 2643 quem
467 2566 593 2626 Ioannes
616 2565 789 2644 Doganaius
813 2559 864 2625 ‘ad
885 2564 1048 2642 principem
1068 2564 1163 2642 magi-

150 2657 279 2714 stratum
298 2648 482 2732 assumptus'
498 2659 573 2733 erat,
586 2673 757 2734 aggressus,
770 2673 839 2714 cum
852 2656 997 2731 quattuor
1011 2656 1042 2713 et
1054 2653 1164 2731 viginti

149 2742 295 2803 librorum
318 2746 429 2805 selecta
447 2745 617 2822 fragments
635 2745 684 2805 vel
702 2744 891 2804 emendasset
908 2743 957 2803 vel
976 2743 1164 2822 explicasset,

149 2849 217 2890 cnm
239 2834 424 2908 praefatione
448 2833 487 2892 ad
506 2852 618 2894 novum
636 2834 781 2893 Franciae
799 2832 1009 2892 cancellarium
1028 2825 1163 2891 ‘Parisiis

83 2917 87 2927 “
150 2919 246 2994 pridie
264 2938 358 2980 nones
371 2917 562 2982 Novembris'
581 2921 694 2998 scripta
708 2922 811 2981 eodem
825 2939 902 2980 anuo
917 2919 1021 2979 edidit.
1054 2919 1163 2997 quibus

150 3006 182 3066 in
209 3009 452 3070 mnotstionibus
479 3008 637 3087 Pomponii
663 3027 782 3088 quoque
809 3009 885 3068 illud
911 3009 1116 3087 fragmentum
1146 3027 1164 3068 a

149 3095 225 3156 iuris
257 3099 399 3158 consultis
431 3099 469 3158 ad
501 3098 533 3158 id
565 3099 709 3176 temporis
742 3099 805 3158 fere
836 3116 959 3174 prorsus
991 3099 1164 3176 neglectum

149 3184 332 3264 philologice
356 3191 420 3246 arte
444 3206 516 3248 usus
539 3187 753 3248 commentario
776 3187 928 3248 instruxit

240 3275 411 3353 Sequuntur
429 3276 581 3336 Thomas
600 3276 912 3355 Diplovstaccius,
933 3276 985 3353 qui
1005 3293 1094 3352 opere
1114 3269 1163 3335 ‘de

223 3488 247 3538 1.
267 3479 390 3552 Sevigny
408 3482 427 3538 l.
446 3497 470 3536 c.
489 3499 517 3552 p.
531 3487 592 3538 448.

221 3559 247 3610 2.
267 3553 391 3624 Savigny
408 3554 427 3611 l.
448 3570 469 3608 c.
489 3570 517 3623 p.
532 3559 593 3610 438.
612 3558 674 3610 442.
