2614 3912
419 225 443 274 6.
466 217 673 274 iAVOLENUS
692 217 839 274 PRISCUS
1065 219 1129 283 411

123 381 198 446 ‹inm
234 379 422 463 muliebrem
458 386 640 446 ornamenta
671 383 788 460 omnic,
825 402 939 446 annun
969 387 1132 465 arpentum

123 469 204 552 puori
237 469 302 533 eius
332 488 427 534 causa
456 469 574 550 factum
598 474 807 552 paratumque
837 470 949 555 es[se]t
976 492 1063 536 omne
1093 470 1131 536 clo

125 557 209 642 lepo'.
259 557 421 623 Trebatius
450 557 524 622 baec
553 558 645 623 uerba
677 557 770 640 ‘puori
799 560 864 624 eim
891 579 986 625 eausa
1010 559 1131 641 factam

117 650 325 729 paratumque
346 646 400 712 est'
424 647 467 710 ad
485 667 598 711 aurum
616 651 646 712 ct
661 653 822 731 arpentum
840 648 1003 714 dumtaxat
1019 649 1132 730 referri

117 740 224 819 putuit,
247 735 398 800 lboeulus
420 737 463 800 aci
484 736 602 813 omnia,
624 737 706 818 puocl
726 741 755 800 et
775 757 879 801 cuum
902 742 952 802 est.

212 825 263 889 30.
287 823 325 889 D.
336 823 495 909 32‚29pr.
533 823 641 890 Labeo
659 824 744 890 libro
760 826 900 889 seeundo
915 827 1131 908 posteriorum

123 935 143 978 a
165 912 318 978 Iauoleno
342 913 600 997 epitomatorem.
623 949 667 959 -
691 912 752 993 Qui
774 914 973 978 concubinam
995 914 1130 998 babebat,

122 1004 152 1067 ci
172 1006 281 1067 umbem
299 1002 418 1083 prioris
440 1002 622 1067 concubinae
643 1002 790 1067 utendam
807 1004 937 1087 deduat,
960 1003 1066 1068 deinde
1083 1004 1131 1068 ita

123 1091 251 1174 leuauit:
283 1089 402 1155 ‘umbem
432 1111 510 1172 puae
541 1091 607 1156 eius
638 1110 734 1156 causa
765 1096 865 1173 empta
890 1096 1010 1174 parata
1036 1090 1132 1156 esset’.

125 1179 290 1246 Cascellius
314 1178 475 1244 Trebatius
500 1184 614 1262 nepant
638 1181 667 1244 ei
690 1179 789 1244 deberi
806 1181 926 1262 prioris
948 1180 1131 1245 concubinae

87 1301 91 1317 ·
121 1289 218 1335 causa
225 1273 356 1352 parata,
371 1267 518 1351 quamvis
532 1269 598 1333 alia
611 1269 746 1334 conclieio
759 1273 835 1334 esset
846 1269 881 1334 iu
894 1288 996 1334 unare.
1028 1268 1130 1335 Labeo

121 1359 157 1422 id
172 1377 236 1422 uon
249 1357 370 1441 probat,
388 1358 462 1440 puio
479 1357 515 1420 in
532 1357 597 1423 eius
614 1357 698 1423 modi
720 1357 817 1440 lcpcto
839 1378 902 1422 non
919 1359 969 1422 ius
984 1359 1131 1422 neminem

120 1447 318 1530 sequendum,
353 1447 406 1511 sul
440 1445 599 1510 uerbormu
634 1447 843 1527 interpretatio
879 1450 953 1512 esset
985 1447 1132 1528 fouenda

122 1537 259 1618 idernpue
285 1535 330 1600 uel
356 1537 392 1599 in
418 1534 488 1616 blm
513 1534 560 1598 cel
586 1535 621 1598 in
647 1535 781 1616 qualibet
806 1536 872 1601 alia
894 1554 1029 1618 persona
1051 1535 1132 1600 tuns

121 1628 204 1689 esset.
247 1624 399 1689 Labeonis
420 1623 569 1688 sententia
590 1643 662 1688 uera
683 1628 733 1689 est.

212 1712 263 1776 31.
287 1711 325 1776 D.
341 1713 392 1794 33,
407 1711 437 1794 5,
452 1712 503 1776 20.
539 1710 647 1776 Labeo
663 1712 746 1776 libro
762 1711 901 1777 seeundo
916 1712 1131 1794 posteriorum

124 1822 144 1865 a
175 1798 326 1866 Iauoleno
363 1800 622 1884 epitomatorum.
656 1835 696 1846 -
728 1799 826 1882 Apud
855 1799 1020 1884 Aufidium
1053 1800 1132 1866 libro

118 1889 224 1972 primo
251 1909 437 1973 responsum
460 1894 514 1971 est,
544 1909 614 1954 mem
635 1889 682 1953 ita
704 1889 835 1972 bepatum
857 1893 915 1954 est:
944 1888 1132 1955 ‘uestimenta

121 1998 201 2061 quac
217 1978 294 2043 uolet
311 1978 488 2044 triclincria
504 1978 617 2043 sumito
634 1977 749 2060 sibique
765 1977 891 2062 babcto',
912 1979 942 2044 si
960 1979 988 2043 is
1006 1979 1133 2044 ausser

121 2087 200 2150 quac
226 2067 323 2151 vellet,
350 2067 471 2145 deinde,
498 2070 663 2148 uunquam
689 2087 725 2131 ea
747 2071 890 2151 sumeret,
916 2067 983 2132 alia
1005 2087 1037 2132 sc
1057 2067 1132 2132 uelle

121 2157 267 2239 linisset,
299 2160 418 2221 mutare
448 2155 632 2220 uoluntatem
668 2175 737 2220 eum
772 2176 835 2221 non
866 2176 968 2237 posse,
999 2160 1035 2220 ut
1065 2157 1132 2220 alia

121 2249 268 2326 sumeret,
303 2245 379 2325 quia
410 2264 496 2309 omne
529 2245 579 2309 ius
610 2245 700 2327 lopati
723 2245 834 2327 prima
864 2245 1032 2323 testatione,
1068 2265 1132 2328 pua

123 2351 243 2395 sumere
273 2350 305 2395 se
335 2333 472 2411 bibisset,
502 2333 690 2415 consumpsit
714 2331 879 2417 [quoniam
909 2353 958 2398 res
987 2335 1132 2401 continuo

122 2420 192 2486 cius
212 2421 257 2503 fit,
279 2420 374 2484 simui
395 2441 433 2485 ac
453 2421 482 2485 si
503 2421 618 2486 linuit
638 2442 707 2486 cam
728 2420 872 2504 suunreJ.

488 2611 534 2672 Dc
555 2629 637 2672 servo
660 2613 758 2687 leuato.

209 2722 263 2787 32.
287 2719 325 2786 D.
333 2720 388 2804 32,
401 2721 515 2805 lOOpr.
543 2721 712 2786 Iavolenus
727 2721 811 2786 libro
825 2721 967 2785 seeundo
977 2742 1016 2786 ex
1026 2724 1131 2804 poste·

122 2810 263 2875 rioribus
285 2809 455 2876 Labeonis.
481 2846 520 2858 -
545 2809 656 2876 ‘Heres
682 2829 767 2875 meus
793 2810 925 2875 damnas
951 2814 1011 2876 estc
1035 2809 1131 2875 neu

125 2899 209 2964 Titio
240 2898 380 2965 Stichum
410 2920 531 2965 sucum
561 2920 662 2964 meum
693 2898 824 2964 reddere'
858 2899 904 2963 cci
934 2899 997 2964 ita:
1029 2897 1131 2964 ‘illrum

122 3008 243 3053 seruum
270 3010 371 3053 meum
398 2989 449 3053 illi
474 2985 612 3053 reddito'.
657 2986 821 3054 Cascellius
847 2988 896 3051 ait
916 2988 1015 3053 deberi
1037 3007 1132 3070 neque

122 3077 158 3142 id
178 3077 286 3230 Labaetia
305 3077 471 3159 improbat,
497 3077 573 3158 puio
598 3077 653 3159 qui
680 3077 802 3142 reddere
825 3075 960 3160 iubetur,
987 3078 1132 3142 simulet

120 3166 231 3230 darei
287 3171 345 3230 lnr.

211 3277 300 3338 Retio
323 3271 407 3355 ‘quis
426 3324 432 3337 .
448 3325 454 3337 .
472 3272 606 3336 iubetur'
629 3297 811 3356 quemquam
834 3296 852 3337 s
869 3263 1009 3338 Iauoleno
1028 3277 1131 3337 additu

121 3365 253 3443 videtur,
266 3365 304 3440 H,
323 3371 338 3426 1
354 3387 382 3442 p.
400 3368 462 3427 194
487 3365 586 3425 omitti
608 3385 667 3427 nou
691 3367 800 3428 debuit.

214 3485 266 3551 33.
288 3484 328 3550 D.
338 3484 390 3565 32,
400 3485 452 3568 29,
462 3484 490 3550 3.
527 3482 635 3549 Labeo
654 3484 738 3551 libro
758 3485 897 3550 secundo
916 3483 1131 3568 posteriorum

122 3595 143 3638 a
166 3573 318 3638 Iauoleno
338 3572 597 3658 epitomatorum.
616 3607 659 3618 —
680 3571 717 3638 Si
733 3573 817 3638 bmcs
835 3573 891 3637 tobi
908 3592 991 3638 servo
1007 3590 1131 3654 ponera
1245 3630 1277 3644 ⁴
