2602 3906
261 214 294 270 Π.
313 213 556 269 ΙΝΟΕΒΤΟΒΠΜ
576 213 805 268 SENTENTIAE
823 213 871 269 ΕΤ
888 213 992 269 LIBRI.
1066 214 1131 278 537

121 378 222 442 videri
259 378 401 462 legatum
436 399 518 456 esse,
555 377 584 441 si
614 376 735 441 malem
767 399 897 442 eausam
928 376 1130 442 adversarius

121 467 286 532 testatoris
314 466 440 547 habuit,
469 472 505 531 ut
535 466 686 550 litigante
713 465 830 530 herede
857 467 943 530 vinei
972 466 1132 551 debuerit3

121 559 199 621 tuno
221 555 304 620 enim
328 578 394 621 non
417 559 544 620 tantum
567 555 635 620 litis
659 555 927 640 emolumentum,
953 555 1008 619 sed
1032 555 1130 619 etiam

122 649 271 728 sumptus
302 645 396 709 heres
428 643 586 729 legatario
619 649 782 727 praestare
810 643 944 728 cogitur.
993 666 1068 708 nam
1095 645 1130 708 in

121 733 208 799 bona
235 754 333 798 eausa
359 733 442 797 nihil
469 732 596 797 videtur
624 753 694 796 esse
721 732 755 796 in
782 733 891 817 legato
919 753 979 798 neo
1001 736 1131 816 propter

121 822 283 906 sumptus,
307 820 544 906 quodquidam
568 820 842 886 existimaverunt.

326 1004 371 1059 De
389 1021 419 1060 eo
437 1005 510 1074 quod
527 1004 636 1059 utendi
652 1005 731 1058 modo
750 1004 867 1074 leuatum
885 1008 930 1058 est.

210 1116 263 1180 27.
286 1113 358 1179 Gai.
372 1115 402 1197 2,
417 1115 490 1179 212.
521 1150 557 1159 -
589 1162 621 1178 ..
650 1113 679 1178 si
706 1116 780 1196 post
806 1117 943 1178 mortem
966 1115 1133 1179 testatoris

120 1225 160 1268 ea
196 1225 249 1268 res
282 1201 340 1290 (se.
364 1224 459 1287 quam
491 1204 629 1267 testator
660 1206 698 1266 ut
726 1223 816 1266 suam
842 1200 977 1288 legavit)
1004 1202 1134 1267 heredis

121 1313 192 1356 esse
227 1293 381 1376 eoeperit,
419 1291 596 1376 quaeritur,
629 1313 671 1355 an
704 1291 784 1354 utile
815 1291 860 1354 sit
891 1292 1045 1374 legatum.
1101 1296 1133 1356 et

120 1381 267 1465 plerique
290 1383 406 1465 putent
428 1379 542 1444 inutile
565 1401 645 1444 esse.

211 1488 263 1552 28.
287 1485 355 1552 Gai.
370 1487 400 1568 2,
411 1487 483 1550 214.
501 1522 539 1531 -
557 1483 679 1550 Sunt..
694 1486 749 1570 qui
765 1489 881 1571 putant
897 1507 934 1549 ex
948 1485 1010 1550 hoe
1024 1485 1133 1570 legato

121 1597 189 1640 non
221 1575 323 1640 videri
354 1574 535 1661 obligatum
562 1574 727 1655 heredem,
756 1578 793 1639 ut
819 1574 981 1658 mancipet
1009 1579 1066 1638 aut
1097 1575 1133 1638 in

123 1665 193 1727 iure
217 1663 308 1728 cedat
331 1668 387 1728 aut
409 1663 528 1749 tradat,
551 1663 606 1728 sed
630 1662 776 1728 sufficere
796 1669 834 1728 ut
851 1663 1045 1748 legatarium
1063 1685 1133 1727 rem

125 1773 252 1817 sumere
269 1752 421 1837 patiatur,
444 1753 522 1835 quia
539 1752 623 1816 nihil
641 1753 728 1816 ultra
747 1753 777 1815 ei
795 1755 933 1817 testator
952 1752 1133 1835 imperavit,

122 1862 220 1923 quam
249 1847 286 1904 ut
313 1841 411 1920 sinat,
438 1840 471 1906 id
500 1849 549 1905 est
575 1840 733 1924 patiatur,
758 1841 952 1924 legatarium
976 1863 1043 1905 rem
1069 1841 1133 1905 sibi

120 1930 250 1995 habere.

211 2037 263 2102 29.
287 2035 356 2102 Gai.
372 2037 486 2122 2‚215.
503 2073 540 2084 —
557 2036 705 2102 Maior..
721 2036 878 2101 dissensio
897 2036 931 2100 in
949 2035 1010 2102 hoe
1023 2037 1133 2121 legato

121 2127 309 2208 intervenit,
333 2125 361 2190 si
383 2125 517 2190 eandem
540 2147 608 2190 rem
632 2126 757 2191 duobus
779 2125 967 2208 pluribusve
991 2125 1132 2190 disiunc-

122 2213 183 2278 tim
209 2214 336 2301 legasti,
383 2214 512 2300 quidam
544 2219 660 2298 putant
682 2215 826 2299 utrisque
850 2213 988 2279 solidam
1011 2214 1134 2298 deberi;

121 2303 270 2368 nonnulli
299 2303 485 2385 occupantis
509 2325 578 2367 esse
606 2303 770 2367 meliorem
797 2302 1016 2367 condicionem
1040 2303 1133 2366 aesti-

122 2396 227 2474 mant,
261 2393 336 2475 quia
371 2412 444 2455 oum
478 2412 515 2456 eo
551 2412 665 2476 genere
697 2390 798 2475 legati
834 2391 1004 2455 damnetur
1039 2390 1132 2454 heres

121 2481 314 2564 patientiam
344 2484 523 2563 praestare,
554 2485 591 2544 ut
618 2480 796 2566 legatarius
824 2500 892 2542 rem
919 2478 1051 2556 habeat,
1085 2500 1132 2542 se-

122 2568 232 2652 quitur
254 2574 290 2632 ut
304 2619 312 2632 .
327 2618 355 2632 ..

365 2734 408 2789 De
427 2734 522 2804 leuatis
539 2735 589 2788 sub
608 2733 765 2788 condicione
781 2733 892 2788 relictis.

212 2844 264 2908 30.
292 2843 332 2908 D.
347 2842 403 2926 35,
420 2845 452 2923 1,
469 2843 510 2907 72
520 2864 567 2926 pr.
608 2842 697 2906 Idem
726 2840 783 2924 (se.
806 2839 1020 2927 Papinianus)
1047 2841 1133 2906 libro

124 2935 240 2997 octavo
260 2931 382 2997 deeimo
398 2932 637 3008 Quaestionum.
650 2967 688 2977 —
702 2928 783 2995 Oum
801 2933 867 2995 tale
887 2932 1029 3016 legatum
1049 2935 1134 2996 esset

122 3021 273 3086 relietum
291 3020 397 3085 Titiae
417 3020 457 3085 ‘si
477 3043 495 3084 a
513 3020 625 3084 liberis
644 3041 710 3084 non
730 3019 920 3099 discesserit,
934 3024 1132 3105 negaverunt

121 3132 197 3174 eam
220 3114 305 3174 reete
329 3131 449 3192 cavere,
474 3110 549 3194 quia
574 3110 623 3174 vel
647 3108 783 3175 mortuis
803 3110 910 3174 liberie
935 3109 1037 3195 legati
1060 3131 1133 3175 oon·

123 3197 207 3264 dieio
230 3198 336 3282 possit
357 3200 520 3265 exsistere.

212 3305 263 3370 31.
292 3304 330 3369 D.
346 3305 396 3387 35,
415 3308 442 3384 1,
457 3307 509 3390 44,
525 3307 553 3372 8.
589 3305 678 3370 idem
703 3301 760 3391 (se.
778 3301 914 3392 Paulus)
937 3305 1021 3371 libro
1044 3326 1132 3369 nono

123 3394 163 3458 ad
196 3392 369 3457 Plautium.
396 3429 435 3440 -
463 3392 498 3459 Si
530 3394 665 3459 duorum
697 3416 789 3460 servo
822 3395 964 3478 legatum
997 3393 1040 3457 sit
1072 3392 1132 3457 sub

122 3482 311 3548 condicione
349 3481 459 3566 dandi,
495 3504 560 3547 non
591 3503 688 3566 posse
721 3504 779 3565 per
810 3487 919 3567 partes
952 3479 1132 3547 condicioni

121 3571 231 3658 pareri
254 3569 384 3655 quidem
408 3571 507 3654 aiunt,
531 3569 586 3635 sed
610 3570 707 3634 semel
731 3569 869 3634 dandam
891 3569 1070 3653 pecuniam.

1140 3735 1211 3750 ᾧ
