2580 3900
490 225 514 274 7.
533 217 722 275 PROCULUS
917 221 919 225 ’
1047 220 1109 284 157

186 385 238 450 73.
266 382 304 448 D.
320 382 351 463 9,
364 384 394 465 2,
409 383 461 463 29,
475 383 504 448 2.
550 381 710 466 Ulpianus
738 383 821 449 libro
848 386 962 448 octavo
986 383 1109 448 decimo

90 475 132 541 ad
158 473 299 538 edictum
318 468 536 558 (19211).-
558 469 593 537 si
616 471 707 537 navis
726 476 784 537 tua
802 473 932 556 inpacta
950 472 984 536 in
1003 493 1109 537 meam

92 562 250 648 scapham
283 561 435 625 damnum
468 561 548 628 milu'
580 560 679 643 dedit,
714 562 898 646 quaesitum
930 565 997 644 est,
1026 583 1108 646 quae

93 654 182 718 actio
205 649 287 716 mihi
305 653 507 734 competeret.
546 654 578 714 et
597 649 643 713 ait
661 650 824 733 Proculus,
849 651 876 715 si
894 650 928 715 in
946 653 1109 735 potestate

90 745 270 806 nautarum
293 738 364 822 fuit,
386 759 426 804 ne
449 739 481 803 id
505 737 671 823 accideret,
694 742 726 803 et
746 740 841 823 culpa
860 761 971 804 eorum
988 737 1110 804 factum

93 831 156 910 111,
193 829 265 914 lege
298 827 430 912 Aquilia
461 849 534 892 oum
565 827 674 892 nautis
707 827 882 914 agendum,
913 829 988 913 quia
1018 829 1111 911 parvi

93 918 197 984 refert
227 939 343 982 navem
375 916 580 981 immittendo
613 919 670 982 aut
701 917 898 983 serraculum
927 917 967 980 ad
995 939 1110 981 navem

93 1005 242 1072 ducendo
267 1027 309 1070 an
330 1010 387 1071 tua
409 1027 506 1071 manu
530 1005 681 1069 damnum
706 1005 839 1091 dederis,
861 1005 937 1090 quia
961 1004 1110 1070 omnibus

91 1097 148 1162 his
176 1094 282 1161 modis
310 1115 368 1179 per
394 1098 427 1159 te
454 1093 573 1159 damno
601 1094 745 1179 adfioi0r3
775 1095 831 1159 sed
860 1097 887 1158 11
915 1094 992 1158 fune
1015 1099 1111 1178 rupto

93 1189 152 1251 aut
166 1206 243 1250 cum
258 1183 382 1249 anullo
396 1188 562 1268 regeretur
574 1185 667 1249 navis
681 1183 881 1268 incurrisset,
896 1205 968 1248 cum
981 1181 1110 1249 domino

94 1273 260 1360 agendum
282 1294 349 1338 non
371 1293 450 1337 esse.

507 1384 554 1443 Dc
576 1386 701 1444 11101111.

189 1505 242 1570 74.
278 1503 318 1569 D.
339 1503 582 1587 47,10,11,4.
641 1503 800 1586 Ulpianus
837 1503 922 1567 libro
959 1503 1113 1588 quinqua·

96 1593 247 1680 gensimo
276 1592 414 1676 septimo
443 1592 483 1656 ad
512 1591 652 1656 edictum
681 1587 730 1678 (P.
753 1588 861 1679 1334).
887 1627 929 1638 -
957 1590 1113 1660 Proculus

95 1731 128 1752 ..
155 1683 216 1766 ait,
245 1682 273 1746 11
301 1682 335 1746 in
361 1680 424 1746 hoc
452 1682 486 1744 te
514 1681 734 1765 conduxerim,
761 1685 799 1746 ut
824 1681 976 1746 iniuriam
1003 1680 1113 1764 facias,

95 1795 169 1838 oum
194 1775 330 1855 utroquo
353 1772 503 1836 nostrum
525 1769 716 1834 iniuriarum
740 1771 794 1854 agi
816 1791 922 1854 posse,
946 1770 1022 1854 quia
1041 1791 1113 1834 mea

94 1882 196 1946 opera
218 1859 306 1925 facta
329 1859 372 1924 sit
395 1859 523 1944 iniuria.

186 1949 237 2015 75.
270 1947 400 2015 Ilias.
422 1947 634 2033 -Idemque
658 1948 705 2013 ait
727 1996 761 2013 ..
784 1948 813 2013 si
836 1948 904 2014 filio
928 1970 1000 2014 meo
1023 1971 1112 2014 man·

97 2039 231 2123 davero,
254 2042 291 2103 ut
312 2037 374 2103 tibi
395 2036 549 2102 iniuriam
571 2037 680 2102 faciat.

443 2213 494 2280 Dc
515 2216 624 2281 noxali
646 2216 772 2282 uotioac.

187 2339 239 2405 76.
272 2337 460 2419 (111478.
491 2377 529 2387 -
560 2388 590 2406 ..
622 2340 650 2404 11
681 2340 766 2405 filius
799 2341 884 2423 patri
914 2344 971 2404 aut
999 2361 1111 2404 servus

97 2429 230 2494 domino
254 2449 372 2493 noxam
391 2429 597 2512 commiserit,
619 2428 710 2494 nulla
734 2429 818 2495 aetio
842 2429 999 2514 nascitur,
1022 2429 1113 2492 nulla

98 2518 185 2582 enim
214 2517 345 2582 omnino
373 2517 457 2582 inter
483 2539 535 2582 me
563 2522 596 2582 et
622 2539 695 2582 eum
722 2518 834 2601 quiin
858 2521 1017 2601 potestate
1042 2537 1114 2581 mea

94 2609 157 2691 111,
182 2605 340 2690 obligatio
368 2605 458 2671 nasci
480 2610 596 2689 potest
647 2606 783 2690 ideoque
807 2608 840 2670 et
865 2606 949 2670 siin
974 2605 1114 2669 alienam

100 2698 300 2780 potestatem
318 2694 501 2778 pervenerit
519 2700 575 2760 aut
594 2695 645 2759 sui
663 2695 741 2760 iuris
756 2715 827 2758 0111
841 2695 992 2778 coeperit,
1010 2713 1114 2778 neque

100 2806 175 2849 oum
203 2784 274 2867 ipso
301 2804 403 2868 nequo
431 2807 504 2850 eum
530 2806 568 2849 eo
593 2783 683 2849 cuius
707 2803 791 2847 nunc
814 2787 849 2846 in
872 2785 1032 2865 potestate
1056 2787 1114 2866 est,

101 2874 154 2959 agi
177 2875 297 2958 potest
342 2873 426 2938 unde
449 2872 628 2958 quaeritur,
656 2873 684 2937 11
708 2871 830 2938 alienus
855 2893 966 2936 servus
989 2871 1115 2937 filiasue

98 2983 218 3027 noxam
250 2961 448 3027 commiserit
479 2962 572 3045 mihi,
604 2971 647 3027 et
668 2962 697 3027 is
729 2965 844 3046 postea
876 2961 911 3024 in
941 2982 1014 3026 mea
1042 2983 1114 3027 esse

98 3051 243 3137 coeperit
265 3053 442 3136 potestate,
465 3055 573 3116 utrum
596 3051 769 3117 intercidat
791 3051 877 3115 actio
901 3072 944 3115 an
967 3051 1115 3136 quiescat

178 3139 324 3204 diversae
352 3140 482 3206 scholae
511 3144 672 3226 auctores,
688 3140 852 3226 quamdiu
875 3141 909 3204 in
933 3161 1004 3204 mea
1027 3144 1115 3226 poto-

9 3237 10 3244 ’
100 3231 185 3294 state
210 3228 262 3311 sit,
285 3229 446 3312 quiescere
470 3229 629 3296 actionem
653 3233 779 3314 putant,
802 3230 877 3314 quia
899 3230 1116 3313 ipsemecum

103 3337 200 3403 agere
223 3338 289 3381 non
311 3339 454 3402 possum,
477 3339 550 3383 eum
570 3340 644 3385 vero
663 3318 777 3385 exierit
796 3319 834 3382 de
853 3339 925 3383 mea
942 3322 1115 3402 potestate,

99 3409 177 3472 tunc
202 3427 273 3470 eam
297 3407 491 3472 resuscitari.

188 3496 240 3560 77.
265 3492 336 3563 Gai.
345 3498 376 3581 4,
387 3497 438 3561 79.
457 3533 500 3544 -
519 3494 600 3562 Oum
624 3545 650 3562 ..
671 3496 759 3560 fflias
782 3494 923 3560 familias
947 3515 986 3558 ex
1005 3495 1114 3558 noxali

98 3604 197 3650 cansa
215 3584 376 3670 mancipio
396 3585 498 3669 datur,
517 3584 662 3650 diversae
682 3583 811 3648 scholae
830 3586 977 3646 auctores
994 3585 1113 3662 putant
