2568 3912
199 257 245 312 IV.
267 255 363 323 QUAE
383 255 549 311 RECEPTA
569 255 673 324 SUNT,
692 255 933 314 PLAGUERUNT
952 255 1027 309 Ero.
1050 256 1112 320 581

111 420 200 485 verbi
218 420 325 505 gratia
342 422 495 500 trecenta,
516 421 625 483 utrum
649 418 769 502 emptio
792 423 824 483 et
843 419 983 485 venditio
1007 419 1051 482 sit
1074 441 1116 482 an

112 510 229 574 locatio
253 513 286 573 et
309 506 499 573 conductio?
529 507 583 571 sed
605 508 713 590 placet
735 529 833 571 unum
856 529 926 572 esse
948 507 1115 592 negotium

113 602 145 662 et
167 599 270 681 magis
295 598 479 681 emptionen
502 599 535 660 et
558 596 772 660 venditionem
796 617 873 660 esse.

200 686 251 751 35.
276 683 345 750 Gai.
369 686 399 769 3,
424 684 495 750 145.
525 720 566 731 —
595 732 624 749 ..
650 688 677 748 si
705 707 768 769 qua
794 707 846 749 res
869 687 901 748 in
925 689 1116 769 perpetuum

111 776 218 840 locata
232 780 290 858 est,
304 773 390 860 quod
405 774 512 838 evenit
525 773 558 837 in
573 773 710 858 praediis
726 775 932 857 municipum,
1010 773 1115 857 magis

110 863 233 946 placuit
255 864 449 928 locationem
473 861 769 946 conductionenque
794 883 870 927 esse.

200 952 250 1018 36.
288 950 358 1016 Gai.
390 951 420 1034 3,
452 952 523 1016 146.
551 987 593 997 -
622 999 656 1017 ..
689 951 718 1014 11
749 951 943 1035 gladiatores
976 973 1014 1014 ea
1045 952 1116 1036 lege

110 1041 171 1104 tibi
188 1040 383 1123 tradiderim,
406 1041 493 1104 utin
514 1040 659 1122 singulos
679 1039 734 1124 qui
752 1040 870 1124 integri
890 1039 1033 1120 exierint,
1056 1061 1115 1122 pro

111 1129 226 1194 sudore
250 1129 373 1193 denarii
386 1127 448 1192 XX
473 1128 553 1193 mibi
572 1123 733 1214 darentur,
751 1129 784 1192 in
803 1150 856 1193 eos
876 1149 950 1192 vero
971 1127 1116 1212 singulos

111 1217 166 1302 qui
193 1219 290 1282 occisi
318 1222 374 1282 aut
397 1217 556 1281 debilitati
580 1218 713 1301 fuerint,
742 1216 865 1281 denarii
888 1217 994 1301 mille,
1021 1237 1117 1298 quac-

110 1307 202 1390 ritur,
220 1309 326 1370 utrum
346 1307 466 1390 emptio
487 1310 519 1370 et
537 1306 680 1370 venditio
700 1328 743 1372 an
762 1306 879 1370 locatio
899 1310 931 1370 et
947 1303 1116 1370 conductio

110 1394 329 1460 contrahatur.
350 1402 381 1460 et
397 1394 502 1480 magis
516 1395 638 1478 placuit
653 1395 833 1479 eorumqui
848 1394 966 1478 integri
982 1393 1118 1458 exierint

110 1483 306 1548 locationem
323 1488 355 1548 et
373 1484 605 1548 conductionen
619 1488 816 1549 contractam
831 1483 940 1566 videri,
959 1487 993 1546 at
1006 1503 1117 1546 eorum

111 1572 167 1655 qui
195 1572 290 1637 occisi
322 1576 377 1637 aut
409 1571 567 1637 debilitati
595 1576 680 1655 sunt,
712 1573 908 1656 emptionem
947 1577 978 1635 et
1010 1570 1117 1635 vendi-

110 1660 232 1725 tionem
254 1682 332 1726 esse.

471 1781 518 1841 De
540 1775 756 1842 ammonicae.

191 1844 1117 1976 brumarumnmmfflma

110 1978 250 2044 edictum
277 1980 483 2063 provinciale.
515 2016 552 2026 —
584 1978 624 2042 In
651 1981 755 2044 tribus
784 1981 964 2065 duplicibus
992 1979 1118 2043 iudiciis

109 2066 252 2132 familiae
284 2068 496 2150 erciscundae,
520 2069 682 2134 communi
710 2067 894 2152 dividunde,
925 2069 1037 2133 finium
1070 2091 1118 2132 re·

111 2153 293 2238 gundorum
316 2161 489 2241 quaeritur,
513 2158 585 2242 quis
609 2161 699 2222 actor
722 2160 937 2244 intellegatur,
961 2157 1037 2241 quia
1059 2179 1118 2240 par

111 2265 210 2334 causa
233 2245 376 2308 omnium
399 2247 533 2312 videtur.
569 2245 624 2310 sed
647 2248 750 2331 magis
774 2248 897 2331 placuit
920 2269 993 2312 eum
1018 2246 1118 2312 videri

113 2335 265 2415 actorem,
289 2334 345 2416 qui
368 2333 408 2396 ad
430 2335 583 2400 iudicium
606 2339 822 2418 provocasset.

200 2444 237 2504 ef.
259 2443 296 2502 n.
321 2446 402 2522 5,1,
427 2448 477 2505 13.

474 2608 524 2674 Dc
546 2611 614 2674 iare
635 2610 760 2674 dotium.

200 2723 252 2790 38.
285 2722 323 2787 D.
357 2723 408 2801 24,
436 2724 466 2807 2,
494 2725 525 2807 2,
553 2725 581 2790 2.
628 2724 727 2789 Gaius
759 2724 844 2788 libro
877 2722 1044 2788 undecimo
1078 2723 1118 2787 ad

110 2813 249 2878 edictum
272 2811 479 2895 provinciale.
504 2811 605 2877 -In
630 2813 887 2896 sponsalibus..
912 2811 1118 2876 discutiendis

109 2902 232 2986 placuit
254 2901 525 2965 renuntiationem
549 2901 742 2966 intervenire
766 2905 923 2985 oportere,
947 2901 1118 2984 inquere

110 2991 190 3056 hacc
213 2990 312 3055 verba
335 2989 473 3073 probata
496 2995 584 3055 sunt:
609 2989 793 3056 condicione
815 2995 872 3055 tua
894 3012 959 3055 non
982 2993 1064 3054 utor.

199 3077 346 3145 31111.
372 3079 405 3162 1,
430 3077 544 3162 146sq.
576 3115 613 3126 —
643 3077 824 3163 Nepotibus
848 3079 1118 3163 ..neptibusque

109 3170 157 3232 ita
179 3166 306 3231 demum
329 3188 500 3251 possumus
524 3172 719 3234 testamento
743 3173 866 3234 tutores
890 3169 974 3252 dare,
998 3169 1119 3253 sipost

110 3258 250 3320 mortem
273 3260 418 3320 nostram
442 3257 476 3320 in
491 3259 595 3340 patris
620 3259 668 3323 sui
692 3262 886 3342 potestatem
912 3258 1006 3338 [iure]
1031 3279 1117 3322 reca-

111 3344 179 3410 suri
210 3364 275 3409 non
308 3345 373 3409 sint
396 3393 404 3409 .
424 3395 430 3409 .
451 3395 458 3409 .
481 3367 553 3410 cum
585 3350 693 3411 tamen
725 3347 759 3411 in
791 3346 1010 3431 compluribus
1044 3345 1117 3408 aliis

110 3432 219 3498 causis
248 3434 391 3516 postumi
418 3455 476 3517 pro
505 3435 569 3498 iam
598 3436 684 3500 natis
712 3435 904 3518 habeantur,
936 3438 969 3497 et
995 3433 1029 3496 in
1056 3432 1117 3496 hae

10 3573 15 3580 .
111 3543 208 3586 eausa
242 3521 365 3605 placuit
397 3543 464 3586 non
493 3523 597 3591 minus
626 3524 784 3607 postumis
811 3545 906 3606 quam
936 3523 1002 3586 11111
1032 3520 1117 3582 natis

110 3613 307 3676 testamento
336 3613 459 3676 tutores
489 3611 558 3675 dari
584 3633 692 3695 posse,
720 3613 747 3676 11
775 3612 869 3676 modo
896 3610 931 3673 in
958 3631 996 3673 ea
1022 3627 1118 3682 eausa

1188 3687 1237 3696 2—-
