2614 3912
2 533 4 604 t

418 216 443 265 6.
466 209 672 267 IAVOLENUS
690 210 837 266 PRISCUS
998 271 1000 276 ,
1062 211 1129 278 415

495 387 542 446 De
563 405 637 447 mave
660 388 761 462 tepota.

214 496 266 562 48.
296 496 332 562 Ι).
348 495 402 581 50,
417 497 467 581 16,
486 497 551 562 242
565 519 614 581 pr.
637 533 678 544 -·-
702 497 872 562 Iavolenus
891 500 974 564 libro
996 501 1133 566 seeundo

117 607 163 665 ex
183 585 415 670 posterioribus
433 585 603 651 Labeonis.
619 621 661 634 -
676 585 803 651 Malam
821 589 911 654 mavis
928 609 990 654 esse
1004 594 1133 674 partem,

2 747 3 756 ¹
126 679 311 740 artemonem
342 679 443 740 autem
475 695 540 739 mom
571 693 634 740 esse
660 675 761 740 Labeo
788 676 846 760 ait,
876 678 951 758 qaia
970 678 1134 760 pleraeque

2 761 3 774 ¹
126 783 217 829 emes
254 764 321 829 siae
356 764 438 829 malo
471 764 596 829 irrutiles
631 769 739 847 essent,
777 765 899 847 ideoque
933 786 1010 848 pars
1043 768 1135 832 mavis

126 852 265 955 trebetam
294 855 409 918 artemo
438 857 541 919 amtem
567 854 667 935 mapis
694 853 910 919 adiectamemto
937 874 1030 936 paam
1053 876 1134 938 pars

125 962 214 1006 mm
237 946 286 1007 est·
386 1034 432 1094 De
454 1037 526 1113 otro,
548 1037 654 1103 tritico,
676 1039 742 1095 omo
764 1037 872 1111 tepate's.

213 1144 264 1208 49.
300 1143 339 1208 D.
358 1145 410 1228 33,
429 1145 458 1227 6,
478 1145 507 1211 7.
537 1180 571 1190 -
603 1143 774 1209 lavolenus
806 1146 891 1211 libro
924 1147 1062 1212 seeundo
1095 1169 1134 1212 ex

125 1232 360 1317 posterioribus
377 1232 545 1298 Labeonis.
564 1269 606 1280 -
627 1233 760 1313 Quidam
778 1234 913 1300 heredem
931 1237 1134 1301 damnauerat

2 1333 3 1336 ’
125 1323 199 1387 dare
226 1323 318 1386 maort
344 1341 419 1386 sarae
441 1323 547 1386 airam
569 1323 667 1386 oleam
687 1321 879 1403 framentum
901 1329 1018 1390 aeetmm
1042 1325 1134 1390 mella

125 1411 318 1476 satsamemta.
375 1410 535 1476 Trebatius
571 1411 674 1475 aiebat
708 1432 744 1476 ee
779 1413 911 1495 seopulis
946 1414 1033 1479 rebus
1069 1434 1132 1478 aaa

125 1501 260 1581 amptius
281 1499 381 1564 deberi
386 1550 394 1581 ,
417 1520 510 1581 paam
532 1504 683 1582 quamam
704 1499 788 1566 heres
809 1503 933 1567 matieri
954 1503 1028 1567 dare
1050 1503 1132 1568 aalm-

124 1589 209 1671 r'sset,
236 1589 383 1669 quomam
409 1608 472 1652 aaa
498 1589 648 1654 adiectum
670 1595 757 1672 esset,
783 1595 933 1671 quamtum
955 1611 992 1656 ea
1013 1611 1134 1674 qaoque

125 1697 159 1740 re
189 1677 321 1741 daretur.
373 1675 483 1760 eattae
511 1675 675 1742 caseatae
704 1678 820 1744 Tubero
850 1699 950 1764 omae,
981 1686 1131 1762 quamtum

120 1768 214 1848 poter
246 1763 388 1845 famatias
421 1765 604 1851 reliquisset,
640 1766 771 1849 tapetam
798 1773 920 1850 pataret.
967 1769 1068 1834 Labeo
1100 1770 1134 1834 id

119 1853 234 1937 probat
255 1855 343 1936 idque
364 1875 470 1918 ueram
492 1859 543 1919 est.

214 1940 266 2010 50.
280 1941 319 2006 D.
330 1943 435 2024 isias
447 1944 474 2009 1.
488 1979 533 1990 -
546 1940 655 2008 ‘Laeto
671 1943 753 2009 Titio
767 1947 862 2010 tritici
875 1946 991 2011 modios
1005 1951 1133 2030 emtam,

123 2032 179 2114 qai
200 2032 317 2115 stuprati
334 2034 438 2115 pometa
461 2037 579 2098 emtam
596 2034 759 2117 pendeam,
781 2034 865 2099 heres
887 2033 978 2100 atata'
1021 2034 1134 2118 Ofilius

123 2119 206 2186 aibat
220 2121 351 2204 tepatrrm
364 2141 434 2203 esse,
448 2123 528 2203 quaet
540 2127 568 2186 et
582 2122 680 2187 Labeo
689 2122 810 2206 probat,
824 2124 972 2205 quereiam
984 2125 1135 2190 eiusmodi

125 2211 260 2274 triticum
286 2211 322 2273 tm
348 2231 453 2275 reram
479 2215 596 2276 matara
617 2231 680 2275 mora
701 2215 781 2277 esset.
825 2214 906 2294 qmoat
926 2233 1031 2277 aeram
1049 2218 1133 2294 pato.

214 2299 266 2364 51.
294 2295 402 2382 D.33‚
423 2300 516 2380 1,1t,
535 2300 561 2363 1.
597 2298 705 2364 Labeo
729 2300 812 2364 libro
836 2301 975 2366 seeundo
998 2300 1134 2384 posteri-

125 2409 219 2452 orum
243 2409 262 2451 a
281 2386 433 2452 Iauoleno
455 2389 714 2470 epitomatorem.
733 2423 777 2434 —
796 2387 888 2454 ‘Virri
905 2390 1037 2454 Falarmi
1054 2390 1136 2471 qaod

123 2477 209 2542 domi
245 2481 433 2560 rasceretur,
467 2478 633 2558 quotannis
668 2477 703 2542 m
738 2497 836 2542 ammos
872 2477 1008 2560 simpertus
1048 2478 1136 2542 bimos

124 2565 227 2630 amieos
248 2565 332 2630 beres
354 2585 440 2630 meas
462 2565 550 2630 Attio
573 2564 664 2630 data'
710 2567 804 2630 etiam
822 2586 881 2648 pro
904 2587 937 2630 eo
955 2584 1054 2648 amaa·
1075 2586 1133 2648 qao

52 2689 55 2693 .
123 2653 206 2718 mibe‘t
235 2655 301 2719 omi
328 2659 438 2718 aotam
464 2658 520 2734 est,
555 2653 654 2718 eteberi
680 2654 757 2719 daos
784 2655 894 2734 maleas,
925 2655 954 2718 st
981 2655 1069 2718 morto
1096 2673 1135 2718 ea

122 2743 282 2808 vindemia
303 2748 469 2808 ceterorum
491 2756 645 2807 ammarum
666 2743 740 2807 dari
757 2744 863 2824 possit.

404 2925 452 2986 De
473 2927 580 2986 munao
601 2926 735 2986 mmtiebre'
757 2925 856 3000 tepato.

216 3034 268 3100 52.
297 3036 337 3101 D.
356 3037 408 3118 34,
423 3037 452 3119 2,
471 3037 513 3102 39
528 3059 574 3120 pr.
619 3035 790 3101 Iavolenus
820 3034 903 3100 libro
932 3036 1071 3101 seeundo
1095 3057 1134 3100 ex

6 3151 10 3157 ·
122 3124 361 3208 posterioribus
385 3124 552 3190 Labeonis.
576 3163 614 3172 -
636 3123 674 3191 Si
699 3126 791 3190 meari
816 3126 950 3190 mandras
977 3125 1136 3191 muliebres

123 3214 244 3297 tepatas
272 3219 358 3293 esset,
386 3235 422 3279 ea
449 3219 569 3279 tamtam
596 3216 683 3279 modo
706 3214 806 3279 deberi
830 3212 941 3296 Ofilius
963 3213 1064 3278 Labeo
1086 3234 1133 3279 re-

121 3303 328 3387 sponderant,
355 3323 433 3385 qaae
459 3324 496 3368 ea
522 3302 571 3369 bis
599 3304 715 3368 tradita
740 3304 847 3368 atemti
873 3322 968 3368 caasa
992 3305 1086 3368 amori
1113 3323 1135 3367 a

122 3392 192 3456 m'ro
218 3391 366 3472 fm'ssemt;
393 3392 485 3458 aliter
506 3393 588 3458 em'm
605 3391 873 3474 interpretarstabas
894 3411 1048 3456 sommam
1068 3390 1135 3472 fore

122 3481 305 3564 captionem,
326 3482 355 3547 si
377 3481 568 3546 oaseatarias
590 3486 647 3545 aut
661 3480 749 3560 faber
768 3481 963 3561 amentarius
980 3481 1072 3545 maort
1088 3480 1135 3543 ita

124 3569 259 3654 lepasset.
