2614 3912
466 247 492 296 5.
515 240 631 298 TITIUS
649 242 782 299 amaro
1062 243 1128 307 373

350 480 389 540 ΙΙ.
420 480 576 541 Decreta
598 476 895 560 Front<on>iana

205 623 387 683 Triboniano
412 627 489 683 teste
511 623 694 705 Pomponius
717 625 748 683 in
771 624 849 683 libro
873 626 968 700 primo
992 626 1127 684 senatus·

115 713 320 773 consultorum
339 711 374 770 D.
391 715 443 792 29,
457 714 487 790 2,
504 714 543 773 99
565 713 639 772 haec
662 713 793 789 scripsit:
817 705 931 772 ‘Aristo
949 713 982 772 in
1000 712 1127 772 decretis

23 827 24 842 ,
114 801 286 860 Frontianis
305 800 350 860 ita
367 795 480 861 refert'.
517 801 626 878 quibus
644 819 712 860 cum
732 802 859 861 decretis
873 801 960 860 Pauli
978 801 1055 861 liber
1068 802 1127 862 De-

23 933 24 936 ,
115 893 265 966 aratorum
291 884 336 968 (P.
351 881 497 970 56-80)
521 889 639 949 videtur
665 890 893 966 comparandus,
917 894 1128 969 praeterquam

115 979 195 1055 qnod
222 979 278 1039 hoc
306 997 395 1055 opere
422 979 626 1056 imperatoris,
658 978 711 1038 illo
739 978 867 1039 consulis
896 979 1065 1057 cuiusdam,
1095 979 1128 1039 id

115 1068 197 1145 quod
219 1066 378 1144 Pomponii
405 1067 482 1127 liber
509 1071 629 1128 senatus
653 1068 858 1128 consultorum
881 1072 985 1144 aperte
1006 1067 1127 1141 indicat,

23 1185 24 1200 κ
115 1158 237 1217 decreta
263 1157 515 1233 proponebantur.
560 1156 701 1216 Kcrlowa
722 1156 779 1234 Ip.
797 1159 867 1216 700.
913 1157 985 1216 Atei
1010 1175 1128 1233 quoqne
1186 1145 1192 1162 '

23 1255 24 1316 ἶ
115 1244 270 1321 Capitonis
294 1245 424 1318 consulis
448 1245 561 1304 decreti
584 1246 757 1304 memoriam
779 1246 902 1304 iniuria
922 1245 1128 1306 consultorum

116 1335 203 1394 libris
227 1337 330 1393 extare
354 1351 445 1410 supra
466 1333 614 1411 Hares
638 1334 777 1394 vidimus.
814 1335 917 1394 Aristo
941 1333 1037 1422 igitur
1060 1352 1128 1393 con·

115 1423 189 1482 aulis
217 1422 373 1482 cuiusdam
402 1421 523 1482 decreta
550 1423 768 1501 memorabilia,
800 1423 914 1483 scilicet
941 1442 977 1482 er
1005 1426 1127 1482 senatus

115 1511 265 1572 sententia
292 1511 386 1588 facta,
413 1511 534 1571 videtur
561 1511 702 1586 edidisse,
732 1531 859 1590 quocum
886 1513 1026 1573 convenit
1048 1511 1127 1589 quod

115 1600 242 1659 eundem
269 1599 442 1660 Aristonem
471 1595 518 1658 ‘de
547 1603 669 1660 senatus
693 1594 834 1661 decretis'
863 1602 1034 1661 consultum
1061 1618 1127 1660 esse

114 1707 207 1766 snpra
228 1709 257 1766 p.
272 1690 334 1749 365
359 1688 496 1750 vidimus

206 1776 271 1835 Iam
299 1778 467 1854 quaeritur,
500 1777 566 1853 qnia
597 1778 649 1838 ille
681 1779 786 1838 consul
813 1779 912 1839 fuerit.
962 1777 1128 1839 Mommsen

117 1866 147 1925 Z.
163 1867 183 1924 f.
199 1864 260 1926 Ro.
275 1865 334 1925 VII
347 1868 412 1926 476
436 1886 464 1926 n.
481 1869 499 1927 3
519 1867 574 1926 ait:
600 1861 764 1927 ‘vielleicht
786 1868 826 1927 ist
848 1887 884 1927 zu
906 1869 989 1928 lesen
1007 1868 1127 1928 decreta

116 1955 1126 2017 FrontinianaundzudenkenandenalsStaatsmannundSchrift·

116 2045 220 2104 steller
243 2043 341 2122 gleich
364 2044 629 2122 ausgezeichneten
652 2045 718 2104 Sex.
742 2044 798 2105 Iul.
817 2045 988 2123 Frontinus,
1011 2045 1128 2106 Konaul

116 2153 182 2192 aum
198 2136 297 2194 ersten
310 2131 372 2191 Mal
388 2135 475 2192 unter
488 2132 649 2204 Domitian,
668 2154 735 2192 zum
748 2135 872 2194 aweiten
884 2133 963 2194 Male
977 2136 1019 2193 im
1032 2135 1060 2195 J.
1076 2137 1127 2208 97,

114 2241 181 2282 aum
197 2222 311 2280 dritten
323 2220 385 2280 Mal
398 2221 441 2280 im
454 2222 482 2280 J.
499 2216 582 2283 100'.
619 2222 760 2282 Karlowa
774 2223 794 2282 1.
808 2242 831 2284 c.
846 2224 984 2299 fortasse,
1001 2224 1032 2282 id
1047 2223 1127 2300 quod

115 2311 210 2387 magis
233 2310 341 2385 placet,
360 2309 396 2369 de
416 2309 553 2370 Cornelio
572 2311 732 2388 Frontone,
751 2313 871 2372 consule
891 2313 962 2371 anni
983 2315 1055 2390 100,
1074 2312 1125 2390 agi

116 2399 233 2459 conicit.
278 2399 314 2458 cf.
329 2399 423 2459 Lenel
440 2398 473 2458 P.
489 2399 503 2456 Ι
523 2399 576 2459 col.
593 2401 633 2460 59
653 2419 681 2460 n.
699 2403 727 2459 1.

25 2559 26 2562 =
205 2518 244 2584 D.
255 2518 307 2601 29,
317 2519 347 2602 2,
356 2518 409 2584 99.
445 2517 643 2602 Pomponius
666 2518 751 2584 libro
774 2520 879 2604 primo
901 2522 1033 2584 senatus
1052 2539 1128 2583 oon-

117 2607 273 2672 sultornm
293 2603 343 2692 (P.
354 2605 443 2693 806).
460 2644 499 2654 -
517 2607 628 2672 Aristo
645 2608 680 2672 in
699 2607 834 2674 decretis
852 2605 1125 2692 Front<on>ianis

115 2695 163 2760 ita
189 2694 303 2760 refert:
331 2717 404 2762 cum
436 2696 518 2761 dnae
544 2695 631 2760 filiae
659 2697 747 2782 patri
769 2696 970 2761 necessariae
992 2695 1126 2760 heredes

116 2783 329 2869 exstitissent,
357 2783 459 2849 altera
487 2805 521 2850 se
548 2788 685 2870 paterna
712 2786 914 2851 abstinuerat
938 2783 1126 2867 hereditate,

116 2874 219 2938 altera
237 2873 324 2939 bona
341 2877 476 2959 paterna
494 2873 657 2940 vindicare
675 2877 844 2960 totumque
863 2896 946 2940 onus
965 2872 1126 2957 suscipere

115 2966 231 3045 parata
246 2966 323 3027 erat.
361 2967 508 3027 sanctum
523 2960 672 3029 Cassium
686 2967 868 3047 praetorem
882 2985 981 3029 causa
995 2962 1127 3048 cognita

117 3051 259 3117 actiones
287 3050 499 3116 hereditarias
526 3053 624 3118 utiles
652 3053 804 3118 daturum
831 3056 918 3118 recte
945 3051 1127 3136 pollicitum
1176 3081 1178 3086 ·

117 3141 154 3226 ei,
173 3161 255 3224 quae
274 3139 313 3204 ad
333 3139 545 3206 hereditatem
563 3142 666 3225 patris
686 3145 864 3208 accesserat
879 3141 1127 3228 denegaturum-

117 3251 176 3315 que
200 3229 243 3312 ei,
267 3251 348 3313 quae
372 3251 405 3294 se
430 3229 639 3295 abstinuerat.

204 3341 248 3400 De
281 3339 383 3402 Cassio
414 3343 554 3417 praetore
585 3362 613 3402 r.
642 3361 733 3419 supra
758 3364 788 3420 p.
812 3345 863 3403 27.
914 3340 1065 3402 decretum
1089 3340 1126 3400 de

117 3450 173 3508 quo
193 3449 289 3490 sermo
309 3433 364 3508 est,
386 3431 425 3489 ad
444 3433 564 3490 senatus
583 3432 752 3490 consultum
769 3431 959 3491 Velleianum
976 3429 1127 3506 pertinere

116 3518 208 3578 Lenel
230 3517 262 3578 P.
276 3517 307 3577 Π
329 3518 383 3580 col.
400 3521 462 3579 149
486 3522 548 3579 nl
578 3523 660 3579 recte
683 3520 802 3580 conicit:
832 3514 1065 3580 ‘animadvertas
1089 3517 1126 3574 de

116 3607 234 3668 filiabus
258 3609 321 3684 agi,
343 3626 403 3668 non
426 3608 463 3667 de
485 3602 577 3667 filiis'.
