2596 3902
446 183 468 231 5.
495 179 634 234 SEXTUS
653 177 782 234 Penius
1075 179 1117 243 87

111 341 237 406 etiamsi
261 342 341 407 alins
366 345 487 405 metum
510 340 600 427 feeit,
625 363 700 405 nam
723 341 758 406 in
781 341 915 406 alterins
935 342 1116 426 praemium

110 430 189 494 verti
213 431 352 494 alienum
376 433 496 496 metum
520 452 586 496 non
610 434 746 515 oportet.

504 587 549 642 De
566 588 627 642 doto
644 587 723 642 mato.

198 687 249 753 12.
279 686 317 752 D.
341 687 371 767 4,
392 686 421 766 3,
446 689 473 764 1,
493 685 523 750 4.
574 686 732 770 Ulpianus
764 686 848 751 libro
878 688 1046 753 undecimo
1077 687 1118 751 ad

110 774 248 840 edietum
275 773 324 860 (P.
344 773 446 862 385⁸).
474 812 516 821 -
546 775 603 839 Ait
629 780 773 860 praetor:
806 773 847 839 ‘si
875 776 914 840 de
941 775 992 841 his
1019 777 1116 855 rebus

110 863 172 929 alia
196 864 283 929 actio
306 886 372 928 non
396 862 478 930 erit'.
518 865 635 928 meritc
659 868 790 947 praetor
812 865 860 927 ita
881 864 1008 929 demum
1033 866 1117 930 banc

110 953 267 1017 actionem
296 952 479 1037 pollicetur,
507 954 534 1016 si
564 953 628 1016 alia
651 974 716 1016 non
733 953 791 1029 sit,
816 953 967 1036 quoniam
990 953 1117 1019 famosa

110 1041 192 1106 actio
223 1063 290 1106 non
322 1045 441 1105 temere
474 1041 586 1106 debuit
618 1065 637 1106 a
668 1047 817 1124 praetore
845 1041 985 1125 decerni,
1018 1043 1046 1106 si
1074 1043 1117 1106 sit

110 1129 214 1194 civilis
238 1130 289 1195 vel
312 1130 495 1214 honoraria,
520 1153 583 1215 qua
605 1130 710 1213 possit
733 1129 879 1212 experiri,
901 1151 1004 1214 nsque
1028 1130 1117 1211 adeo,

92 1222 146 1282 ¹ut
168 1217 287 1283 Pedius
309 1219 393 1282 libro
418 1224 533 1284 octavo
558 1217 710 1301 scribat1,
737 1218 835 1282 etiam
859 1219 886 1282 si
910 1217 1116 1282 interdictum

24 1367 25 1384 ,
112 1309 154 1370 sit
174 1329 238 1390 qno
263 1308 334 1392 quis
358 1307 504 1391 experiri,
527 1307 577 1371 vel
601 1307 745 1392 exceptio
765 1329 829 1390 qua
847 1329 881 1370 se
901 1307 986 1372 tueri
1004 1306 1117 1391 possit,

109 1417 232 1460 cessare
254 1395 316 1460 hoc
339 1395 488 1462 edietum.

198 1485 249 1549 13.
272 1482 312 1550 D.
327 1485 356 1567 6,
372 1484 400 1565 1,
415 1485 445 1548 l.
489 1484 577 1548 Idem
603 1481 660 1568 (so.
683 1481 817 1570 Paulus)
840 1484 924 1549 libro
949 1482 1116 1549 undecimo

110 1572 146 1636 ad
174 1573 313 1637 edictum
342 1572 391 1658 (Ρ.
411 1570 500 1660 214).
530 1609 567 1619 -
599 1570 632 1637 Si
660 1572 703 1653 is,
733 1574 788 1657 qui
816 1572 937 1657 optulit
965 1595 998 1638 se
1026 1573 1116 1637 fundi

109 1661 331 1745 vindicationi,
355 1662 526 1727 damnatus
551 1665 608 1746 est,
631 1660 734 1726 nihilo
759 1662 865 1726 minus
889 1684 908 1726 a
930 1683 1116 1746 possessore

109 1754 190 1815 recte
212 1751 349 1836 petitur,
372 1751 456 1815 sicut
477 1749 594 1814 Pedius
618 1750 673 1814 ait.

405 1907 454 1963 En
471 1909 570 1978 quibas
587 1908 678 1962 cancia
695 1907 819 1962 naiores.

129 2059 134 2067 ,
196 2008 246 2072 14.
262 2008 463 2094 D.4l,3,8,1.
483 2007 603 2072 Paulus
618 2007 701 2071 libro
717 2007 904 2073 duodecimo
920 2007 959 2071 ad
974 2008 1114 2072 edictum

108 2092 154 2182 (P.
173 2093 263 2183 232).
289 2133 327 2144 -
353 2119 490 2180 ..eum,
518 2096 572 2182 qui
600 2117 658 2161 suo
681 2095 812 2161 nomine
835 2096 917 2160 nihil
939 2117 1115 2180 usucapere

24 2241 25 2244 ,
109 2189 221 2268 potest,
243 2207 283 2251 no
307 2207 363 2270 por
387 2207 513 2250 servum
539 2184 666 2269 quidem
690 2207 785 2269 posse
807 2183 924 2250 Pedius
949 2185 1070 2249 scribit.

192 2295 274 2354 Num
291 2297 364 2356 haec
383 2296 441 2356 duo
459 2297 629 2374 fragmenta
646 2296 716 2355 libri
730 2295 806 2355 VHl
824 2295 944 2373 fuerint,
963 2314 1023 2354 non
1041 2297 1114 2355 satis

108 2387 229 2445 constat.

457 2500 564 2560 Liber
586 2499 765 2560 IX—XIV?

263 2607 308 2662 De
325 2609 490 2663 alienatione
507 2608 607 2663 indicii
624 2608 752 2663 enatandi
770 2623 854 2661 cansa
871 2607 955 2673 facta.

196 2705 245 2773 15.
269 2706 308 2771 Ι).
321 2708 353 2788 4,
368 2710 397 2791 t,
410 2708 442 2790 4,
456 2709 486 2773 2.
527 2707 688 2793 Ulpianus
710 2706 795 2771 libro
814 2705 911 2772 tertio
930 2703 1054 2769 decimo
1066 2704 1114 2769 'ad
1137 2757 1140 2762 .

105 2795 243 2860 edictum
267 2791 316 2881 (P.
331 2794 419 2885 447).
440 2833 482 2843 —
503 2796 619 2861 Pedius
642 2795 724 2860 libro
747 2816 831 2859 nono
855 2815 920 2859 non
944 2792 1049 2857 solum
1073 2793 1113 2857 ad

105 2883 240 2948 dominii
258 2886 502 2951 translationem
520 2884 581 2950 hoc
596 2884 736 2951 edictum
751 2883 911 2968 pertinere
926 2882 982 2965 ait,
1001 2903 1113 2947 verum

106 2972 144 3036 ad
181 2973 398 3058 possessionis
431 2995 571 3059 quoque:
612 2974 752 3055 alioquin
783 2993 852 3037 enrn
883 2993 941 3054 qne
977 2973 1012 3036 in
1048 2993 1134 3038 rern-

108 3061 265 3148 apebatnr,
286 3063 404 3147 inquit,
425 3064 454 3128 si
473 3063 658 3145 possessione
680 3063 773 3145 ceant,
795 3081 859 3126 nen
881 3061 1037 3126 tenebitur.

417 3217 471 3288 Qui
489 3221 636 3274 arbitrium
652 3220 807 3289 receperint.

195 3317 247 3382 16.
270 3315 309 3382 D.
322 3319 353 3399 4,
368 3319 398 3399 8,
413 3320 487 3402 lpr.
524 3316 684 3403 Ulpianus
708 3319 791 3384 libro
810 3319 908 3383 tertio
928 3319 1051 3383 decimo
1072 3317 1112 3381 ad

105 3405 245 3471 edictum
270 3401 319 3493 (P.
333 3405 435 3493 453⁰).
458 3443 496 3454 -
517 3406 633 3473 Pedius
656 3407 740 3472 libro
758 3427 845 3472 nono
865 3409 897 3470 et
916 3405 1112 3488 Pomponius

176 3550 190 3597 1
211 3544 259 3601 Fi.
278 3547 311 3599 nt
328 3549 358 3600 et
377 3586 383 3599 .
399 3587 405 3600 .
422 3587 427 3601 .
446 3545 552 3601 scribit.
