2570 3904
151 179 193 240 28
222 177 269 233 111.
285 176 360 231 ean
376 175 523 231 cnsunn
537 174 672 230 unaon.
684 174 945 233 emersione.
955 176 1050 232 ruars
1061 174 1165 234 cous.

240 341 270 404 3.
292 338 332 403 D.
346 339 400 420 42,
415 339 444 418 8,
462 340 512 403 ll.
553 335 730 402 Venuleius
754 336 946 404 Saturninus
968 339 1052 404 libro
1072 344 1169 406 sexto

149 428 402 493 Interdictorum
426 424 480 512 (D.
495 423 561 513 29).
580 464 623 474 -
643 425 776 492 Cassius
800 428 960 493 actionem
984 428 1171 494 introduxit

150 516 765 602 mmmmmmfflmmmm

128 641 129 644 ’
239 637 352 713 Agitur
371 636 408 694 de
426 636 463 694 iis
483 655 559 714 quae
578 636 610 694 in
628 636 766 696 fraudem
785 637 964 696 creditorum
984 639 1168 698 factasunt.

150 725 244 784 Lenel
258 726 354 784 Ediot.
374 745 402 801 p.
418 727 480 785 399
501 744 530 783 n.
547 729 562 783 1
580 726 636 784 ait:
661 719 780 784 ‘Venut
795 726 859 785 will
872 727 951 786 wohl
965 726 1049 786 nicht
1063 745 1167 804 sagon,

151 815 218 874 dass
233 813 355 874 Cassius
370 813 459 891 disse,
476 814 604 873 sondern
618 814 682 873 dass
697 833 729 872 er
742 814 913 891 uberhaupt
932 815 989 874 die
1008 815 1165 875 Bereiche-

149 903 334 981 rungsklage
349 921 404 964 aus
417 903 554 962 Delicten
569 903 712 962 adversus
727 904 868 963 heredem
882 905 1053 983 eingefthrt
1066 899 1167 965 habe'.

241 1023 271 1088 4.
299 1020 339 1089 D.
353 1022 407 1105 44,
422 1021 454 1105 4,
468 1022 499 1106 4,
513 1022 566 1086 33.
611 1021 770 1106 Ulpianus
793 1022 877 1087 libro
902 1023 1167 1108 septuagensimo

153 1113 244 1176 sexto
274 1111 313 1175 ad
343 1112 482 1176 edictum
513 1109 562 1196 (P.
586 1106 696 1196 1682).
725 1147 765 1157 -
794 1110 901 1175 Metus
930 1134 1026 1176 eausa
1054 1133 1167 1196 exeep-

149 1201 273 1266 tionem
302 1198 434 1266 Cassius
467 1221 532 1263 non
564 1202 780 1284 proposuerat
813 1205 986 1265 contentus
1019 1200 1084 1265 doli
1113 1221 1168 1266 ex·

151 1289 315 1375 ceptione,
339 1311 422 1373 quae
446 1292 496 1353 est
518 1288 689 1372 generalis.

237 1409 387 1486 Ulpianus
406 1407 503 1468 addit:
528 1401 591 1468 ‘sed
609 1407 716 1467 utilius
734 1408 832 1468 visum
851 1413 897 1468 est
916 1409 1008 1468 etiam
1026 1408 1062 1467 de
1081 1412 1167 1468 metu

150 1517 300 1575 opponere
316 1491 541 1573 exceptionem'.
572 1497 608 1554 de
622 1496 746 1572 Ulpiani
760 1498 917 1571 sententia,
932 1498 1030 1575 qualis
1044 1496 1165 1575 quidem

150 1587 295 1664 traditur,
323 1587 408 1647 valde
432 1585 525 1645 dubia
548 1606 576 1646 v.
599 1585 722 1645 Pernice
745 1579 790 1645 ΙΙ2
812 1607 841 1662 p.
859 1590 930 1647 199.
946 1589 1019 1663 232,
1042 1586 1095 1664 qui
1116 1586 1168 1646 vir

152 1676 344 1736 doctissimus
358 1696 387 1752 p.
399 1677 460 1735 199
477 1673 588 1734 iterum
602 1674 731 1751 dubitat,
750 1694 789 1734 an
807 1676 843 1734 de
858 1674 933 1735 Gaio
949 1674 1051 1734 Cassio
1067 1693 1166 1736 sermo

153 1765 205 1824 sit:
230 1759 453 1823 ‘Willhtirliehe
470 1750 674 1840 dnderungen
698 1783 746 1823 am
765 1763 876 1823 Edilrte
898 1765 977 1824 noch
998 1766 1089 1822 unter
1111 1763 1168 1823 der

149 1853 323 1930 Regierung
342 1852 393 1912 des
409 1851 548 1912 Tiberius
566 1853 663 1912 haben
683 1853 749 1912 eine
762 1852 954 1930 Vermutung
968 1871 1064 1931 gagen
1079 1847 1168 1915 sich'.

150 1945 183 2001 at
206 1943 276 2000 ante
299 1941 487 2000 Hadrianum
509 1945 663 2016 praetores
685 1941 789 2018 magni
809 1941 937 2001 nominis
961 1941 1168 2001 auctoritatis-

151 2049 207 2108 que
243 2029 404 2105 probatae,
443 2031 527 2090 cuius
564 2031 682 2108 generis
719 2029 856 2090 Cassium
895 2030 986 2090 fuisse
1023 2035 1167 2107 apparet,

150 2119 284 2179 edictum
304 2138 386 2178 more
406 2119 530 2197 antiquo
550 2118 588 2178 ad
606 2119 713 2178 melius
731 2119 907 2194 produxisse
925 2121 1031 2197 negari
1048 2119 1169 2195 nequit.

150 2209 187 2269 of.
210 2207 380 2285 AquiUium
405 2207 526 2267 Gallum
549 2208 563 2266 I
586 2228 615 2282 p.
636 2209 708 2268 115.

328 2437 382 2497 ΙΙΙ.
415 2436 625 2496 Sententiae
649 2436 685 2496 in
708 2440 837 2496 senatu
860 2438 988 2500 dictae.

240 2562 268 2623 1.
296 2557 372 2623 Tac.
396 2577 470 2621 ann.
497 2556 547 2635 13,
569 2557 611 2621 41
642 2561 680 2621 ad
711 2579 737 2622 a.
762 2563 802 2622 58
830 2565 988 2638 postquam
1018 2582 1066 2622 res
1096 2581 1168 2623 con·

147 2656 198 2713 tra
221 2652 387 2712 Tiridatem
409 2652 485 2711 bene
508 2652 609 2726 gestas
632 2651 778 2728 narravit,
801 2651 842 2710 sic
864 2653 977 2728 pergit:
1002 2645 1063 2712 ‘Ob
1084 2646 1168 2714 haec

150 2738 371 2802 consalutatus
386 2737 563 2820 imperator
572 2735 604 2800 N
606 2757 672 2818 ero,
685 2740 718 2800 et
732 2739 863 2800 senatus
877 2736 1025 2799 consulto
1041 2737 1167 2819 suppli-

150 2824 295 2890 cationes
314 2824 455 2908 habitae,
478 2827 669 2908 statuaeque
693 2828 725 2889 et
748 2845 840 2888 arcus
865 2827 897 2888 et
920 2824 1065 2889 continui
1089 2845 1167 2888 con-

45 2993 47 2997 ,
151 2913 277 2976 sulatus
296 2912 444 2996 principi,
466 2914 565 2994 utque
583 2912 669 2976 inter
686 2912 787 2976 festos
805 2911 979 2977 referretur
997 2913 1075 2997 dies,
1099 2935 1167 2996 quo

149 3003 281 3085 patrata
294 3001 443 3081 victoria,
463 3021 527 3083 quo
541 3001 700 3079 nuntiata,
720 3020 782 3083 quo
802 3001 938 3065 relatum
959 3001 997 3066 de
1017 3023 1055 3066 ea
1069 3005 1167 3088 esset,

151 3089 276 3171 aliaque
298 3088 333 3152 in
356 3087 490 3152 eandem
513 3087 651 3151 formam
674 3087 901 3170 decernuntur,
930 3090 1009 3155 adeo
1031 3090 1166 3154 modum

152 3198 291 3262 egressa,
309 3181 346 3241 ut
362 3172 398 3242 O.
412 3174 544 3242 Cassius
564 3175 602 3240 de
621 3177 735 3242 ceteris
754 3176 931 3243 honoribus
951 3179 1116 3262 adsensus,
1135 3178 1166 3243 si

150 3288 209 3352 pro
233 3266 437 3350 benignitate
458 3265 608 3331 fortunae
632 3265 681 3330 dis
705 3270 814 3351 grates
839 3272 1024 3352 agerentur,
1051 3289 1092 3332 ne
1115 3271 1167 3332 to·

151 3360 221 3420 tum
250 3355 378 3439 quidem
412 3377 531 3420 annum
561 3355 854 3439 supplicationibus
887 3357 1035 3422 sufficere
1063 3357 1166 3421 disse-

151 3444 262 3527 ruerit,
285 3465 386 3530 eoque
406 3448 555 3528 oportere
574 3443 672 3508 dividi
691 3465 800 3510 sacros
820 3448 853 3510 et
871 3446 1062 3531 negotiosos
1085 3445 1167 3530 dies,

152 3534 224 3619 quis
248 3533 357 3599 divina
380 3535 522 3599 colerent
545 3538 577 3600 et
599 3533 741 3598 humana
763 3555 829 3598 non
852 3533 1066 3617 impedirent?
