2614 3912
401 245 426 296 4.
452 240 482 295 L.
501 239 686 298 NERATIUS
704 241 851 299 PRJSOUS
1066 245 1131 310 355

15 389 16 438 ⁷
119 408 259 469 actorem
284 403 364 469 dari.
405 407 438 468 et
461 401 600 469 Sabinus
622 408 718 489 putat
740 427 806 470 non
830 427 900 471 esse
923 406 1129 474 dandam

15 491 16 530 ³
116 489 271 558 Neratius
305 513 429 577 quoque
464 492 591 558 dicebat
622 499 699 576 post
730 499 878 560 exactum
908 495 1130 562 iusiurandum

116 603 211 666 posse
244 585 385 646 actorem
414 581 558 648 detracta
586 603 690 646 noxae
719 582 879 649 deditione
912 587 1049 670 experiri
1085 587 1127 668 [si

15 689 16 696 ¹
118 670 214 736 modo
237 669 299 735 hoo
322 671 506 755 contendat,
523 674 736 756 posteaquam
755 671 898 738 iuratum
916 679 966 738 est
984 677 1129 761 coepisse

15 747 17 818 l
123 760 156 824 in
179 763 343 844 potestate
365 759 510 841 haberet

15 863 16 874 ³
203 870 326 932 Inclusa
347 871 441 931 verba
463 872 586 932 Pernice
609 871 717 932 merito
741 871 819 932 eicit.

344 1096 395 1163 Dc
418 1098 607 1164 Publiciana
629 1100 664 1163 in
682 1119 747 1164 rem
769 1100 896 1165 actione.

202 1222 254 1288 68.
278 1221 317 1287 D.
332 1222 362 1305 6,
375 1224 406 1304 2,
421 1223 450 1305 9,
466 1223 494 1287 3.
538 1221 696 1307 Ulpianus
719 1223 803 1288 libro
828 1227 917 1288 sexto
942 1223 1065 1290 decimo
1088 1225 1128 1290 ad

115 1311 256 1378 edictum
274 1309 322 1397 (P.
333 1307 437 1398 570⁶).
456 1347 501 1358 —
519 1360 544 1376 ..
568 1312 597 1375 si
618 1311 832 1378 hereditatem
852 1333 957 1378 emero
977 1318 1010 1378 et
1027 1313 1129 1378 tradi-

113 1404 180 1465 tam
214 1399 295 1464 mihi
326 1421 395 1464 rem
427 1400 655 1465 hereditariam
687 1405 796 1485 petere
828 1401 938 1486 velim,
971 1400 1127 1468 Neratius

115 1490 229 1554 scribit
252 1509 321 1553 esse
345 1488 578 1556 Publicianam.

201 1600 237 1660 cf.
252 1599 317 1660 Gai.
332 1603 360 1674 4,
377 1603 418 1661 36
443 1595 546 1661 ‘datur
569 1645 598 1661 ..
621 1602 694 1661 haec
718 1557 799 1662 actio
820 1596 874 1682 (sc.
889 1597 1080 1684 Publiciana)
1099 1604 1127 1663 ei

115 1689 170 1766 qui
193 1708 228 1748 ex
249 1690 330 1750 iusta
353 1708 443 1750 causa
464 1689 609 1750 traditam
632 1690 689 1750 sibi
712 1709 776 1750 rem
874 1686 974 1768 petit?

454 1914 505 1981 Dc
525 1935 610 1980 sono
632 1921 782 2000 corrupto.

200 2039 251 2104 69.
274 2038 313 2104 D.
325 2039 375 2123 11,
385 2041 416 2121 3,
425 2040 456 2124 9,
466 2042 495 2106 3.
536 2038 696 2124 Ulpianus
720 2039 806 2106 libro
830 2040 1005 2107 vicensimo
1026 2043 1124 2109 tertio

111 2128 152 2192 ad
176 2128 318 2193 edictum
340 2126 388 2214 (P.
405 2128 506 2214 703⁵).
526 2165 567 2176 -
587 2179 611 2194 ..
637 2129 836 2214 quaestionis
860 2134 918 2213 est,
941 2131 1125 2198 aestimatio

111 2223 218 2281 utrum
255 2218 324 2282 eius
360 2217 529 2283 dumtaxat
559 2217 631 2282 fieri
662 2219 791 2302 debeat,
828 2218 913 2304 quod
946 2241 1058 2285 servus
1089 2222 1125 2285 in

110 2327 244 2391 corpore
267 2305 319 2370 vel
340 2306 374 2372 in
398 2306 506 2371 animo
529 2306 640 2372 damni
663 2309 816 2391 senserit,
843 2308 905 2373 hoc
928 2313 979 2372 est
1001 2312 1124 2392 quanto

110 2396 205 2460 vilior
228 2416 338 2460 servus
361 2395 467 2461 factus
491 2397 543 2478 sit,
566 2418 607 2460 an
630 2417 707 2462 vero
731 2399 764 2460 et
783 2399 969 2462 ceterorum.
1007 2401 1040 2461 et
1057 2396 1124 2463 Ne-

109 2484 213 2549 ratius
246 2484 292 2548 ait
320 2484 406 2550 tanti
434 2484 712 2550 condemnandum
740 2489 978 2569 corruptorem,
1010 2487 1124 2570 quanti

110 2594 221 2638 servus
241 2573 282 2638 ob
301 2572 334 2637 id
354 2573 440 2658 quod
460 2574 630 2657 subpertus
645 2574 688 2638 sit
703 2569 902 2658 (subierit?)‚
920 2573 1056 2638 minoris
1072 2574 1123 2638 sit.

198 2698 249 2763 70.
268 2697 307 2762 D.
319 2699 370 2780 11,
380 2700 409 2780 3,
422 2699 461 2763 11
473 2719 521 2783 pr.
552 2697 711 2784 Ulpianus
731 2698 816 2763 libro
834 2698 1010 2764 vicensimo
1024 2697 1123 2763 tertio

107 2786 147 2850 ad
180 2787 319 2852 edictum
348 2785 397 2872 (P.
422 2784 526 2872 abab).
556 2823 594 2834 -
623 2784 778 2852 Neratius
812 2786 858 2851 ait
889 2791 1005 2870 postea
1036 2786 1123 2852 furta

105 2875 197 2941 facte
219 2875 260 2954 in
277 2876 536 2942 aestimationem
559 2898 626 2942 non
649 2876 767 2941 venire.

195 2987 291 3047 Lenel
327 2987 407 3064 apu'd
424 2983 426 2988 ’
443 2987 513 3066 Ulp.
544 2991 644 3048 notat:
680 2981 724 3046 ‘in
739 2987 957 3064 erpolationem
998 2988 1122 3048 subesse

106 3079 240 3153 apparet
287 3072 422 3152 suspicor
454 3076 642 3137 scribendum
674 3095 753 3136 osse:
791 3077 933 3136 Neratius
966 3076 1010 3135 ait
1042 3080 1055 3136 t
1096 3077 1122 3136 ti

185 3164 308 3277 minoris
332 3166 384 3242 sit,
411 3166 496 3226 furta
516 3169 616 3226 autem
639 3166 720 3230 facta
742 3167 774 3226 in
797 3166 1038 3226 aestimationem
1060 3184 1122 3226 non

104 3273 230 3402 vemin
248 3342 382 3421 Digestis
406 3346 571 3422 sequuntur
587 3345 673 3404 haec:
697 3339 800 3421 ‘quarn
818 3343 999 3408 sententiam
1017 3361 1121 3402 veram

103 3426 200 3509 puto'.
248 3434 281 3492 at
307 3432 401 3492 Lenel
428 3433 562 3493 oratione
588 3433 621 3491 in
648 3451 714 3492 eam
741 3451 819 3508 quae
848 3451 938 3511 supra
963 3430 1120 3509 proposita

104 3524 152 3581 est
186 3519 316 3580 formam
347 3521 469 3581 redacta
499 3520 663 3598 Ulpianum
693 3520 793 3597 potius
827 3521 979 3598 scripsisse
1010 3519 1119 3580 conicit
1217 3531 1241 3535 ’“

105 3603 208 3687 ‘quarn
233 3611 412 3670 sententiam
435 3610 540 3670 falsam
564 3604 658 3686 puto’.

849 3714 882 3762 23
890 3706 905 3739 *
