2580 3900
479 187 503 236 7.
522 178 710 235 PROCULUS
1037 178 1101 243 165

174 343 249 410 106.
273 343 311 409 D.
325 343 379 427 41,
393 343 424 429 2,
438 343 468 427 3,
483 343 512 408 3.
556 342 676 407 Paulus
699 342 784 408 libro
808 341 1099 427 quinquagensimo

83 437 199 518 quarto
229 432 270 498 ad
298 432 447 498 edietum.
475 467 511 478 -
543 429 697 496 Neratius
725 435 758 496 et
786 431 940 497 Proculus
969 435 1001 496 et
1030 433 1099 496 solo

84 523 193 588 auimo
216 543 284 587 non
308 542 404 604 posse
426 543 486 586 nos
511 521 678 604 adquirere
703 520 956 605 possessionem,
984 519 1101 585 sinon

83 611 253 676 antecedat
278 610 438 675 naturalis
461 610 634 694 possessio.
679 608 814 692 ideoque
838 610 865 674 si
888 609 1099 673 thensaurum

83 701 117 765 in
140 700 241 765 fundo
266 720 337 764 meo
361 699 503 783 positum
528 699 642 777 seiam,
672 697 825 763 continuo
849 719 900 762 me
924 697 1100 781 possidere,

83 789 180 854 simul
210 793 307 873 atque
335 787 521 871 possidendi
551 785 701 851 affectum
729 785 886 870 habuero,
913 786 988 870 quia
1015 786 1099 871 quod

84 878 167 944 desit
190 877 332 941 naturali
355 875 568 961 possessioni,
590 875 622 939 id
647 874 773 939 animus
796 875 920 959 implet.

172 967 248 1031 107.
281 963 318 1028 D.
339 965 390 1044 41,
411 966 440 1048 7,
459 966 489 1028 2.
540 964 660 1030 Paulus
692 964 776 1030 libro
807 963 1100 1048 quinquagensimo

82 1059 199 1142 quarto
231 1053 271 1120 ad
299 1053 440 1118 edietum
468 1050 516 1140 (P.
531 1052 620 1140 666).
645 1089 683 1099 -
711 1051 775 1118 Pro
804 1053 956 1116 derelicto
985 1073 1053 1116 rem
1082 1074 1102 1115 a

82 1145 214 1210 domino
237 1143 386 1208 habitam
411 1142 439 1206 si
462 1141 611 1227 soiamus,
633 1162 807 1226 possumus
832 1140 1008 1226 adquirere.
1045 1141 1111 1204 sed

82 1223 248 1299 Proculus·
265 1253 331 1295 non
359 1231 503 1296 desinere
532 1252 603 1295 eam
629 1253 698 1296 rem
726 1229 848 1295 domini
878 1250 948 1294 esse
971 1229 1035 1294 nisi
1059 1229 1100 1293 ab

82 1323 145 1387 alio
169 1343 322 1406 possessa
344 1319 451 1384 fuerit.

460 1478 512 1545 De
535 1481 731 1564 usucapione.

172 1603 247 1670 108.
277 1602 316 1669 D.
336 1605 388 1689 41,
408 1604 438 1683 3,
457 1604 498 1669 31
509 1627 556 1689 pr.
597 1603 718 1669 Paulus
745 1599 869 1689 (potius
887 1597 1101 1688 Pomponius)

82 1693 167 1758 libro
201 1693 392 1779 trigensimo
426 1693 566 1758 seeundo
599 1693 639 1757 ad
672 1689 827 1757 Sabinum
860 1689 909 1779 (P.
935 1687 1024 1778 760).
1062 1721 1109 1737 -“

82 1781 273 1866 Numquam
312 1783 347 1846 in
389 1781 639 1866 usucapionibus
679 1781 758 1846 iuris
796 1803 885 1847 error
921 1779 1102 1864 possessori

81 1871 222 1954 prodest.
275 1874 307 1935 et
333 1869 406 1935 ideo
429 1870 586 1936 Proculus
616 1870 676 1952 ait,
706 1871 733 1935 si
759 1891 818 1954 per
841 1890 982 1935 errorem
1005 1868 1101 1934 initio

82 1959 277 2024 venditionis
308 1963 399 2024 tutor
430 1960 555 2045 pupillo
589 1963 701 2024 auotor
732 1958 838 2023 faetus
872 1959 916 2022 111
944 1957 996 2022 vel
1024 1963 1103 2042 post

81 2053 210 2131 tempus
234 2048 428 2113 venditionis
451 2056 627 2132 peractum,
651 2047 785 2132 usuoapi
807 2069 873 2112 non
895 2067 1000 2132 posse,
1023 2047 1102 2131 quia

82 2138 163 2202 iuris
187 2158 279 2201 error
301 2140 360 2202 111.

169 2249 294 2308 Pernioe
317 2240 361 2307 11²
380 2250 444 2309 496
473 2269 501 2309 n.
521 2251 554 2307 2:
588 2241 671 2307 ‘Man
697 2248 778 2308 kann
806 2247 953 2324 zweifeln,
985 2247 1022 2307 ob
1051 2245 1099 2306 die

82 2336 173 2397 Stella
193 2357 269 2416 ganz
287 2337 348 2396 hail
366 2330 418 2397 ist'
454 2337 620 2397 Mommsen
638 2337 700 2416 legi
717 2337 813 2397 iubet:
838 2329 947 2397 ‘faetus
973 2336 1013 2396 sit
1030 2339 1102 2412 post

83 2428 203 2503 tempus
227 2426 398 2486 venditione
421 2420 564 2503 peraeta'.

178 2525 252 2591 109.
275 2524 313 2590 D.
324 2526 377 2610 41,
387 2526 458 2610 3,4,
470 2528 519 2592 10.
560 2526 680 2593 Paulus
704 2526 788 2592 libro
813 2525 1103 2611 quinquagensimo

90 2619 207 2700 quarto
237 2615 278 2679 ad
307 2615 445 2680 edietum
474 2612 525 2703 (P.
540 2614 629 2702 673).
653 2653 691 2662 -
722 2613 758 2680 si
785 2637 867 2697 rem,
895 2636 991 2698 quam
1019 2613 1103 2696 apud

91 2708 123 2768 te
147 2704 368 2788 deposueram,
391 2702 634 2770 lucrifaciendi
658 2726 756 2769 eausa
778 2702 968 2785 vendideris,
990 2701 1104 2766 deinde

92 2814 130 2857 ex
151 2792 353 2878 paenitentia
375 2792 548 2858 redemeris
572 2798 604 2858 et
627 2792 740 2858 eodem
764 2796 851 2857 statu
874 2790 1008 2873 habeas,
1037 2790 1104 2855 sive

91 2881 265 2968 ignorante
284 2903 334 2945 me
354 2881 422 2947 sive
441 2880 561 2947 sciente
580 2903 618 2946 ea
637 2886 730 2968 gesta
750 2881 823 2965 sint,
843 2879 943 2945 videri
962 2880 996 2944 in
1014 2877 1107 2964 pote-¹

92 2974 212 3036 statem
246 2991 351 3034 meam
383 2970 503 3036 redisse
537 2972 710 3037 seeundum
740 2969 871 3036 Proculi
903 2969 1104 3034 senteutiam.

444 3147 494 3214 De
517 3149 744 3216 donationibus.

173 3273 246 3340 110.
269 3272 308 3338 D.
321 3272 372 3353 39,
383 3273 414 3359 6,
423 3271 475 3358 35,
487 3273 516 3338 3.
567 3272 687 3338 Paulus
711 3273 795 3338 libro
821 3275 912 3338 sexto
936 3271 976 3336 ad
998 3271 1104 3356 legem

83 3359 198 3428 Iuliam
231 3364 265 3426 et
292 3362 426 3446 Papiam
455 3360 503 3447 (P.
523 3361 615 3447 962).
645 3399 686 3409 —
717 3413 750 3428 ..
781 3362 836 3446 qui
865 3361 979 3426 mortis
1007 3381 1106 3425 eausa

84 3450 191 3532 donat,
214 3472 278 3535 qua
296 3455 388 3536 parte
407 3472 441 3515 11
461 3451 594 3536 cogitat,
620 3451 789 3536 negotium
809 3450 901 3534 gerit,
921 3449 1042 3512 scilieet
1060 3451 1111 3527 ut,

82 3561 153 3606 enm
164 3539 374 3624 convaluerit,
383 3540 536 3606 reddatur
547 3539 617 3603 sibi.
642 3560 700 3604 neo
711 3533 1107 3610 dubitaverunthssiani,
1228 3583 1231 3588 .
1266 3559 1273 3568 ·
