2602 3906
155 197 219 262 508
430 205 432 210 ’
523 197 798 252 ADDITAMENTA.

156 361 254 438 mitti,
273 382 344 426 cunr
360 363 494 443 uterque
508 360 593 424 filius
609 361 676 424 eius
690 361 724 424 iu
743 360 850 444 prima
865 363 970 425 aetate
985 360 1170 445 decesserit,

158 450 380 603 qqealgqrtutro
400 449 572 514 decedente
590 450 664 514 ilico
685 449 880 515 substitutus
900 449 934 512 in
949 450 1017 514 eius
1039 453 1169 534 partem

249 643 285 700 cf.
308 641 339 699 II
363 643 379 700 1
404 662 432 717 p.
457 643 530 701 425.

247 745 276 808 8.
305 741 338 808 C.
368 743 397 824 6,
421 743 473 824 29,
498 745 517 808 3
546 742 757 828 (Iustinianus
782 766 809 808 a.
833 740 922 828 530).
954 780 991 790 -
1104 765 1170 808 cer·

158 833 264 896 tatum
298 835 348 896 est
381 832 466 915 apud
498 836 620 896 veteres
749 854 821 897 cum
859 832 958 916 igitur
989 831 1018 895 is
1049 833 1104 915 qni
1134 833 1166 895 in

157 924 269 985 ventre
297 920 488 1004 portabatur
511 921 705 1005 praeteritus
729 921 844 999 fuerat,
872 920 926 1004 qui
950 921 978 983 si
1001 920 1040 984 ad
1064 921 1168 985 lucem

160 1009 277 1073 fuisset
306 1009 464 1086 redactus,
492 1031 568 1073 suus
600 1009 693 1073 hores
717 1009 804 1094 patri
836 1010 1002 1090 existeret,
1038 1009 1067 1073 si
1102 1030 1167 1074 non

157 1098 239 1162 elius
261 1120 335 1163 eum
350 1097 553 1162 antecederet
572 1101 605 1161 et
618 1098 777 1163 nascendo
792 1101 923 1181 ruptum
937 1100 1168 1162 testamentum

158 1181 308 1270 faciebat,
332 1187 360 1251 si
384 1191 552 1270 postumus
571 1187 606 1250 in
625 1187 710 1251 huno
730 1187 858 1271 quidem
873 1186 984 1251 orbem
999 1186 1167 1251 devolutus

159 1285 215 1358 est,
245 1299 322 1341 voce
353 1279 461 1339 autem
489 1297 554 1340 non
583 1276 700 1339 emissa
729 1277 769 1340 ab
797 1276 858 1340 hac
887 1275 956 1340 luce
981 1277 1166 1340 subtractus

158 1369 216 1448 est,
240 1365 459 1449 dubitabatur,
487 1363 514 1427 si
538 1364 566 1427 is
590 1370 759 1447 postumus
783 1367 914 1448 ruptum
939 1364 1043 1429 facere
1067 1368 1169 1429 testa-

156 1459 300 1520 mentum
332 1457 449 1537 potest.
477 1457 602 1517 veteres
631 1453 729 1536 animi
757 1455 881 1518 turbati
909 1459 994 1536 sunt,
1022 1452 1100 1537 quid
1130 1453 1167 1517 de

156 1547 291 1627 paterno
316 1543 421 1626 elogio
446 1541 649 1606 statuendum
674 1541 725 1606 sit.

246 1646 282 1704 of.
305 1644 336 1703 11
362 1646 379 1703 1
403 1664 432 1721 p.
457 1647 531 1705 aas.

246 1749 276 1812 9.
299 1743 334 1810 O.
358 1747 389 1824 6,
418 1746 471 1828 29,
493 1747 516 1810 4
543 1744 757 1824 (Iustinianus
781 1769 809 1810 e.
832 1743 920 1832 530).
949 1782 991 1792 —
1020 1745 1168 1829 Quidam,

157 1859 230 1902 cum
244 1839 476 1900 testamentum
492 1834 640 1917 faciebat,
658 1834 709 1898 his
726 1835 830 1899 verbis
849 1857 926 1899 usus
942 1840 1004 1900 est:
1024 1834 1064 1899 ‘si
1080 1833 1166 1899 filius

157 1925 209 1990 vel
231 1925 300 1988 filia
322 1923 408 1987 intra
433 1923 541 1987 decem
569 1944 737 1988 mensuum
761 1924 901 2008 spatium
929 1930 1004 2008 post
1031 1927 1167 1987 mortem

158 2035 263 2078 meam
286 2012 408 2075 fuerint
429 2011 515 2094 editi,
533 2011 665 2076 heredes
685 2012 791 2078 sunto'
816 2011 867 2076 vel
891 2012 939 2077 ita
957 2013 1050 2077 dixit:
1070 2011 1167 2075 ‘filius

157 2103 210 2166 vel
246 2101 321 2181 filia,
360 2099 415 2183 qui
447 2100 533 2164 iutra
570 2121 696 2165 menses
729 2102 894 2185 proximos
927 2101 1042 2166 mortis
1079 2121 1167 2164 meae
1280 2111 1281 2120 ’

158 2193 344 2269 nascentur,
381 2187 514 2252 heredes
554 2188 670 2253 sunto'.
716 2191 857 2274 iurgium
896 2189 1036 2273 antiquis
1073 2189 1167 2254 inter-

158 2279 377 2364 pretatoribus
412 2277 520 2362 legum
551 2281 698 2342 exortum
731 2286 793 2356 est,
830 2301 872 2343 an
905 2279 1087 2361 rideantur,
1118 2276 1167 2359 <si

156 2370 231 2433 vivo
257 2369 411 2432 testatore
434 2366 641 2450 naseuntur>,
664 2388 729 2432 non
749 2368 906 2432 contineri
924 2369 1116 2432 testamento
1136 2369 1168 2430 et
1280 2369 1281 2378 ’

157 2459 220 2523 hoc
243 2460 373 2540 ruptum
397 2455 510 2520 faeere.
570 2485 572 2490 ·
1280 2453 1281 2480 ;

249 2547 300 2612 10.
323 2543 391 2609 Gai.
415 2546 451 2627 2,
473 2543 524 2610 55.
550 2582 590 2591 -
615 2594 645 2610 ..
669 2545 840 2610 voluerunt
864 2548 985 2609 veteres
1010 2544 1166 2609 maturius

159 2636 354 2701 hereditates
369 2634 459 2716 adiri,
479 2638 514 2698 ut
537 2638 645 2698 esseut
663 2634 718 2718 qui
733 2655 824 2698 sacra
839 2633 981 2698 facerent
1005 2683 1054 2699 ...
1079 2637 1111 2698 et
1134 2636 1168 2697 ut

160 2725 335 2791 creditores
358 2722 525 2806 haberent,
548 2744 567 2786 a
591 2745 653 2809 quo
678 2745 772 2788 suum
796 2727 1077 2808 consequerentur.

465 2881 514 2946 De
539 2880 681 2965 Zeqe'timis
702 2882 868 2948 heredibus.

251 2999 301 3062 11.
335 2995 373 3061 D.
398 2997 429 3080 5,
450 2998 481 3078 4,
505 2998 584 3080 3pr.
611 2989 747 3064 'Paulus
775 2999 858 3064 libro
887 2999 1027 3082 septimo
1056 2997 1166 3062 decino

161 3087 201 3152 ad
215 3085 388 3162 Plautium.
402 3121 446 3130 -
461 3086 598 3168 Antiqui
616 3087 719 3151 libero
739 3090 844 3152 ventri
863 3087 910 3152 ita
928 3091 1167 3172 prospexerunt,

160 3176 273 3328 qqreilq,
287 3178 415 3257 ternpus
442 3174 594 3237 nascendi
622 3175 730 3239 omnia
758 3176 787 3240 ei
815 3175 886 3240 iura
911 3175 1040 3260 integra
1070 3196 1169 3241 reser-

572 3349 621 3416 De
644 3351 757 3435 tequtis.

251 3467 301 3531 12.
333 3463 372 3528 Ι).
396 3463 448 3545 35,
478 3467 508 3548 2,
543 3467 571 3544 1,
603 3465 632 3531 9.
664 3465 783 3532 Paulus
816 3468 901 3534 libro
934 3469 1093 3554 singulari
1130 3467 1168 3532 ud

159 3555 266 3640 legem
300 3552 484 3620 Falcidiam.
516 3589 553 3601 -
585 3551 619 3618 si
646 3577 722 3620 usus
746 3555 868 3621 fructus
891 3558 1018 3642 legatus
1042 3557 1094 3641 sit,
1116 3555 1168 3638 qui
