<?xml version="1.0" encoding="UTF-8"?>
<!DOCTYPE html PUBLIC "-//W3C//DTD XHTML 1.0 Transitional//EN"
    "http://www.w3.org/TR/xhtml1/DTD/xhtml1-transitional.dtd">
<html xmlns="http://www.w3.org/1999/xhtml" xml:lang="en" lang="en">
 <head>
  <title>
</title>
<meta http-equiv="Content-Type" content="text/html;charset=utf-8" />
  <meta name='ocr-system' content='tesseract 3.04.00' />
  <meta name='ocr-capabilities' content='ocr_page ocr_carea ocr_par ocr_line ocrx_word'/>
</head>
<body>
  <div class='ocr_page' id='page_1' title='image "./iurisprudentiae03bremgoog_0608.png"; bbox 0 0 2568 3912; ppageno 0'>
   <div class='ocr_carea' id='block_1_1' title="bbox 158 149 798 217">
    <p class='ocr_par' dir='ltr' id='par_1_1' title="bbox 158 149 798 217">
     <span class='ocr_line' id='line_1_1' title="bbox 158 149 798 217; baseline -0.02 0"><span class='ocrx_word' id='word_1_1' title='bbox 158 154 223 217; x_wconf 79' lang='grc'>578</span> <span class='ocrx_word' id='word_1_2' title='bbox 523 149 798 204; x_wconf 82' lang='lat' dir='ltr'><strong>ADDITAMENTA.</strong></span> 
     </span>
    </p>
   </div>
   <div class='ocr_carea' id='block_1_2' title="bbox 158 309 1174 841">
    <p class='ocr_par' dir='ltr' id='par_1_2' title="bbox 158 309 1174 841">
     <span class='ocr_line' id='line_1_2' title="bbox 158 309 1172 397; baseline -0.004 -16"><span class='ocrx_word' id='word_1_3' title='bbox 158 338 226 381; x_wconf 90' lang='lat' dir='ltr'>non</span> <span class='ocrx_word' id='word_1_4' title='bbox 247 312 406 379; x_wconf 88' lang='lat' dir='ltr'>nubserit’</span> <span class='ocrx_word' id='word_1_5' title='bbox 426 312 539 378; x_wconf 87' lang='lat' dir='ltr'>velita</span> <span class='ocrx_word' id='word_1_6' title='bbox 563 311 602 378; x_wconf 77' lang='lat' dir='ltr'>‘ei</span> <span class='ocrx_word' id='word_1_7' title='bbox 624 335 727 397; x_wconf 90' lang='lat' dir='ltr'>neque</span> <span class='ocrx_word' id='word_1_8' title='bbox 744 312 830 377; x_wconf 86' lang='lat' dir='ltr'>Titio</span> <span class='ocrx_word' id='word_1_9' title='bbox 850 334 951 396; x_wconf 90' lang='lat' dir='ltr'>neque</span> <span class='ocrx_word' id='word_1_10' title='bbox 971 309 1044 377; x_wconf 81' lang='lat' dir='ltr'>Seio</span> <span class='ocrx_word' id='word_1_11' title='bbox 1065 334 1172 396; x_wconf 89' lang='lat' dir='ltr'>neque</span> 
     </span>
     <span class='ocr_line' id='line_1_3' title="bbox 161 399 1172 486; baseline -0.004 -18"><span class='ocrx_word' id='word_1_12' title='bbox 161 403 288 468; x_wconf 78' lang='lat' dir='ltr'>Maeuio</span> <span class='ocrx_word' id='word_1_13' title='bbox 316 399 474 486; x_wconf 89' lang='lat' dir='ltr'>nupserit&#39;</span> <span class='ocrx_word' id='word_1_14' title='bbox 501 407 535 466; x_wconf 90' lang='lat' dir='ltr'>et</span> <span class='ocrx_word' id='word_1_15' title='bbox 562 401 697 486; x_wconf 89' lang='lat' dir='ltr'>denique</span> <span class='ocrx_word' id='word_1_16' title='bbox 721 402 748 466; x_wconf 84' lang='lat' dir='ltr'>si</span> <span class='ocrx_word' id='word_1_17' title='bbox 770 403 877 486; x_wconf 88' lang='lat' dir='ltr'>plures</span> <span class='ocrx_word' id='word_1_18' title='bbox 900 422 1057 484; x_wconf 83' lang='lat' dir='ltr'>personae</span> <span class='ocrx_word' id='word_1_19' title='bbox 1083 422 1172 465; x_wconf 89' lang='lat' dir='ltr'>com·</span> 
     </span>
     <span class='ocr_line' id='line_1_4' title="bbox 160 489 1172 577; baseline -0.005 -20"><span class='ocrx_word' id='word_1_20' title='bbox 160 492 338 577; x_wconf 85' lang='lat' dir='ltr'>prehensae</span> <span class='ocrx_word' id='word_1_21' title='bbox 369 490 500 573; x_wconf 85' lang='lat' dir='ltr'>fuerint,</span> <span class='ocrx_word' id='word_1_22' title='bbox 531 491 635 574; x_wconf 83' lang='lat' dir='ltr'>magis</span> <span class='ocrx_word' id='word_1_23' title='bbox 667 490 799 574; x_wconf 77' lang='lat' dir='ltr'>placuit,</span> <span class='ocrx_word' id='word_1_24' title='bbox 829 489 963 554; x_wconf 75' lang='lat' dir='ltr'>cuilibet</span> <span class='ocrx_word' id='word_1_25' title='bbox 995 511 1108 554; x_wconf 89' lang='lat' dir='ltr'>eorum</span> <span class='ocrx_word' id='word_1_26' title='bbox 1142 491 1172 553; x_wconf 89' lang='lat' dir='ltr'>si</span> 
     </span>
     <span class='ocr_line' id='line_1_5' title="bbox 160 577 1172 663; baseline -0.004 -18"><span class='ocrx_word' id='word_1_27' title='bbox 160 579 322 662; x_wconf 79' lang='lat' dir='ltr'>nubserit,</span> <span class='ocrx_word' id='word_1_28' title='bbox 362 580 553 644; x_wconf 84' lang='lat' dir='ltr'>amissurum</span> <span class='ocrx_word' id='word_1_29' title='bbox 583 580 739 663; x_wconf 83' lang='lat' dir='ltr'>legatum,</span> <span class='ocrx_word' id='word_1_30' title='bbox 771 600 830 644; x_wconf 92' lang='lat' dir='ltr'>nec</span> <span class='ocrx_word' id='word_1_31' title='bbox 862 577 963 643; x_wconf 84' lang='lat' dir='ltr'>videri</span> <span class='ocrx_word' id='word_1_32' title='bbox 1003 579 1063 642; x_wconf 90' lang='lat' dir='ltr'>tali</span> <span class='ocrx_word' id='word_1_33' title='bbox 1098 597 1172 643; x_wconf 90' lang='lat' dir='ltr'>con-</span> 
     </span>
     <span class='ocr_line' id='line_1_6' title="bbox 161 666 1174 752; baseline -0.005 -17"><span class='ocrx_word' id='word_1_34' title='bbox 161 669 285 735; x_wconf 89' lang='lat' dir='ltr'>dicione</span> <span class='ocrx_word' id='word_1_35' title='bbox 316 668 470 733; x_wconf 86' lang='lat' dir='ltr'>viduitate</span> <span class='ocrx_word' id='word_1_36' title='bbox 500 667 695 752; x_wconf 89' lang='lat' dir='ltr'>iniunctam,</span> <span class='ocrx_word' id='word_1_37' title='bbox 729 688 801 732; x_wconf 89' lang='lat' dir='ltr'>eum</span> <span class='ocrx_word' id='word_1_38' title='bbox 836 666 892 730; x_wconf 89' lang='lat' dir='ltr'>alii</span> <span class='ocrx_word' id='word_1_39' title='bbox 925 667 1056 732; x_wconf 81' lang='lat' dir='ltr'><strong>cuilibet</strong></span> <span class='ocrx_word' id='word_1_40' title='bbox 1089 668 1174 731; x_wconf 85' lang='lat' dir='ltr'>satis</span> 
     </span>
     <span class='ocr_line' id='line_1_7' title="bbox 164 756 607 841; baseline -0.009 -18"><span class='ocrx_word' id='word_1_41' title='bbox 164 756 330 823; x_wconf 87' lang='lat' dir='ltr'>commode</span> <span class='ocrx_word' id='word_1_42' title='bbox 353 757 456 841; x_wconf 80' lang='lat' dir='ltr'><strong>possit</strong></span> <span class='ocrx_word' id='word_1_43' title='bbox 478 757 607 821; x_wconf 91' lang='lat' dir='ltr'>nubere.</span> 
     </span>
    </p>
   </div>
   <div class='ocr_carea' id='block_1_3' title="bbox 254 849 1173 939">
    <p class='ocr_par' dir='ltr' id='par_1_3' title="bbox 254 849 1173 939">
     <span class='ocr_line' id='line_1_8' title="bbox 254 849 1173 939; baseline -0.002 -21"><span class='ocrx_word' id='word_1_44' title='bbox 254 855 302 920; x_wconf 89' lang='lat'>18.</span> <span class='ocrx_word' id='word_1_45' title='bbox 326 855 365 919; x_wconf 91' lang='lat' dir='ltr'>D.</span> <span class='ocrx_word' id='word_1_46' title='bbox 389 854 440 939; x_wconf 84' lang='lat'>35,</span> <span class='ocrx_word' id='word_1_47' title='bbox 465 855 494 938; x_wconf 86' lang='lat'>1,</span> <span class='ocrx_word' id='word_1_48' title='bbox 516 855 567 918; x_wconf 81' lang='lat'>24.</span> <span class='ocrx_word' id='word_1_49' title='bbox 592 851 682 917; x_wconf 84' lang='lat' dir='ltr'>Idem</span> <span class='ocrx_word' id='word_1_50' title='bbox 706 849 762 939; x_wconf 87' lang='lat' dir='ltr'>(sc.</span> <span class='ocrx_word' id='word_1_51' title='bbox 786 851 945 937; x_wconf 86' lang='lat' dir='ltr'>Iulianus)</span> <span class='ocrx_word' id='word_1_52' title='bbox 968 853 1051 916; x_wconf 87' lang='lat' dir='ltr'>libro</span> <span class='ocrx_word' id='word_1_53' title='bbox 1077 852 1173 937; x_wconf 91' lang='lat' dir='ltr'>quin·</span> 
     </span>
    </p>
   </div>
   <div class='ocr_carea' id='block_1_4' title="bbox 160 941 1174 1293">
    <p class='ocr_par' dir='ltr' id='par_1_4' title="bbox 160 941 1174 1293">
     <span class='ocr_line' id='line_1_9' title="bbox 162 941 1173 1030; baseline -0.003 -22"><span class='ocrx_word' id='word_1_54' title='bbox 162 945 349 1030; x_wconf 83' lang='lat' dir='ltr'>quagesima</span> <span class='ocrx_word' id='word_1_55' title='bbox 372 944 484 1025; x_wconf 87' lang='lat' dir='ltr'>quintu</span> <span class='ocrx_word' id='word_1_56' title='bbox 506 941 725 1026; x_wconf 76' lang='lat' dir='ltr'><strong>Digestorum.</strong></span> <span class='ocrx_word' id='word_1_57' title='bbox 747 978 784 989; x_wconf 92' lang='lat'>—</span> <span class='ocrx_word' id='word_1_58' title='bbox 805 941 878 1005; x_wconf 89' lang='lat' dir='ltr'>Iure</span> <span class='ocrx_word' id='word_1_59' title='bbox 897 941 986 1006; x_wconf 86' lang='lat' dir='ltr'>civili</span> <span class='ocrx_word' id='word_1_60' title='bbox 1003 945 1173 1025; x_wconf 89' lang='lat' dir='ltr'>receptum</span> 
     </span>
     <span class='ocr_line' id='line_1_10' title="bbox 161 1030 1171 1117; baseline -0.003 -20"><span class='ocrx_word' id='word_1_61' title='bbox 161 1037 224 1117; x_wconf 90' lang='lat' dir='ltr'>est,</span> <span class='ocrx_word' id='word_1_62' title='bbox 263 1031 411 1116; x_wconf 85' lang='lat' dir='ltr'>quotiens</span> <span class='ocrx_word' id='word_1_63' title='bbox 447 1054 504 1115; x_wconf 89' lang='lat' dir='ltr'>per</span> <span class='ocrx_word' id='word_1_64' title='bbox 536 1053 629 1110; x_wconf 87' lang='lat' dir='ltr'>eum,</span> <span class='ocrx_word' id='word_1_65' title='bbox 658 1031 746 1095; x_wconf 86' lang='lat' dir='ltr'>cuius</span> <span class='ocrx_word' id='word_1_66' title='bbox 778 1031 912 1094; x_wconf 88' lang='lat' dir='ltr'>interest</span> <span class='ocrx_word' id='word_1_67' title='bbox 948 1030 1171 1095; x_wconf 88' lang='lat' dir='ltr'>condicionem</span> 
     </span>
     <span class='ocr_line' id='line_1_11' title="bbox 160 1118 1174 1205; baseline -0.002 -21"><span class='ocrx_word' id='word_1_68' title='bbox 160 1121 270 1205; x_wconf 87' lang='grc'>&lt;000&gt;</span> <span class='ocrx_word' id='word_1_69' title='bbox 294 1119 436 1204; x_wconf 89' lang='lat' dir='ltr'>impleri,</span> <span class='ocrx_word' id='word_1_70' title='bbox 462 1121 515 1200; x_wconf 88' lang='lat' dir='ltr'>fit,</span> <span class='ocrx_word' id='word_1_71' title='bbox 544 1142 607 1204; x_wconf 88' lang='lat' dir='ltr'>quo</span> <span class='ocrx_word' id='word_1_72' title='bbox 631 1119 737 1184; x_wconf 85' lang='lat' dir='ltr'>minus</span> <span class='ocrx_word' id='word_1_73' title='bbox 764 1118 952 1203; x_wconf 89' lang='lat' dir='ltr'>impleatur,</span> <span class='ocrx_word' id='word_1_74' title='bbox 978 1124 1016 1183; x_wconf 93' lang='lat' dir='ltr'>ut</span> <span class='ocrx_word' id='word_1_75' title='bbox 1037 1118 1174 1202; x_wconf 79' lang='lat' dir='ltr'>perinde</span> 
     </span>
     <span class='ocr_line' id='line_1_12' title="bbox 162 1206 913 1293; baseline -0.004 -19"><span class='ocrx_word' id='word_1_76' title='bbox 162 1210 329 1293; x_wconf 77' lang='lat' dir='ltr'>habeatur,</span> <span class='ocrx_word' id='word_1_77' title='bbox 353 1231 390 1274; x_wconf 90' lang='lat' dir='ltr'>ac</span> <span class='ocrx_word' id='word_1_78' title='bbox 414 1209 442 1272; x_wconf 88' lang='lat' dir='ltr'>si</span> <span class='ocrx_word' id='word_1_79' title='bbox 464 1208 599 1292; x_wconf 90' lang='lat' dir='ltr'>impleta</span> <span class='ocrx_word' id='word_1_80' title='bbox 623 1206 767 1273; x_wconf 91' lang='lat' dir='ltr'>condicio</span> <span class='ocrx_word' id='word_1_81' title='bbox 791 1207 913 1273; x_wconf 85' lang='lat' dir='ltr'>fuisset.</span> 
     </span>
    </p>
   </div>
   <div class='ocr_carea' id='block_1_5' title="bbox 567 1390 760 1450">
    <p class='ocr_par' dir='ltr' id='par_1_5' title="bbox 567 1390 760 1450">
     <span class='ocr_line' id='line_1_13' title="bbox 567 1390 760 1450; baseline 0.005 -1"><span class='ocrx_word' id='word_1_82' title='bbox 567 1390 614 1449; x_wconf 85' lang='lat' dir='ltr'>De</span> <span class='ocrx_word' id='word_1_83' title='bbox 635 1391 760 1450; x_wconf 75' lang='lat' dir='ltr'>caducis.</span> 
     </span>
    </p>
   </div>
   <div class='ocr_carea' id='block_1_6' title="bbox 160 1507 1174 2017">
    <p class='ocr_par' dir='ltr' id='par_1_6' title="bbox 160 1507 1174 2017">
     <span class='ocr_line' id='line_1_14' title="bbox 254 1507 1174 1596; baseline -0.002 -21"><span class='ocrx_word' id='word_1_84' title='bbox 254 1511 328 1576; x_wconf 77' lang='grc'>191.</span> <span class='ocrx_word' id='word_1_85' title='bbox 352 1509 391 1574; x_wconf 89' lang='grc' dir='ltr'>Ι).</span> <span class='ocrx_word' id='word_1_86' title='bbox 420 1511 481 1596; x_wconf 85' lang='grc'>31,</span> <span class='ocrx_word' id='word_1_87' title='bbox 510 1509 553 1575; x_wconf 92' lang='grc'>55</span> <span class='ocrx_word' id='word_1_88' title='bbox 567 1531 615 1592; x_wconf 87' lang='lat' dir='ltr'>pr.</span> <span class='ocrx_word' id='word_1_89' title='bbox 661 1507 762 1573; x_wconf 84' lang='lat' dir='ltr'>Gaius</span> <span class='ocrx_word' id='word_1_90' title='bbox 791 1508 874 1573; x_wconf 86' lang='lat' dir='ltr'>libro</span> <span class='ocrx_word' id='word_1_91' title='bbox 907 1507 1096 1573; x_wconf 89' lang='lat' dir='ltr'>duodecimo</span> <span class='ocrx_word' id='word_1_92' title='bbox 1132 1509 1174 1573; x_wconf 90' lang='lat' dir='ltr'>ad</span> 
     </span>
     <span class='ocr_line' id='line_1_15' title="bbox 160 1596 1173 1686; baseline -0.005 -21"><span class='ocrx_word' id='word_1_93' title='bbox 160 1602 267 1686; x_wconf 82' lang='lat' dir='ltr'>legem</span> <span class='ocrx_word' id='word_1_94' title='bbox 289 1598 405 1664; x_wconf 88' lang='lat' dir='ltr'>Iuliam</span> <span class='ocrx_word' id='word_1_95' title='bbox 428 1602 461 1663; x_wconf 93' lang='lat' dir='ltr'>et</span> <span class='ocrx_word' id='word_1_96' title='bbox 478 1597 620 1682; x_wconf 88' lang='lat' dir='ltr'>Papiam.</span> <span class='ocrx_word' id='word_1_97' title='bbox 636 1634 678 1645; x_wconf 94' lang='lat'><em>-</em></span> <span class='ocrx_word' id='word_1_98' title='bbox 694 1596 829 1662; x_wconf 68' lang='lat' dir='ltr'>siritio</span> <span class='ocrx_word' id='word_1_99' title='bbox 844 1597 970 1661; x_wconf 88' lang='lat' dir='ltr'>etmihi</span> <span class='ocrx_word' id='word_1_100' title='bbox 985 1596 1097 1662; x_wconf 91' lang='lat' dir='ltr'>eadem</span> <span class='ocrx_word' id='word_1_101' title='bbox 1120 1619 1173 1660; x_wconf 85' lang='lat' dir='ltr'>res</span> 
     </span>
     <span class='ocr_line' id='line_1_16' title="bbox 161 1685 1173 1774; baseline -0.003 -22"><span class='ocrx_word' id='word_1_102' title='bbox 161 1690 271 1774; x_wconf 80' lang='lat' dir='ltr'>legata</span> <span class='ocrx_word' id='word_1_103' title='bbox 284 1688 383 1752; x_wconf 89' lang='lat' dir='ltr'>fuerit</span> <span class='ocrx_word' id='word_1_104' title='bbox 398 1691 431 1752; x_wconf 87' lang='lat' dir='ltr'>at</span> <span class='ocrx_word' id='word_1_105' title='bbox 443 1687 471 1751; x_wconf 89' lang='lat' dir='ltr'>is</span> <span class='ocrx_word' id='word_1_106' title='bbox 486 1687 537 1751; x_wconf 90' lang='lat' dir='ltr'>dia</span> <span class='ocrx_word' id='word_1_107' title='bbox 551 1687 681 1752; x_wconf 76' lang='lat' dir='ltr'>cedente</span> <span class='ocrx_word' id='word_1_108' title='bbox 695 1687 798 1772; x_wconf 84' lang='lat' dir='ltr'>legati</span> <span class='ocrx_word' id='word_1_109' title='bbox 812 1685 985 1750; x_wconf 79' lang='lat' dir='ltr'>decesserit</span> <span class='ocrx_word' id='word_1_110' title='bbox 995 1707 1046 1750; x_wconf 89' lang='lat' dir='ltr'>me</span> <span class='ocrx_word' id='word_1_111' title='bbox 1055 1685 1173 1749; x_wconf 87' lang='lat' dir='ltr'>herede</span> 
     </span>
     <span class='ocr_line' id='line_1_17' title="bbox 161 1774 1173 1860; baseline -0.002 -20"><span class='ocrx_word' id='word_1_112' title='bbox 161 1778 274 1841; x_wconf 86' lang='lat' dir='ltr'>relicto</span> <span class='ocrx_word' id='word_1_113' title='bbox 303 1781 335 1841; x_wconf 91' lang='lat' dir='ltr'>et</span> <span class='ocrx_word' id='word_1_114' title='bbox 358 1776 408 1840; x_wconf 89' lang='lat' dir='ltr'>vel</span> <span class='ocrx_word' id='word_1_115' title='bbox 432 1797 470 1839; x_wconf 87' lang='lat' dir='ltr'>ex</span> <span class='ocrx_word' id='word_1_116' title='bbox 493 1798 564 1840; x_wconf 89' lang='lat' dir='ltr'>mea</span> <span class='ocrx_word' id='word_1_117' title='bbox 587 1775 717 1860; x_wconf 86' lang='lat' dir='ltr'>propria</span> <span class='ocrx_word' id='word_1_118' title='bbox 736 1796 833 1839; x_wconf 88' lang='lat' dir='ltr'>causa</span> <span class='ocrx_word' id='word_1_119' title='bbox 851 1775 901 1838; x_wconf 87' lang='lat' dir='ltr'>vel</span> <span class='ocrx_word' id='word_1_120' title='bbox 916 1795 954 1838; x_wconf 84' lang='lat' dir='ltr'>ex</span> <span class='ocrx_word' id='word_1_121' title='bbox 973 1774 1173 1839; x_wconf 87' lang='lat' dir='ltr'>hereditaria</span> 
     </span>
     <span class='ocr_line' id='line_1_18' title="bbox 161 1863 1173 1950; baseline -0.003 -21"><span class='ocrx_word' id='word_1_122' title='bbox 161 1869 305 1948; x_wconf 82' lang='lat' dir='ltr'>legatum</span> <span class='ocrx_word' id='word_1_123' title='bbox 341 1865 567 1948; x_wconf 84' lang='lat' dir='ltr'>repudiavere,</span> <span class='ocrx_word' id='word_1_124' title='bbox 603 1865 706 1950; x_wconf 82' lang='lat' dir='ltr'>magis</span> <span class='ocrx_word' id='word_1_125' title='bbox 746 1864 872 1947; x_wconf 88' lang='lat' dir='ltr'>placere</span> <span class='ocrx_word' id='word_1_126' title='bbox 912 1863 1005 1928; x_wconf 79' lang='lat' dir='ltr'>video</span> <span class='ocrx_word' id='word_1_127' title='bbox 1045 1867 1173 1948; x_wconf 87' lang='lat' dir='ltr'>partem</span> 
     </span>
     <span class='ocr_line' id='line_1_19' title="bbox 163 1952 324 2017; baseline 0 -1"><span class='ocrx_word' id='word_1_128' title='bbox 163 1952 324 2017; x_wconf 87' lang='lat' dir='ltr'>defecisse.</span> 
     </span>
    </p>
   </div>
   <div class='ocr_carea' id='block_1_7' title="bbox 252 2047 1172 2133">
    <p class='ocr_par' dir='ltr' id='par_1_7' title="bbox 252 2047 1172 2133">
     <span class='ocr_line' id='line_1_20' title="bbox 252 2047 1172 2133; baseline -0.001 -20"><span class='ocrx_word' id='word_1_129' title='bbox 252 2048 316 2113; x_wconf 76' lang='lat'>20?</span> <span class='ocrx_word' id='word_1_130' title='bbox 357 2047 397 2112; x_wconf 86' lang='lat' dir='ltr'>D.</span> <span class='ocrx_word' id='word_1_131' title='bbox 425 2049 478 2132; x_wconf 89' lang='lat'>31,</span> <span class='ocrx_word' id='word_1_132' title='bbox 506 2049 558 2133; x_wconf 89' lang='grc'>55,</span> <span class='ocrx_word' id='word_1_133' title='bbox 587 2051 615 2114; x_wconf 86' lang='grc'>1.</span> <span class='ocrx_word' id='word_1_134' title='bbox 662 2049 760 2114; x_wconf 83' lang='lat' dir='ltr'>Gaius</span> <span class='ocrx_word' id='word_1_135' title='bbox 792 2049 877 2114; x_wconf 90' lang='lat' dir='ltr'>libro</span> <span class='ocrx_word' id='word_1_136' title='bbox 911 2049 1099 2115; x_wconf 89' lang='lat' dir='ltr'>duodecimo</span> <span class='ocrx_word' id='word_1_137' title='bbox 1133 2049 1172 2112; x_wconf 88' lang='lat' dir='ltr'>ad</span> 
     </span>
    </p>
   </div>
   <div class='ocr_carea' id='block_1_8' title="bbox 162 2135 1173 2932">
    <p class='ocr_par' dir='ltr' id='par_1_8' title="bbox 162 2135 1173 2932">
     <span class='ocr_line' id='line_1_21' title="bbox 162 2135 1172 2222; baseline -0.001 -19"><span class='ocrx_word' id='word_1_138' title='bbox 162 2140 268 2222; x_wconf 80' lang='lat' dir='ltr'>legem</span> <span class='ocrx_word' id='word_1_139' title='bbox 291 2137 408 2202; x_wconf 89' lang='lat' dir='ltr'>Iuliam</span> <span class='ocrx_word' id='word_1_140' title='bbox 441 2142 473 2202; x_wconf 91' lang='lat' dir='ltr'>et</span> <span class='ocrx_word' id='word_1_141' title='bbox 499 2137 644 2222; x_wconf 89' lang='lat' dir='ltr'>Papiam.</span> <span class='ocrx_word' id='word_1_142' title='bbox 674 2175 716 2184; x_wconf 85' lang='lat'>·-</span> <span class='ocrx_word' id='word_1_143' title='bbox 745 2135 780 2202; x_wconf 79' lang='lat' dir='ltr'>si</span> <span class='ocrx_word' id='word_1_144' title='bbox 808 2161 845 2203; x_wconf 88' lang='lat' dir='ltr'>eo</span> <span class='ocrx_word' id='word_1_145' title='bbox 873 2138 988 2202; x_wconf 89' lang='lat' dir='ltr'>herede</span> <span class='ocrx_word' id='word_1_146' title='bbox 1011 2138 1172 2220; x_wconf 88' lang='lat' dir='ltr'>instituto,</span> 
     </span>
     <span class='ocr_line' id='line_1_22' title="bbox 165 2225 1170 2312; baseline -0.001 -21"><span class='ocrx_word' id='word_1_147' title='bbox 165 2228 220 2312; x_wconf 91' lang='lat' dir='ltr'>qui</span> <span class='ocrx_word' id='word_1_148' title='bbox 243 2227 293 2290; x_wconf 89' lang='lat' dir='ltr'>vel</span> <span class='ocrx_word' id='word_1_149' title='bbox 317 2225 398 2291; x_wconf 92' lang='lat' dir='ltr'>nihil</span> <span class='ocrx_word' id='word_1_150' title='bbox 416 2227 467 2291; x_wconf 90' lang='lat' dir='ltr'>vel</span> <span class='ocrx_word' id='word_1_151' title='bbox 486 2249 553 2291; x_wconf 90' lang='lat' dir='ltr'>non</span> <span class='ocrx_word' id='word_1_152' title='bbox 571 2231 676 2292; x_wconf 89' lang='lat' dir='ltr'>toturn</span> <span class='ocrx_word' id='word_1_153' title='bbox 700 2249 811 2312; x_wconf 88' lang='lat' dir='ltr'>capere</span> <span class='ocrx_word' id='word_1_154' title='bbox 829 2230 947 2310; x_wconf 90' lang='lat' dir='ltr'>potest,</span> <span class='ocrx_word' id='word_1_155' title='bbox 971 2248 1064 2291; x_wconf 85' lang='lat' dir='ltr'>servo</span> <span class='ocrx_word' id='word_1_156' title='bbox 1084 2227 1170 2290; x_wconf 86' lang='lat' dir='ltr'>here·</span> 
     </span>
     <span class='ocr_line' id='line_1_23' title="bbox 164 2314 1172 2400; baseline -0.002 -20"><span class='ocrx_word' id='word_1_157' title='bbox 164 2316 282 2381; x_wconf 90' lang='lat' dir='ltr'>ditario</span> <span class='ocrx_word' id='word_1_158' title='bbox 306 2316 451 2400; x_wconf 85' lang='lat' dir='ltr'>legatum</span> <span class='ocrx_word' id='word_1_159' title='bbox 469 2315 576 2399; x_wconf 87' lang='lat' dir='ltr'>fuerit,</span> <span class='ocrx_word' id='word_1_160' title='bbox 594 2315 810 2380; x_wconf 84' lang='lat' dir='ltr'>tractantibus</span> <span class='ocrx_word' id='word_1_161' title='bbox 824 2315 918 2380; x_wconf 87' lang='lat' dir='ltr'>nohis</span> <span class='ocrx_word' id='word_1_162' title='bbox 934 2314 972 2379; x_wconf 93' lang='lat' dir='ltr'>de</span> <span class='ocrx_word' id='word_1_163' title='bbox 991 2315 1172 2399; x_wconf 85' lang='lat' dir='ltr'>capacitate</span> 
     </span>
     <span class='ocr_line' id='line_1_24' title="bbox 164 2403 1172 2487; baseline -0.002 -18"><span class='ocrx_word' id='word_1_164' title='bbox 164 2405 341 2470; x_wconf 87' lang='lat' dir='ltr'>videndum</span> <span class='ocrx_word' id='word_1_165' title='bbox 364 2407 423 2487; x_wconf 92' lang='lat' dir='ltr'>est,</span> <span class='ocrx_word' id='word_1_166' title='bbox 450 2409 559 2469; x_wconf 90' lang='lat' dir='ltr'>utrum</span> <span class='ocrx_word' id='word_1_167' title='bbox 585 2403 711 2468; x_wconf 90' lang='lat' dir='ltr'>heredis</span> <span class='ocrx_word' id='word_1_168' title='bbox 742 2426 783 2468; x_wconf 90' lang='lat' dir='ltr'>an</span> <span class='ocrx_word' id='word_1_169' title='bbox 806 2403 950 2469; x_wconf 85' lang='lat' dir='ltr'>defuncti</span> <span class='ocrx_word' id='word_1_170' title='bbox 971 2425 1110 2486; x_wconf 89' lang='lat' dir='ltr'>persona</span> <span class='ocrx_word' id='word_1_171' title='bbox 1132 2425 1172 2467; x_wconf 88' lang='lat' dir='ltr'>an</span> 
     </span>
     <span class='ocr_line' id='line_1_25' title="bbox 164 2493 1172 2577; baseline -0.004 -18"><span class='ocrx_word' id='word_1_172' title='bbox 164 2495 310 2559; x_wconf 87' lang='lat' dir='ltr'>neutrius</span> <span class='ocrx_word' id='word_1_173' title='bbox 349 2493 487 2577; x_wconf 85' lang='lat' dir='ltr'>spectari</span> <span class='ocrx_word' id='word_1_174' title='bbox 520 2493 642 2557; x_wconf 90' lang='lat' dir='ltr'>debeat.</span> <span class='ocrx_word' id='word_1_175' title='bbox 680 2497 713 2557; x_wconf 90' lang='lat' dir='ltr'>et</span> <span class='ocrx_word' id='word_1_176' title='bbox 743 2495 820 2576; x_wconf 90' lang='lat' dir='ltr'>post</span> <span class='ocrx_word' id='word_1_177' title='bbox 851 2494 968 2557; x_wconf 88' lang='lat' dir='ltr'>multas</span> <span class='ocrx_word' id='word_1_178' title='bbox 1001 2493 1172 2558; x_wconf 87' lang='lat' dir='ltr'>varietates</span> 
     </span>
     <span class='ocr_line' id='line_1_26' title="bbox 166 2580 1173 2668; baseline -0.003 -20"><span class='ocrx_word' id='word_1_179' title='bbox 166 2585 284 2668; x_wconf 90' lang='lat' dir='ltr'>placet,</span> <span class='ocrx_word' id='word_1_180' title='bbox 311 2586 348 2646; x_wconf 91' lang='lat' dir='ltr'>ut</span> <span class='ocrx_word' id='word_1_181' title='bbox 376 2581 451 2666; x_wconf 89' lang='lat' dir='ltr'>quia</span> <span class='ocrx_word' id='word_1_182' title='bbox 477 2581 585 2647; x_wconf 85' lang='lat' dir='ltr'>nullus</span> <span class='ocrx_word' id='word_1_183' title='bbox 613 2584 663 2644; x_wconf 87' lang='lat' dir='ltr'>est</span> <span class='ocrx_word' id='word_1_184' title='bbox 685 2580 842 2664; x_wconf 87' lang='lat' dir='ltr'>dominus,</span> <span class='ocrx_word' id='word_1_185' title='bbox 865 2581 900 2645; x_wconf 93' lang='lat' dir='ltr'>in</span> <span class='ocrx_word' id='word_1_186' title='bbox 923 2581 1013 2645; x_wconf 91' lang='lat' dir='ltr'>cuius</span> <span class='ocrx_word' id='word_1_187' title='bbox 1036 2602 1173 2664; x_wconf 86' lang='lat' dir='ltr'>persona</span> 
     </span>
     <span class='ocr_line' id='line_1_27' title="bbox 165 2668 1171 2756; baseline 0 -22"><span class='ocrx_word' id='word_1_188' title='bbox 165 2672 204 2735; x_wconf 91' lang='lat' dir='ltr'>de</span> <span class='ocrx_word' id='word_1_189' title='bbox 223 2671 399 2755; x_wconf 85' lang='lat' dir='ltr'>capacitate</span> <span class='ocrx_word' id='word_1_190' title='bbox 419 2671 529 2756; x_wconf 86' lang='lat' dir='ltr'>quaeri</span> <span class='ocrx_word' id='word_1_191' title='bbox 546 2669 658 2754; x_wconf 88' lang='lat' dir='ltr'>possit,</span> <span class='ocrx_word' id='word_1_192' title='bbox 683 2669 751 2734; x_wconf 86' lang='lat' dir='ltr'>sine</span> <span class='ocrx_word' id='word_1_193' title='bbox 775 2670 839 2734; x_wconf 86' lang='lat' dir='ltr'>ullu</span> <span class='ocrx_word' id='word_1_194' title='bbox 863 2668 1095 2753; x_wconf 89' lang='lat' dir='ltr'>impedimento</span> <span class='ocrx_word' id='word_1_195' title='bbox 1120 2669 1171 2734; x_wconf 88' lang='lat' dir='ltr'>ad-</span> 
     </span>
     <span class='ocr_line' id='line_1_28' title="bbox 166 2757 1171 2844; baseline -0.004 -20"><span class='ocrx_word' id='word_1_196' title='bbox 166 2761 312 2844; x_wconf 89' lang='lat' dir='ltr'>quiratur</span> <span class='ocrx_word' id='word_1_197' title='bbox 334 2760 478 2844; x_wconf 84' lang='lat' dir='ltr'>legatum</span> <span class='ocrx_word' id='word_1_198' title='bbox 496 2759 667 2824; x_wconf 88' lang='lat' dir='ltr'>hereditati</span> <span class='ocrx_word' id='word_1_199' title='bbox 691 2762 786 2842; x_wconf 91' lang='lat' dir='ltr'>atque</span> <span class='ocrx_word' id='word_1_200' title='bbox 811 2759 852 2822; x_wconf 91' lang='lat' dir='ltr'>ob</span> <span class='ocrx_word' id='word_1_201' title='bbox 876 2759 907 2821; x_wconf 93' lang='lat' dir='ltr'>id</span> <span class='ocrx_word' id='word_1_202' title='bbox 927 2758 1113 2823; x_wconf 89' lang='lat' dir='ltr'>omnimodo</span> <span class='ocrx_word' id='word_1_203' title='bbox 1133 2757 1171 2820; x_wconf 88' lang='lat' dir='ltr'>ad</span> 
     </span>
     <span class='ocr_line' id='line_1_29' title="bbox 166 2846 1072 2932; baseline 0.001 -22"><span class='ocrx_word' id='word_1_204' title='bbox 166 2869 238 2912; x_wconf 90' lang='lat' dir='ltr'>eum</span> <span class='ocrx_word' id='word_1_205' title='bbox 261 2848 431 2932; x_wconf 90' lang='lat' dir='ltr'>pertineat,</span> <span class='ocrx_word' id='word_1_206' title='bbox 454 2850 644 2932; x_wconf 88' lang='lat' dir='ltr'>quicumque</span> <span class='ocrx_word' id='word_1_207' title='bbox 667 2852 781 2930; x_wconf 84' lang='lat' dir='ltr'>postea</span> <span class='ocrx_word' id='word_1_208' title='bbox 803 2846 897 2911; x_wconf 90' lang='lat' dir='ltr'>heres</span> <span class='ocrx_word' id='word_1_209' title='bbox 921 2846 1072 2911; x_wconf 84' lang='lat' dir='ltr'>extiterit.</span> 
     </span>
    </p>
   </div>
   <div class='ocr_carea' id='block_1_9' title="bbox 492 3029 846 3105">
    <p class='ocr_par' dir='ltr' id='par_1_9' title="bbox 492 2999 846 3105">
     <span class='ocr_line' id='line_1_30' title="bbox 492 3029 846 3105; baseline -0.003 -16"><span class='ocrx_word' id='word_1_210' title='bbox 492 3029 543 3090; x_wconf 82' lang='lat' dir='ltr'>Aa</span> <span class='ocrx_word' id='word_1_211' title='bbox 565 3032 652 3105; x_wconf 67' lang='lat' dir='ltr'>taem</span> <span class='ocrx_word' id='word_1_212' title='bbox 674 3030 846 3089; x_wconf 70' lang='lat' dir='ltr'>nauatam.</span> 
     </span>
    </p>
   </div>
   <div class='ocr_carea' id='block_1_10' title="bbox 167 3139 1172 3584">
    <p class='ocr_par' dir='ltr' id='par_1_10' title="bbox 167 3139 1172 3584">
     <span class='ocr_line' id='line_1_31' title="bbox 223 3139 1171 3232; baseline -0.003 -20"><span class='ocrx_word' id='word_1_213' title='bbox 223 3139 227 3145; x_wconf 64' lang='grc'><strong>’</strong></span> <span class='ocrx_word' id='word_1_214' title='bbox 255 3149 307 3212; x_wconf 81' lang='lat'>21.</span> <span class='ocrx_word' id='word_1_215' title='bbox 345 3149 384 3212; x_wconf 91' lang='lat' dir='ltr'>D.</span> <span class='ocrx_word' id='word_1_216' title='bbox 412 3148 463 3232; x_wconf 84' lang='lat'>35,</span> <span class='ocrx_word' id='word_1_217' title='bbox 491 3149 521 3232; x_wconf 82' lang='lat'>2,</span> <span class='ocrx_word' id='word_1_218' title='bbox 549 3150 600 3231; x_wconf 81' lang='lat'>76,</span> <span class='ocrx_word' id='word_1_219' title='bbox 630 3151 658 3215; x_wconf 86' lang='lat'>1.</span> <span class='ocrx_word' id='word_1_220' title='bbox 689 3185 726 3195; x_wconf 94' lang='lat'>—</span> <span class='ocrx_word' id='word_1_221' title='bbox 753 3147 853 3212; x_wconf 81' lang='lat' dir='ltr'>Gaius</span> <span class='ocrx_word' id='word_1_222' title='bbox 885 3148 967 3212; x_wconf 92' lang='lat' dir='ltr'>libro</span> <span class='ocrx_word' id='word_1_223' title='bbox 1005 3148 1102 3213; x_wconf 89' lang='lat' dir='ltr'>tertio</span> <span class='ocrx_word' id='word_1_224' title='bbox 1134 3146 1171 3210; x_wconf 92' lang='lat' dir='ltr'>de</span> 
     </span>
     <span class='ocr_line' id='line_1_32' title="bbox 167 3236 1171 3322; baseline 0.001 -22"><span class='ocrx_word' id='word_1_225' title='bbox 167 3237 288 3322; x_wconf 83' lang='lat' dir='ltr'>legatis</span> <span class='ocrx_word' id='word_1_226' title='bbox 321 3237 360 3300; x_wconf 89' lang='lat' dir='ltr'>ad</span> <span class='ocrx_word' id='word_1_227' title='bbox 395 3236 531 3301; x_wconf 90' lang='lat' dir='ltr'>edictum</span> <span class='ocrx_word' id='word_1_228' title='bbox 564 3237 731 3322; x_wconf 89' lang='lat' dir='ltr'>praetoris.</span> <span class='ocrx_word' id='word_1_229' title='bbox 758 3273 803 3285; x_wconf 92' lang='lat'>—</span> <span class='ocrx_word' id='word_1_230' title='bbox 909 3237 1031 3320; x_wconf 85' lang='lat' dir='ltr'>placuit</span> <span class='ocrx_word' id='word_1_231' title='bbox 1057 3238 1171 3321; x_wconf 84' lang='lat' dir='ltr'>legata,</span> 
     </span>
     <span class='ocr_line' id='line_1_33' title="bbox 169 3324 1171 3409; baseline 0 -21"><span class='ocrx_word' id='word_1_232' title='bbox 169 3347 250 3408; x_wconf 90' lang='lat' dir='ltr'>quae</span> <span class='ocrx_word' id='word_1_233' title='bbox 278 3324 428 3404; x_wconf 82' lang='lat' dir='ltr'>legatarii</span> <span class='ocrx_word' id='word_1_234' title='bbox 454 3346 519 3388; x_wconf 89' lang='lat' dir='ltr'>non</span> <span class='ocrx_word' id='word_1_235' title='bbox 553 3325 697 3409; x_wconf 89' lang='lat' dir='ltr'>capiunt,</span> <span class='ocrx_word' id='word_1_236' title='bbox 727 3346 799 3389; x_wconf 88' lang='lat' dir='ltr'>cum</span> <span class='ocrx_word' id='word_1_237' title='bbox 828 3324 911 3409; x_wconf 91' lang='lat' dir='ltr'>apud</span> <span class='ocrx_word' id='word_1_238' title='bbox 946 3324 1078 3389; x_wconf 86' lang='lat' dir='ltr'>heredes</span> <span class='ocrx_word' id='word_1_239' title='bbox 1101 3325 1171 3389; x_wconf 89' lang='lat' dir='ltr'>sub·</span> 
     </span>
     <span class='ocr_line' id='line_1_34' title="bbox 168 3409 1172 3497; baseline 0.001 -21"><span class='ocrx_word' id='word_1_240' title='bbox 168 3411 319 3488; x_wconf 88' lang='lat' dir='ltr'>sederint,</span> <span class='ocrx_word' id='word_1_241' title='bbox 342 3409 535 3476; x_wconf 90' lang='lat' dir='ltr'>hereditario</span> <span class='ocrx_word' id='word_1_242' title='bbox 560 3412 629 3476; x_wconf 88' lang='lat' dir='ltr'>iure</span> <span class='ocrx_word' id='word_1_243' title='bbox 657 3414 740 3496; x_wconf 88' lang='lat' dir='ltr'>apud</span> <span class='ocrx_word' id='word_1_244' title='bbox 768 3435 823 3476; x_wconf 89' lang='lat' dir='ltr'>ecs</span> <span class='ocrx_word' id='word_1_245' title='bbox 846 3433 1008 3478; x_wconf 86' lang='lat' dir='ltr'>remunera</span> <span class='ocrx_word' id='word_1_246' title='bbox 1027 3412 1172 3497; x_wconf 82' lang='lat' dir='ltr'>intellegi</span> 
     </span>
     <span class='ocr_line' id='line_1_35' title="bbox 168 3499 705 3584; baseline 0 -20"><span class='ocrx_word' id='word_1_247' title='bbox 168 3507 202 3564; x_wconf 92' lang='lat' dir='ltr'>et</span> <span class='ocrx_word' id='word_1_248' title='bbox 224 3501 294 3563; x_wconf 88' lang='lat' dir='ltr'>ideo</span> <span class='ocrx_word' id='word_1_249' title='bbox 318 3499 487 3582; x_wconf 85' lang='lat' dir='ltr'>quadranti</span> <span class='ocrx_word' id='word_1_250' title='bbox 510 3499 705 3584; x_wconf 90' lang='lat' dir='ltr'>imputanda.</span> 
     </span>
    </p>
   </div>
   <div class='ocr_carea' id='block_1_11' title="bbox 0 0 1296 3912">
    <p class='ocr_par' dir='ltr' id='par_1_11' title="bbox 0 0 1296 3912">
     <span class='ocr_line' id='line_1_36' title="bbox 0 0 1296 3912; baseline 0 0"><span class='ocrx_word' id='word_1_251' title='bbox 0 0 1296 3912; x_wconf 95' lang='lat' dir='ltr'> </span> 
     </span>
    </p>
   </div>
  </div>
 </body>
</html>
