2570 3904
308 861 583 931 SIGNORUM
606 861 934 931 EXPLIOATIO.

184 1057 289 1111 Uncis
308 1055 436 1110 rotundis
456 1057 466 1126 (
546 1056 557 1125 )
575 1055 789 1124 explicationes

185 1128 272 1182 Unois
291 1126 437 1196 quadratis
457 1127 469 1198 [
586 1125 721 1192 eiciendo,

183 1197 272 1252 Uncis
290 1198 409 1266 denique
428 1196 510 1252 fraot'
489 1201 525 1252 trs
636 1195 656 1270 >
676 1197 805 1252 addenda
823 1195 988 1266 significavi.
1029 1196 1126 1266 itaque

115 1270 149 1324 ad
168 1269 350 1339 parentheses
368 1267 558 1339 insigniendas
577 1266 750 1338 virgularum
770 1269 828 1323 sive
847 1271 1019 1322 commatum
1039 1269 1125 1338 signis

115 1342 249 1396 utendum
268 1341 337 1394 erat.

186 1413 321 1466 Puncta
345 1411 454 1466 duo..
478 1409 649 1480 significant,
677 1409 708 1464 in
733 1410 859 1465 oratione
881 1410 1019 1465 tradenda
1040 1427 1126 1464 unum

117 1482 234 1538 verbum
253 1482 290 1536 im
314 1481 390 1536 rimis
410 1453 630 1550 coniunctium,
653 1482 760 1550 puncta
782 1482 838 1536 tria
861 1522 914 1536 ...
937 1481 1019 1550 plura
1040 1483 1126 1536 verba

116 1553 220 1608 omissa
248 1499 321 1677 egsi),
348 1552 379 1607 id
409 1552 484 1622 qnod
507 1553 536 1606 in
558 1553 651 1622 priore
674 1554 755 1622 parte
777 1569 833 1606 non
857 1551 1008 1622 diligenter
1031 1554 1125 1608 obser·

113 1627 211 1679 vatum
230 1641 281 1678 es.

186 1693 293 1750 Linea
319 1693 554 1818 directatusns
583 1713 656 1763 sum,
684 1693 851 1777 ubicumque
879 1695 934 1750 duo
959 1693 1124 1764 fragmenta,

114 1781 188 1837 quae
202 1767 232 1820 in
246 1767 368 1835 genuino
382 1765 476 1820 libro'
467 1768 510 1820 rnt
512 1782 541 1820 er
555 1782 584 1820 se
600 1766 795 1835 exceperant(
787 1784 816 1820 1n
831 1765 938 1836 Digest'
930 1783 954 1819 rs
917 1766 1025 1822 talio
1039 1768 1124 1822 inter-

111 1838 189 1893 iecto
208 1837 367 1908 fragmento
387 1836 528 1920 discerpta
545 1837 739 1906 coniungenda
758 1839 845 1893 erant.

186 1907 291 1978 Typis
315 1909 463 1989 cursivis
487 1925 552 1962 usus
572 1925 647 1976 sum,
666 1907 742 1962 ubi
733 1909 801 1962 ruris
820 1907 967 1963 consulti
958 1926 1021 1979 1psa
1039 1910 1125 1964 verba

110 1979 247 2035 videntur
270 1977 391 2034 eminere
409 1980 524 2050 (quain
542 1996 572 2034 re
595 1977 785 2034 dubitationes
807 1995 906 2048 graves
925 1995 958 2033 ac
975 1996 1064 2050 paene
1083 1981 1111 2034 in

110 2049 299 2131 explicabiles
323 2049 474 2132 oriuntur),
498 2053 644 2120 praetcrea
661 2069 717 2105 non
735 2067 877 2118 nunqnam
896 2049 968 2105 vel
960 2070 989 2105 rn
1007 2051 1124 2105 rubricis

108 2122 185 2178 vel
175 2140 206 2176 rn
225 2125 275 2176 not
276 2118 301 2176 is
264 2119 486 2190 tadioisndis3

184 2191 390 2247 Minusculis
415 2164 536 2262 typis'
528 2211 558 2247 in
575 2193 610 2247 iis
628 2209 700 2262 quae
718 2191 863 2247 sententiis
876 2193 1065 2262 proponendis
1079 2195 1124 2249 vel

108 2265 271 2335 praemissa
290 2265 354 2318 sunt
372 2261 417 2318 vel
435 2263 573 2319 adiecta.¹

183 2333 322 2388 Littera
331 2335 352 2388 P
361 2334 588 2404 inscriptionibus
602 2334 823 2404 fragmentorum
838 2352 852 2390 o
865 2335 988 2404 Digestis
998 2338 1124 2406 sumpto-

108 2424 174 2462 rum
195 2423 260 2460 cum
278 2422 393 2462 numero
412 2407 524 2461 adiecta
542 2405 681 2475 significat
698 2406 805 2462 Lenelii
823 2407 1057 2476 Palingenesiam.

186 2583 322 2654 1Apud
344 2581 504 2639 Trebatium
528 2583 667 2638 Ciceronis
694 2583 830 2652 epistulae
856 2599 948 2637 errore
972 2582 1123 2638 maioribus

104 2658 215 2712 litteris
231 2669 387 2724 expressae,
407 2671 441 2708 ea
454 2672 555 2724 rursus,
573 2670 645 2723 quae
660 2655 812 2708 maioribus
826 2653 929 2707 litteris
943 2655 1124 2723 proponenda

103 2730 202 2797 crant,
223 2727 378 2796 aliqnando
397 2743 488 2782 errore
506 2699 660 2780 miiroribus
677 2725 822 2795 proposita
840 2725 912 2780 sunt.
