2614 3912
170 198 236 262 408
274 199 307 254 V.
325 196 475 253 NERVAE
494 197 540 252 ΕΤ
558 197 710 254 TRAIANI
728 198 835 255 ΤΕΜΡ.
853 197 950 254 sams
969 198 1148 256 CONSULTI

172 382 227 427 suo
258 380 296 426 en
326 362 392 426 dote
424 359 525 428 diceto1
554 363 716 445 pecuniam
747 362 880 448 debebat,
910 364 1012 428 virum
1041 361 1179 428 heredem

170 450 218 515 ita
243 450 433 529 instituerat,
459 451 489 516 si
514 471 582 516 eam
604 453 784 537 perronium,
811 472 905 534 quom
933 452 997 516 doti
1026 447 1179 529 dixissed,

170 559 265 622 neque
284 540 411 621 petisset
432 560 527 622 neque
553 541 703 622 ausser
743 545 828 623 puto,
850 540 879 606 si
900 541 950 605 oir
972 541 1180 606 denuntiasset

170 628 275 693 ceteris
300 627 458 694 heredibus
478 649 538 711 per
559 649 591 694 se
612 649 676 693 non
697 633 792 714 stare,
816 650 875 711 quo
897 629 1002 694 minus
1024 633 1180 712 aooeptum

168 717 282 796 foeeret
298 717 334 782 id
348 717 430 799 quod
446 737 484 782 en
501 718 568 783 dete
584 717 644 784 sibi
661 717 822 802 deberetur,
840 719 945 783 statim
960 738 1030 783 mm
1041 717 1180 784 turedem

167 805 320 886 futurum.
370 807 452 887 quod
480 806 510 871 si
539 806 623 872 solus
654 806 738 872 beros
768 807 928 872 institutus
958 811 1034 872 esset
1059 807 1093 872 in
1121 807 1180 871 tati

170 895 351 973 condicione,
363 894 462 960 nibito
476 896 581 961 miuus
587 900 665 978 puto
678 895 784 960 statim
796 915 865 960 eum
878 895 1014 962 heredem
1026 895 1180 977 futurum,

171 985 247 1066 quia
273 981 438 1060 ἀδύνατος
464 985 599 1049 eondioio
623 1005 681 1066 pro
707 1004 770 1049 non
792 986 908 1067 scripta
930 985 1105 1066 aeeipr'euda
1127 990 1180 1050 est.

260 1073 311 1136 17.
339 1071 378 1136 D.
401 1072 477 1137 ibid.
496 1075 516 1154 ξ
538 1075 565 1137 1.
589 1109 632 1119 -—
654 1071 692 1136 Si
717 1075 788 1162 quis
813 1073 1032 1160 bereditarium
1052 1077 1180 1138 'surum

170 1160 272 1226 iussus
294 1166 338 1226 est
359 1163 574 1226 omnumittere
595 1165 624 1226 et
644 1160 728 1227 beros
749 1181 823 1242 esse,
846 1163 995 1244 quamvis,
1017 1163 1046 1227 si
1068 1181 1179 1226 monn-

170 1251 296 1332 miserit,
314 1249 395 1314 nibil
413 1255 494 1333 apat,
513 1255 614 1315 tamen
631 1249 717 1316 bores
734 1251 808 1330 erit,·
827 1271 931 1316 oerum
949 1255 994 1316 est
1009 1251 1091 1316 enim
1109 1270 1180 1316 eum

171 1339 395 1404 manumisisse.
436 1341 489 1404 sed
517 1344 590 1422 post
624 1340 792 1404 aditionem
829 1339 952 1405 libertos
988 1359 1073 1405 seroo
1104 1340 1181 1405 data

169 1429 335 1494 seeundum
357 1429 543 1492 uoluntatem
565 1428 715 1493 testatoris
736 1429 921 1494 convalescit.

261 1517 311 1581 18.
340 1514 377 1581 D.
391 1516 466 1580 ibid.
481 1519 501 1598 ξ
516 1517 546 1581 2.
564 1552 607 1564 -
626 1516 664 1582 Si
685 1518 755 1598 quis
773 1523 800 1582 te
816 1517 952 1582 heredem
970 1517 1017 1582 ita
1033 1517 1178 1600 instituit,

169 1606 199 1670 si
228 1625 260 1669 se
285 1604 421 1670 heredem
447 1607 631 1672 institm'sses
657 1611 714 1671 aut
739 1607 816 1687 quid
839 1606 900 1671 sebi
926 1606 1067 1688 beposses,
1098 1605 1181 1670 nibil

170 1694 307 1771 interest,
338 1714 396 1776 quo
419 1695 522 1777 produ
549 1696 577 1760 is
602 1715 624 1759 o
650 1700 677 1760 te
698 1693 783 1760 beres
805 1695 964 1760 institutus
985 1695 1032 1760 oet
1052 1695 1181 1777 quidet

171 1782 302 1864 lepatum
323 1784 376 1861 sit,
403 1784 565 1848 dummodo
587 1783 690 1865 absbue
709 1784 813 1868 produ
836 1784 869 1849 id
891 1788 918 1847 te
938 1783 1043 1864 fecisse
1058 1782 1180 1866 probes.

262 1869 311 1934 19.
340 1870 379 1935 D.
402 1871 454 1953 29,
474 1872 503 1955 2,
523 1872 574 1936 64.
598 1871 833 1936 —Iavolenus
862 1872 945 1936 libro
974 1872 1111 1937 seeundo
1140 1892 1179 1936 ex

171 1958 404 2043 posterioribus
414 1958 583 2026 Labeonis.
597 1998 640 2008 -
654 1959 767 2026 Servus
779 1962 910 2026 duorum
923 1960 1007 2026 beree
1020 1961 1181 2026 iussimus

170 2052 200 2112 et
225 2045 371 2113 eernere³
401 2049 518 2133 iussus,
548 2051 578 2114 si
608 2051 737 2115 ditemus
763 2050 882 2114 domini
908 2050 995 2114 iussu
1021 2045 1182 2131 ereverit⁴,

170 2137 278 2202 deinde
307 2139 516 2203 manumissus
545 2139 654 2219 fuerit,
681 2139 795 2219 poterit
825 2140 888 2222 ipse
915 2136 1115 2223 [adeundoi]
1142 2157 1182 2202 ea

164 2230 257 2310 porte
278 2226 411 2291 dimidia
432 2225 517 2292 heres
538 2247 608 2293 esse.

536 2450 542 2463 .
580 2403 630 2470 De
652 2405 766 2488 tepetis.

494 2525 541 2584 De
562 2543 619 2585 usu
640 2527 738 2600 fructu
760 2527 859 2601 terato.

260 2636 312 2701 20.
339 2633 378 2700 Ι).
397 2635 449 2720 33,
468 2635 498 2720 2,
512 2637 556 2702 30
570 2659 615 2720 pr.
666 2635 834 2701 Iavolenus
862 2635 945 2700 libro
974 2635 1112 2702 seeundo
1140 2655 1181 2699 ex

171 2725 404 2809 posterioribus
437 2723 605 2791 Labeonis.
638 2761 680 2772 -—
712 2723 772 2790 Oui
807 2743 883 2789 usus
910 2723 1032 2805 ferretus
1064 2725 1182 2808 topatus

170 2818 256 2892 esset,
285 2814 376 2879 donee
403 2815 431 2878 ei
458 2816 549 2880 totius
575 2815 655 2879 dotis
681 2814 853 2896 satisfieret,
880 2832 949 2877 oum
972 2815 1000 2877 ei
1020 2813 1104 2878 beres
1121 2810 1182 2895 <eu

164 2901 278 2986 parte>
294 2923 355 2984 pro
377 2921 436 2968 suo
451 2909 544 2985 parte
566 2905 643 2968 satis
660 2904 794 2980 dedisset,
817 2903 957 2984 quamvis
974 2901 1086 2984 reliqui
1102 2901 1183 2967 satis

170 3011 233 3054 nou
257 2991 379 3071 darent,
407 2995 509 3056 tamen
526 3011 586 3073 pro
609 3012 645 3056 eo
662 2996 753 3073 parte
776 2991 1024 3068 usumfructum
1046 2990 1183 3056 desinem

170 3077 278 3143 babere
295 3080 454 3144 mutierem
471 3081 518 3143 ait
534 3079 643 3143 Labeo.
675 3081 756 3144 idem
773 3081 843 3160 {ieri
860 3084 889 3144 et
905 3080 1004 3162 siper
1021 3079 1182 3144 mutierem

171 3186 260 3232 moro
281 3168 378 3249 fieret,
401 3188 460 3250 quo
483 3169 587 3232 minus
609 3169 687 3232 satis
708 3167 873 3251 arriperet.¹

260 3256 311 3320 21.
335 3253 374 3320 D.
388 3256 497 3337 ibid.§
515 3259 541 3321 l.
560 3290 603 3302 —
622 3255 734 3322 aomo
754 3276 810 3322 suo
827 3257 970 3322 dominus
986 3276 1078 3322 usum
1093 3255 1182 3336 fruc·
1276 3321 1278 3328 ,

171 3348 237 3410 tum
258 3344 361 3425 fundi,
383 3365 471 3426 quem
494 3346 522 3410 is
544 3344 664 3429 eotebot,
687 3345 853 3429 depaverat:
875 3350 949 3429 apat
969 3346 1093 3412 eotenus
1110 3365 1183 3410 oum

245 3507 258 3556 1
281 3502 355 3558 Trib.
373 3501 550 3571 promissum.
621 3507 637 3556 2
659 3503 734 3559 Trib.
753 3500 935 3574 promisisset.

242 3579 258 3628 3
281 3574 356 3630 Trrb.
374 3571 460 3631 odire.
531 3580 548 3630 4
568 3573 642 3630 Trio.
662 3573 772 3630 adierit.
