2590 3902
428 253 453 300 2.
472 245 664 301 FULGINIUS
682 244 831 302 PRISCUS
1065 243 1128 307 261

120 435 179 474 111
211 434 280 475 cum
313 413 407 474 Fabio
438 415 519 474 Mela
546 406 597 495 (D.
623 415 673 490 25,
700 416 728 490 2,
753 415 782 490 3,
806 414 826 471 4
860 406 951 471 ‘Mela
976 411 1129 472 Fulcinius

123 495 233 586 aiunt')
268 505 300 562 et
331 522 399 562 curn
429 502 572 562 Atilicino
604 493 653 585 (D.
673 503 726 578 25,
745 505 774 575 2,
794 505 865 577 dpr.
897 495 1068 561 ‘Atilicinus
1100 505 1131 561 11

121 591 274 652 Fulcinius
302 583 429 673 oiunt'),
457 594 589 651 ceterum
611 591 698 651 nobis
720 591 857 669 ignotus,
883 589 934 666 qui
957 593 988 650 et
1010 609 1131 667 respon·

122 680 230 758 dendo,
253 684 289 740 ut
311 681 444 758 videtur,
468 683 499 741 11
520 679 606 740 libris
629 678 792 740 scribendis
816 697 937 756 operam
960 679 1050 739 dedit.

207 770 364 830 Fulcinius
391 769 533 829 laudatur
560 770 624 828 tam
650 768 736 827 libris
765 767 802 826 ad
830 765 974 826 Sabinum
1001 787 1020 828 a
1046 768 1131 828 Pom-

121 859 208 934 ponio
228 853 280 938 (D.
297 861 349 936 24,
365 860 392 933 1,
409 849 527 938 2911),
545 856 639 917 Paulo
660 849 709 938 (D.
725 857 776 932 25,
792 859 821 933 2,
836 858 865 933 3,
879 857 909 914 4.
929 857 980 934 25,
994 858 1023 933 2,
1034 851 1131 936 lips),

121 945 251 1023 Ulpiano
280 938 330 1029 (D.
351 949 402 1023 25,
423 949 450 1022 1,
472 950 500 1023 1,
519 948 547 1006 3.
578 947 627 1020 25,
650 949 678 1022 1,
699 948 727 1021 1,
748 937 835 1025 311.)
863 962 953 1019 quam
978 945 1065 1005 libris
1093 945 1132 1005 ad

122 1035 252 1095 edictum
284 1053 303 1094 1
330 1033 405 1095 Gaio
433 1026 485 1116 (D.
502 1037 551 1111 11,
566 1037 595 1111 7,
611 1025 733 1115 2911),
765 1031 860 1092 Ρ1111
888 1024 939 1114 (D.
953 1035 1005 1110 43,
1021 1036 1072 1110 16,
1087 1026 1132 1114 8),

121 1123 250 1200 Ulpiano
273 1116 325 1205 (D.
340 1125 392 1199 42,
406 1127 437 1200 4,
453 1116 547 1204 lpr.).

209 1213 275 1272 Iam
301 1212 463 1274 videndum
490 1214 549 1289 est,
577 1231 650 1270 num
677 1204 820 1270 ‘Priscus'
848 1209 899 1269 ille
922 1228 941 1269 1
963 1209 1037 1269 iuris
1061 1227 1131 1268 con-

123 1302 209 1362 sultis
232 1320 446 1379 nonnunquam
468 1300 609 1360 laudatus
631 1299 786 1359 Fulcinius
809 1300 963 1359 habendus
982 1299 1031 1370 sit,
1055 1317 1130 1375 quae

121 1409 167 1449 ree
194 1390 264 1450 ideo
291 1388 378 1450 valde
406 1389 497 1449 dubia
524 1390 582 1462 est,
615 1388 696 1466 quod
724 1390 754 1447 11
780 1387 921 1449 Iavoleno
950 1390 981 1446 et
1006 1387 1131 1446 Neratio

123 1478 217 1539 Prisci
239 1497 406 1556 cognomen
428 1481 500 1537 erat

209 1567 255 1627 De
282 1567 383 1626 Prisco
411 1567 547 1626 referunt
570 1566 706 1625 Iulianus
729 1558 779 1647 (D.
795 1567 845 1638 39,
862 1567 891 1640 6,
907 1567 946 1625 21
976 1559 1131 1643 ‘plerique

123 1654 153 1714 in
190 1655 300 1732 quibus
331 1654 454 1714 Priscus
488 1673 620 1732 quoque,
655 1646 913 1736 responderunt’),
948 1653 1131 1730 Pomponius

123 1735 171 1823 (D.
191 1745 243 1822 35,
264 1747 292 1815 1,
313 1744 420 1820 112,3
449 1737 581 1803 ‘Priscus
607 1734 802 1822 respondit'),
829 1741 941 1801 Paulus
970 1735 1020 1825 (D.
1036 1745 1088 1821 41,
1104 1746 1132 1820 2,

127 1837 152 1909 1,
171 1834 222 1893 21.
251 1834 304 1909 41,
321 1835 351 1910 4,
372 1834 439 1904 2,6
473 1825 605 1891 ‘Priscus
641 1825 724 1907 ait'),
760 1830 907 1908 Ulpianus
944 1823 996 1912 (fr.
1017 1835 1068 1906 11,
1089 1834 1128 1893 28

125 1914 270 1980 ‘Priscus'
292 1923 336 1997 11,
363 1920 390 1978 11
411 1919 497 1979 libris
519 1919 592 1979 fides
617 1922 671 1995 est,
694 1919 730 1978 D.
747 1921 920 1998 7,8,10,2
945 1914 988 1979 ‘et
1010 1920 1130 1981 Priscus

124 2013 154 2070 11
175 2009 318 2068 Neratius
341 2000 484 2089 putant)
531 2010 621 2085 atque
644 2008 676 2066 in
698 2007 809 2068 Iuliani
831 2008 1008 2087 fragmentis
1035 2029 1130 2087 neque

125 2090 302 2158 ‘Fulcinius'
312 2116 407 2173 neque
418 2091 584 2157 ‘Neratius'
593 2095 743 2172 laudatur,
753 2096 805 2157 sed
814 2101 932 2156 tantum
940 2092 1132 2178 ‘Iavolenus',

125 2207 212 2266 quem
239 2189 463 2263 praeceptorem
491 2203 579 2245 suum
602 2185 741 2262 designat
764 2177 814 2267 (D.
831 2187 882 2261 40,
897 2189 926 2264 2,
941 2178 987 2268 5).
1030 2187 1131 2265 itaque

125 2275 256 2335 dubitari
278 2274 325 2336 vix
339 2277 447 2351 potest,
468 2274 542 2350 quin
554 2273 650 2333 Prisci
664 2292 781 2351 quoque
797 2275 914 2334 nomine
929 2275 966 2334 ub
981 2276 1034 2335 illo
1048 2295 1132 2353 prae-

125 2369 226 2441 ceptor
237 2363 418 2441 designetur.
442 2363 531 2422 aliter
541 2362 634 2422 sentit
642 2363 735 2421 Lenel
745 2363 797 2438 qui
807 2363 843 2422 de
851 2363 946 2423 Prisci
956 2364 1131 2442 cognomine

124 2472 218 2530 neque
237 2451 316 2529 apud
334 2448 506 2510 Fulcinium
523 2469 620 2529 neque
639 2450 719 2527 apud
736 2451 920 2529 Iauolenum,
941 2452 993 2511 sed
1012 2456 1132 2512 tantum

125 2543 204 2619 apud
225 2540 386 2600 Neratium
407 2539 526 2616 quaerit
543 2539 697 2616 Priscique
719 2557 894 2615 responsum
914 2557 933 2597 1
949 2538 1067 2599 Iuliano
1086 2560 1131 2600 re·

124 2632 221 2691 latum
249 2629 328 2689 inter
353 2628 470 2688 Neratii
497 2628 668 2706 fragmenta
693 2629 806 2704 recepit
833 2622 881 2704 (P.
901 2620 971 2708 99),
1001 2627 1052 2687 sed
1078 2629 1132 2704 ita,

24 2759 25 2770 .
124 2722 159 2779 ut
186 2737 276 2795 opere
302 2717 364 2776 iam
390 2717 529 2778 absoluto
556 2717 587 2775 11
615 2715 757 2775 addendis
780 2716 854 2776 haec
876 2719 1008 2776 notaret:
1040 2711 1132 2776 ‘haud

24 2775 41 2850 ¹.
125 2809 199 2884 scio,
227 2826 266 2866 an
289 2805 384 2866 Prisci
410 2824 519 2866 nomen
545 2805 576 2864 in
599 2805 636 2864 lr.
652 2806 701 2877 39,
717 2807 747 2882 8,
763 2807 802 2864 21
827 2798 946 2886 (Norat.
961 2805 997 2866 fr.
1013 2796 1070 2887 99)
1093 2805 1132 2864 ad

24 2953 25 2980 ,
124 2897 297 2956 Fulcinium
320 2895 422 2972 potius
443 2895 630 2954 referendum
655 2887 715 2954 sit'.

212 2985 247 3044 11
280 2983 437 3060 Pomponii
468 2983 644 3060 fragmentis
678 2985 709 3041 et
740 2982 895 3042 Fulcinius
927 2986 959 3042 et
989 2983 1131 3044 Neratius

124 3074 301 3150 laudantur,
328 3073 431 3132 11111
453 3071 548 3131 Prisci
570 3070 688 3131 nomine
711 3071 798 3132 modo
822 3072 913 3147 hunc,
935 3072 1023 3132 modo
1046 3073 1132 3132 illum

24 3220 25 3232 ,
124 3163 263 3223 rideatur
292 3159 474 3240 designasse.
523 3159 603 3237 quod
629 3160 746 3220 Neratii
773 3179 881 3221 nomen
907 3162 955 3221 ter
982 3162 1132 3222 invenitur

139 3251 174 3311 D.
205 3253 260 3330 30,
291 3251 341 3310 13.
370 3252 426 3328 35,
456 3245 488 3327 1,
518 3251 551 3326 6,
581 3251 607 3308 1.
641 3251 697 3326 41,
726 3252 780 3325 10,
808 3244 857 3332 3),
887 3250 1017 3311 Fulcinii
1040 3251 1131 3310 semel

140 3340 173 3399 D.
195 3342 246 3414 24,
269 3341 296 3413 1,
317 3334 434 3416 2911),
462 3337 548 3414 parvi
575 3339 718 3398 momenti
744 3343 798 3399 est.
826 3340 879 3399 sed
901 3339 1025 3400 adrem
1047 3358 1132 3414 expe·

125 3428 264 3488 diendam
300 3427 427 3486 fortasse
463 3426 548 3501 facit,
585 3427 664 3501 quod
696 3446 764 3486 cum
794 3427 923 3488 Fulcinii
955 3431 986 3486 11
1016 3426 1132 3485 Neratii

125 3517 246 3577 nomina
271 3516 304 3575 in
330 3514 416 3574 libris
444 3513 482 3573 ad
506 3513 650 3573 Sabinum
677 3514 876 3588 inveniantur,
903 3513 997 3572 Prisci
1023 3530 1132 3571 nomen

125 3605 157 3665 11
173 3605 385 3683 Epistularum
405 3602 491 3662 libris
514 3604 610 3676 extat,
633 3601 734 3661 11111
756 3603 812 3660 hoc
834 3599 952 3659 nomine
974 3597 1131 3656 familiaris
