2614 3912
177 192 245 258 426
285 192 315 247 V.
334 191 484 246 NERVAE
503 190 550 246 ET
568 191 721 247 TRAIANI
738 191 845 248 ΤΕΜΡ.
863 191 960 248 IURIS
978 190 1158 248 corisum

267 355 318 420 99.
346 353 385 420 D.
404 355 479 420 ibid.
498 357 519 436 ξ
539 357 566 421 1.
592 391 630 402 -
656 354 745 420 Idem
762 355 842 420 iuris
858 374 933 433 esse,
959 356 989 420 si
1007 359 1185 437 potestatem

176 444 361 511 conducendi
378 443 513 526 babebat,
530 441 628 509 utel1
638 444 775 526 pretium
789 444 996 510 eonduetionis
1006 448 1185 525 praestaret.

176 534 284 600 salsi
310 533 425 598 loeator
451 534 625 599 conductori
645 537 823 614 potestatem
851 533 1058 598 conducendae
1079 534 1188 600 domus

176 642 240 688 non
261 621 379 701 fecisset
399 626 428 687 et
448 623 477 686 is
498 623 533 686 in
550 643 613 705 qua
630 621 781 687 habitaret
796 622 996 705 coreduuisset,
1019 623 1188 688 tautumei

170 712 397 796 praestandum
416 715 514 792 putat,
538 715 688 792 quantum
710 711 777 776 siue
794 711 863 775 dolo
881 711 962 775 malo
976 711 1188 793 praestitisset.

176 804 305 866 e'eterum
327 800 542 882 sipratuitam
559 799 776 864 habitationem
795 798 956 882 habuisset,
973 801 1188 882 proportione

176 889 321 972 temporis
343 909 381 953 eu
404 889 550 954 nurum
571 890 679 954 domus
701 889 906 953 deduomdum
928 907 999 954 esse.

539 1035 586 1094 De
607 1036 706 1094 insula
728 1036 829 1095 locata.

268 1137 340 1203 100.
365 1136 403 1202 D.
416 1137 466 1215 19,
479 1137 509 1221 2,
523 1136 565 1202 58
580 1157 627 1218 pr.
642 1135 810 1201 -Labeo
824 1137 907 1201 libro
923 1139 1039 1221 quarto
1052 1137 1188 1221 posteri-

177 1248 268 1291 orum
288 1248 307 1290 a
326 1225 477 1291 Iauoleno
498 1227 757 1308 epitomatorum.
780 1261 818 1272 —
839 1225 984 1290 Insulam
1005 1246 1068 1290 uuo
1083 1227 1187 1308 pretia

177 1320 272 1381 totam
296 1316 402 1380 locasti
423 1319 452 1380 et
473 1335 541 1378 eam
563 1315 726 1379 vendidisti
747 1315 809 1398 ita,
834 1318 870 1380 ut
891 1315 1019 1397 emptori
1041 1316 1188 1380 maceries

177 1404 402 1487 inqiriliuorum
424 1405 602 1468 deroderent.
642 1405 783 1485 quamuis
805 1423 873 1468 eam
890 1404 1052 1469 eonduetor
1069 1405 1188 1469 maiore

169 1494 271 1576 pretio
299 1493 421 1570 locaret,
450 1498 551 1556 tumen
578 1492 614 1556 id
634 1493 763 1573 emptori
785 1492 910 1576 aceedit,
936 1493 1018 1575 quod
1038 1493 1094 1557 tibi
1116 1513 1186 1558 eou-

175 1583 282 1647 duotor
303 1581 414 1647 debeat.

515 1657 562 1716 De
584 1659 678 1730 operis
701 1658 844 1716 locatione.

267 1759 339 1824 101.
367 1758 405 1823 D.
420 1758 496 1824 ibid.
511 1761 531 1840 ξ
547 1759 574 1823 1.
599 1795 641 1805 -
664 1758 707 1822 In
734 1759 833 1840 operis
859 1756 1007 1823 locutione
1034 1777 1097 1823 nou
1119 1761 1188 1822 erat

174 1848 300 1929 dietum,
322 1853 393 1912 aule
410 1868 503 1929 quarn
525 1849 606 1912 dieru
628 1847 710 1930 efflei
727 1847 856 1923 deberet·
878 1848 991 1927 deinde,
1013 1847 1043 1911 si
1060 1847 1105 1910 ita
1121 1846 1187 1927 fao-

176 1942 242 2002 tum
268 1956 331 2000 nou
357 1942 443 2015 esset,
470 1937 580 2020 pomuli
605 1936 744 2002 loeatoris
767 1936 967 2016 interfuisset,
994 1939 1113 2000 tautam
1129 1956 1187 2017 pe·

174 2025 300 2092 eunium
321 2026 483 2090 conductor
498 2026 694 2108 promiserat.
736 2029 860 2090 eatenus
882 2045 950 2089 eam
971 2023 1186 2107 oblipationem

174 2113 315 2180 contrabi
342 2119 430 2197 puto,
461 2120 610 2197 quatenus
638 2115 687 2179 oir
717 2113 812 2178 bonus
843 2114 879 2178 de
908 2113 1008 2196 spatio
1041 2114 1187 2196 temporis

175 2203 377 2284 aestimasset,
408 2203 484 2284 quia
515 2204 550 2267 id
579 2208 681 2268 actum
708 2207 837 2285 apparet
862 2222 935 2285 esse,
962 2206 998 2266 ut
1024 2223 1057 2266 eo
1083 2204 1186 2284 spatio

174 2291 390 2368 absolveretur,
412 2293 479 2356 siue
501 2313 558 2372 quo
580 2293 649 2374 fieri
670 2312 734 2356 uon
752 2292 858 2373 possit.

266 2380 338 2445 102.
363 2378 400 2446 D.
414 2380 491 2445 ibid.
505 2383 525 2460 ξ
540 2381 570 2446 2.
586 2417 625 2428 -
643 2379 778 2460 ρυίᾱανη
796 2381 831 2444 iu
847 2379 1015 2461 municipio
1029 2378 1205 2444 balineum.

174 2471 396 2553 praestandum
418 2470 534 2535 annuis
555 2471 665 2552 oipinti
686 2464 868 2533 nummum²
890 2469 1077 2533 muduuerat
1097 2472 1127 2532 et
1143 2469 1189 2534 ad

75 2591 78 2598 ·
174 2558 365 2639 refectionem
380 2559 519 2640 fornam's
531 2559 709 2643 fistulumm
726 2557 935 2640 similiumque
947 2577 1051 2622 rerum
1065 2561 1186 2622 erutum

174 2643 358 2713 nummum⁸
393 2652 429 2712 ut
451 2651 686 2730 praestarentur
716 2647 756 2728 ei,
792 2650 975 2711 conuenerat.
1023 2647 1187 2710 conductor

173 2742 294 2802 eentum
316 2756 457 2802 nummos
473 2742 601 2818 petebat.
641 2737 688 2801 ita
710 2735 739 2800 ei
760 2734 860 2800 deberi
877 2735 953 2815 dieo,
975 2735 1058 2798 siin
1076 2754 1186 2799 earum

173 2846 278 2890 rerum
300 2825 491 2905 refectionem
513 2846 582 2890 eam
601 2826 766 2907 peeuuiam
788 2824 924 2906 impendi
945 2823 1119 2888 satisdaret.

595 3015 703 3075 Liber
726 3015 762 3074 V.
876 3059 879 3068 .

468 3125 516 3190 De
537 3125 686 3206 emptione
707 3125 887 3190 venditione.

541 3236 588 3295 De
609 3237 701 3310 fundo
724 3240 822 3310 empto.
929 3226 936 3242 '

265 3336 337 3401 103.
362 3335 400 3402 D
412 3337 463 3422 19
478 3337 507 3419 1,
521 3335 573 3421 51,
589 3338 616 3402 1.
652 3337 741 3402 Idem
761 3335 817 3423 (so.
831 3333 956 3424 Labeo)
970 3337 1054 3402 libro
1069 3336 1186 3421 quinio

173 3426 391 3510 posteriorum
432 3449 451 3492 s
490 3424 643 3491 Iauoleno
685 3426 945 3511 epitomatorum.
987 3461 1029 3472 -
1112 3426 1187 3492 ,εἰ

247 3563 1047 3622 1F'l.uti.2Trib.nummir.3Trib.mrmmi
