2590 3902
172 210 237 274 320
273 209 307 264 V.
325 207 474 263 NERVAE
493 209 540 263 ΕΤ
559 207 711 263 TRAIANI
729 207 837 264 TEMP.
855 206 950 264 IURIS
969 207 1150 264 CONSULTI
1202 273 1207 281 .

173 373 317 439 actiones
351 374 459 437 autem
493 380 561 436 eas
579 393 643 436 non
678 371 782 436 solum
815 371 961 454 arbitrio,
995 371 1049 435 sed
1082 373 1185 437 etiam

172 462 315 547 periculo
343 465 400 526 tuo
427 459 490 524 tibi
516 465 626 544 praest
627 483 681 526 are
708 461 909 546 debebo,ut
872 481 1030 524 uomne
1057 460 1185 526 luorum

172 573 220 616 ao
233 549 434 634 dispendium
457 553 490 613 te
514 553 674 633 sequatur.

260 639 312 704 21.
339 637 469 703 D.ibid.
483 639 613 718 §L-
571 637 681 702 —Dt
667 642 771 702 trion
794 638 898 704 solum
923 637 1041 722 quod
1032 603 1100 722 ipse
1123 661 1187 722 per

171 749 245 792 eum
269 726 407 811 adquisii
428 729 592 811 praestare
616 726 725 811 debeo,
748 727 860 791 sedt
827 729 860 791 et
882 726 912 790 id
915 725 1033 810 ,quod
1053 731 1186 812 emptor

171 817 236 882 iam
259 820 336 881 tuno
359 815 422 880 sibi
445 815 566 880 tradito
547 836 682 880 oservo
706 777 925 899 adquisiturud
949 815 1072 880 fuisset.

261 904 313 969 22.
336 902 375 969 D.
386 904 533 985 ibid.§2.
557 939 599 950 -·
621 902 763 987 Uterque
785 906 934 968 nostrum
958 903 1090 969 eandem
1113 926 1185 970 rem

172 994 251 1058 emit
273 1016 293 1057 a
315 1015 380 1057 non
399 992 539 1078 domino,
562 1014 633 1058 oum
654 994 776 1078 emptio
794 992 999 1078 venditioque
1019 993 1087 1058 sine
1107 993 1184 1058 dolo

172 1083 258 1148 malo
285 1083 391 1165 fieret,
418 1081 599 1165 traditaque
626 1080 797 1167 <utrique>
823 1086 886 1145 est:
915 1081 982 1146 sive
1005 1082 1045 1148 ab
1069 1082 1185 1147 eodem

172 1171 308 1236 emimus
337 1171 404 1235 sive
433 1170 473 1234 ab
501 1170 565 1235 alio
590 1175 686 1253 atque
709 1171 786 1255 alio,
813 1171 841 1234 is
864 1191 903 1234 ex
926 1170 1021 1236 nobis
1043 1171 1184 1236 tuendus

172 1264 230 1344 est,
253 1261 308 1344 qui
330 1258 421 1343 prior
442 1257 546 1323 iustel
566 1258 777 1343 adprehendit
795 1257 871 1344 [hoo
890 1263 947 1342 est,
971 1258 1024 1324 oui
1042 1260 1184 1342 primum

172 1349 294 1413 tradita
322 1347 394 1431 est].
441 1347 469 1412 si
497 1347 580 1412 alter
602 1369 641 1411 ex
663 1348 759 1413 nobis
783 1370 803 1412 a
826 1347 956 1414 domino
980 1349 1125 1431 emisset,
1154 1350 1184 1414 is

172 1436 357 1503 omnimodo
381 1436 518 1501 tuendus
543 1439 602 1500 est.

259 1530 359 1591 Eisele
382 1530 413 1589 Z.
427 1530 454 1590 d.
470 1529 603 1590 San-St.
617 1530 673 1607 XI,
688 1531 717 1590 8.

260 1633 312 1696 24.
345 1631 383 1696 D.
398 1632 428 1716 2,
445 1632 495 1716 14,
508 1631 560 1698 58.
606 1630 757 1697 Neratius
785 1631 869 1697 libro
897 1632 995 1697 tertio
1022 1631 1184 1698 Membra·

170 1741 293 1786 narum.
328 1757 369 1767 -
403 1721 456 1786 Ab
488 1721 652 1805 emptione
684 1720 884 1805 venditione,
915 1721 1076 1788 locatione
1108 1742 1183 1786 oon·

172 1809 321 1875 ductione
352 1810 532 1895 ceterisque.
558 1809 717 1875 similibus
746 1809 1000 1895 obligationibus
1028 1810 1105 1895 quin
1132 1811 1183 1875 in-

171 1898 271 1983 tegris
295 1898 443 1964 omnibus
467 1920 624 1964 consensu
648 1920 771 1982 eorum,
799 1899 854 1983 qui
876 1898 962 1964 inter
985 1919 1019 1964 se
1043 1899 1183 1985 obligati

173 1988 251 2070 sint,
283 1987 389 2052 reoedi
420 1987 537 2071 possit,
570 1987 703 2052 dubium
735 2008 801 2052 non
833 1990 890 2052 est.
940 1987 1087 2054 Aristoni
1119 1987 1184 2054 hoo

172 2075 310 2159 amplius
333 2074 510 2153 videbatur,
534 2075 562 2140 si
586 2097 632 2159 ea,
656 2096 737 2160 quae
758 2097 809 2140 me
829 2097 867 2140 ex
886 2081 996 2160 empto
1015 2080 1183 2161 praestare

170 2164 233 2229 tibi
262 2167 440 2248 oporteret,
466 2164 701 2247 praestitissem
729 2167 761 2228 et
783 2186 855 2229 oum
878 2169 915 2229 tu
938 2165 1019 2229 mihi
1042 2165 1182 2249 pretium

172 2253 317 2335 deberes,
347 2253 547 2317 convenisset
574 2252 655 2316 mihi
677 2258 797 2334 tecum,
824 2257 861 2317 ut
882 2275 993 2318 rursus
1016 2255 1183 2338 praestitis

171 2341 251 2406 mihi
276 2363 295 2405 a
317 2345 349 2404 te
372 2341 407 2404 in
430 2363 464 2405 re
486 2341 617 2405 vendita
640 2340 798 2424 omnibus,
821 2363 902 2426 quae
926 2363 986 2427 ego
1010 2342 1072 2408 tibi
1090 2365 1183 2427 prae·

172 2429 340 2514 stitissem,
362 2430 501 2515 pretium
523 2429 603 2496 mihi
620 2451 689 2495 non
706 2429 799 2495 dares
817 2437 916 2516 tuque
934 2431 1014 2496 mihi
1034 2454 1072 2497 ea
1089 2454 1182 2516 prae-

174 2519 328 2602 stitisses,
350 2519 486 2603 pretium
511 2523 543 2583 te
566 2518 681 2584 debere
705 2517 858 2600 desinere,
881 2520 957 2604 quia
976 2520 1078 2585 bonae
1097 2520 1183 2607 fidei,

172 2608 211 2671 ad
243 2629 340 2691 quam
369 2609 477 2673 omnia
504 2608 584 2674 haee
611 2607 814 2692 rediguntur,
845 2608 1069 2693 interpretatio
1095 2609 1183 2676 hano

171 2718 297 2782 quoque
321 2697 565 2762 conventionem
584 2696 736 2762 admittit
772 2697 1019 2782 necquicquam
1037 2697 1183 2783 interest,

171 2789 279 2849 utrum
315 2785 452 2869 integris
490 2785 638 2851 omnibus
675 2787 709 2850 in
744 2807 826 2870 quae
859 2785 997 2871 obligati
1029 2808 1184 2869 essemus,

172 2873 371 2952 conveniret,
398 2878 436 2937 ut
462 2875 503 2940 ab
530 2896 568 2939 eo
596 2878 695 2960 negot
680 2874 728 2940 tio
756 2873 985 2957 diseederetur,
1011 2897 1052 2940 an
1077 2877 1111 2939 in
1134 2875 1183 2940 in-

171 2964 300 3061 tegrpm
319 2923 413 3026 res'tit
413 2961 480 3026 utis
499 2961 558 3045 his,
582 2984 664 3047 quae
683 2983 742 3046 ego
761 2963 823 3029 tibi
841 2925 1084 3047 praestitissem,
1106 2985 1182 3029 oon·

172 3048 378 3133 sentiremus,
409 3071 450 3114 ne
482 3013 558 3134 quid
589 3057 627 3115 tu
658 3051 738 3115 mihi
766 3073 804 3117 eo
831 3052 962 3117 nomine
989 3057 1182 3136 praestares

171 3135 252 3200 illud
274 3138 370 3220 plane
394 3138 614 3222 conventione,
638 3161 720 3223 quae
738 3141 878 3222 pertinet
896 3140 937 3206 ad
954 3141 1181 3208 resolvendum
1280 3181 1282 3214 ε

171 3224 204 3288 id
228 3224 313 3310 quod
336 3247 373 3290 ae
375 3229 443 3290 tum
468 3230 526 3309 est,
547 3227 658 3312 perfici
678 3250 744 3293 non
762 3233 878 3313 potest,
900 3233 937 3294 ut
954 3233 992 3295 tu
1010 3229 1183 3315 quodiam

172 3335 232 3398 ego
255 3314 317 3378 tibi
340 3314 489 3398 praestiti
512 3276 625 3383 dontra
647 3319 813 3400 praestare
836 3317 917 3382 mihi
940 3318 1080 3420 cogaris,
1106 3323 1184 3405 quia
1279 3327 1281 3360 ι

172 3423 209 3468 eo
237 3403 333 3469 modo
361 3423 425 3469 non
452 3408 519 3469 tam
546 3404 608 3471 hoo
637 3405 745 3492 agitur
772 3410 811 3472 ut
838 3406 1022 3491 apristino
1047 3413 1149 3494 negot
1150 3411 1182 3476 io
1229 3465 1232 3470 .
1278 3385 1281 3476 i

244 3584 257 3630 1
279 3577 351 3634 ΓΖ.
342 3595 386 3634 ins
405 3577 471 3634 eius
