2568 3912
563 187 839 243 unumunurm.
938 149 941 156 ’

424 369 474 434 De
497 370 682 451 adquirendo
705 389 809 432 roam
832 369 975 434 dominio.

287 495 335 559 18.
361 493 428 558 Gai.
458 495 488 576 2,
517 495 567 559 95.
599 530 635 540 -
745 493 843 576 vulgo
872 491 987 556 dieitur
1017 514 1074 576 per
1102 497 1208 558 extra-

195 605 290 647 neam
315 603 486 665 personam
510 582 602 646 nobis
627 581 754 666 adquiri
777 602 841 644 non
864 602 967 663 posse.

286 671 335 736 19.
364 670 432 735 Gai.
460 672 495 748 2,
524 672 574 735 10.
603 707 646 717 -
674 721 700 734 ..
732 720 739 733 .
764 670 861 755 vulgo
890 670 1007 733 dieitur
1033 691 1092 752 per
1120 671 1211 736 adlu-

196 758 323 825 vionem
351 759 384 823 id
408 760 490 824 adioi
514 759 614 823 1111511
638 758 722 842 quod
745 759 793 822 ita
814 758 972 842 paulatim
996 758 1149 842 5111511111,
1174 765 1210 824 ut

196 849 306 913 oeulos
327 853 458 914 nostros
481 848 596 936 fallat„

439 1023 489 1090 De
507 1025 695 1106 possessione
718 1029 745 1089 et
766 1025 958 1104 usucapione.

288 1151 338 1215 20.
363 1149 401 1214 D.
425 1150 477 1232 43,
503 1150 552 1234 16,
573 1151 601 1234 1,
620 1148 669 1214 25.
706 1146 864 1230 Ulpianus
883 1147 966 1212 libro
985 1150 1210 1234 sexagensimo

195 1260 282 1304 nono
301 1237 356 1302 511
389 1237 536 1303 edietum.
576 1275 613 1284 —
654 1288 689 1303 ..
722 1238 819 1321 volgo
856 1235 972 1301 dieitur
1009 1238 1208 1303 aestivorum

174 1389 175 1393 ,
196 1327 467 1411 hibernorumque
483 1328 624 1390 saltuum
638 1347 697 1390 nos
711 1325 932 1409 possessiones
943 1326 1050 1390 animo
1061 1326 1209 1392 retinere.

285 1416 338 1481 21.
371 1414 439 1480 Gai.
472 1416 502 1498 4,
536 1414 608 1479 153.
637 1451 681 1460 -
799 1414 898 1498 vulgo
928 1413 1045 1479 dieitur
1076 1416 1210 1480 retineri

196 1503 437 1589 possessionem
456 1526 550 1588 posse
569 1525 626 1587 per
650 1503 834 1587 quemlibet,
861 1502 916 1585 qui
938 1506 1051 1567 nostro
1075 1506 1209 1568 nomine

197 1593 241 1657 sit
263 1594 297 1658 in
320 1594 533 1677 possessione.

285 1681 337 1747 22.
365 1680 433 1746 Gai.
462 1683 491 1764 2,
518 1682 570 1745 49.
603 1717 641 1726 -
745 1680 840 1762 vulgo
868 1679 983 1745 dieitur
1012 1681 1208 1746 furtivarum

195 1792 302 1834 rerum
326 1774 358 1834 et
380 1771 413 1833 vi
435 1791 657 1853 possessarum
680 1767 908 1852 usucapionem
931 1790 988 1853 per
1010 1771 1118 1854 legem
1146 1770 1208 1834 XII

196 1858 380 1922 tabularum
403 1858 600 1940 prohibitam
623 1879 701 1923 esse.

286 1947 336 2011 23.
361 1946 399 2009 D.
423 1948 475 2028 41,
498 1948 530 2032 4,
554 1947 603 2013 11.
640 1946 812 2010 Africanus
835 1945 918 2010 libro
943 1946 1080 2030 septimo
1107 1946 1210 2022 Quae·

197 2034 347 2100 stionum.
373 2070 411 2082 -
436 2085 465 2099 ..
490 2035 587 2119 volgo
610 2034 765 2100 traditum
788 2038 942 2119 osteum,
966 2035 1020 2118 qui
1039 2035 1211 2100 existimat

197 2144 231 2187 se
264 2123 339 2205 quid
363 2123 479 2187 emisse
503 2145 561 2188 neo
595 2124 718 2202 emerit,
750 2144 814 2187 non
846 2144 941 2205 posse
974 2144 1032 2206 pro
1064 2129 1210 2208 emptore

110 2245 115 2254 ’
197 2233 379 2294 USUcapel'O.

285 2300 336 2366 24.
361 2299 430 2385 Gai,
454 2301 484 2384 2,
507 2301 559 2365 61.
584 2336 621 2347 -
723 2300 819 2384 vulgo
850 2301 966 2364 dicitnr
994 2322 1034 2364 ex
1060 2301 1212 2385 praedia·

196 2394 270 2453 tura
292 2389 531 2472 possessionem
554 2411 614 2452 usu
632 2389 738 2472 reoipi.

555 2564 605 2631 De
627 2566 849 2632 donatiooetos.

287 2690 338 2755 25.
362 2690 400 2755 D.
425 2691 476 2773 39,
501 2691 529 2772 6,
553 2690 605 2770 35,
626 2690 654 2756 2.
691 2689 810 2754 Paulus
830 2691 912 2755 libro
932 2693 1022 2755 sexto
1042 2690 1084 2755 ad
1105 2692 1212 2777 legem

196 2779 312 2844 Iuliam
343 2783 374 2843 et
396 2778 539 2863 Papiam.
566 2815 603 2826 -
630 2779 800 2844 ..mortis
828 2800 925 2844 eausa
953 2779 1091 2844 donatio
1114 2781 1212 2864 longe

198 2868 306 2932 differt
334 2868 375 2932 ab
403 2869 462 2932 illa
488 2890 564 2933 1515
592 2872 624 2931 51
648 2868 797 2932 absoluta
820 2867 992 2932 donatione
1093 2869 1213 2934 511155

198 2961 248 3020 est
273 2977 371 3039 quare
394 2958 492 3042 vulgo
517 2957 650 3022 dicatur:
678 2979 711 3020 se
734 2957 840 3040 potius
863 2956 982 3020 habere
1005 2957 1088 3039 vult,
1115 2979 1211 3043 quam

198 3065 271 3108 eum
306 3045 356 3107 5111
389 3045 497 3129 donat,
527 3045 619 3110 illum
648 3044 761 3110 deinde
788 3045 896 3128 potius
930 3067 1026 3128 quam
1059 3045 1212 3110 heredem

199 3153 299 3195 suum.

543 3240 592 3304 De
614 3241 815 3305 servitutibus.

290 3360 342 3425 26.
370 3359 409 3423 D.
438 3361 467 3444 8,
492 3363 521 3443 1,
546 3365 593 3427 11.
640 3363 840 3429 Modestinus
873 3364 955 3429 libro
988 3369 1081 3431 sexto
1115 3365 1211 3431 Dine

198 3447 383 3511 rentiarum.
414 3484 454 3493 —
482 3449 544 3514 Pro
576 3456 667 3534 parte
700 3452 831 3516 dominii
864 3453 1052 3518 servitutem
1085 3452 1211 3539 adquiri

200 3556 266 3599 non
288 3556 384 3617 posse
406 3536 504 3620 volgo
527 3539 672 3603 traditur.
1272 3545 1274 3572 ²
