<?xml version="1.0" encoding="UTF-8"?>
<!DOCTYPE html PUBLIC "-//W3C//DTD XHTML 1.0 Transitional//EN"
    "http://www.w3.org/TR/xhtml1/DTD/xhtml1-transitional.dtd">
<html xmlns="http://www.w3.org/1999/xhtml" xml:lang="en" lang="en">
 <head>
  <title>
</title>
<meta http-equiv="Content-Type" content="text/html;charset=utf-8" />
  <meta name='ocr-system' content='tesseract 3.04.00' />
  <meta name='ocr-capabilities' content='ocr_page ocr_carea ocr_par ocr_line ocrx_word'/>
</head>
<body>
  <div class='ocr_page' id='page_1' title='image "./iurisprudentiae03bremgoog_0409.png"; bbox 0 0 2614 3912; ppageno 0'>
   <div class='ocr_carea' id='block_1_1' title="bbox 507 176 1168 242">
    <p class='ocr_par' dir='ltr' id='par_1_1' title="bbox 507 176 1168 242">
     <span class='ocr_line' id='line_1_1' title="bbox 507 176 1168 242; baseline 0.015 -11"><span class='ocrx_word' id='word_1_1' title='bbox 507 183 533 232; x_wconf 81' lang='lat'><strong>5.</strong></span> <span class='ocrx_word' id='word_1_2' title='bbox 551 176 670 233; x_wconf 85' lang='lat' dir='ltr'>TITIUS</span> <span class='ocrx_word' id='word_1_3' title='bbox 689 177 820 234; x_wconf 80' lang='lat' dir='ltr'>ARISTO</span> <span class='ocrx_word' id='word_1_4' title='bbox 1103 178 1168 242; x_wconf 83' lang='grc'>319</span> 
     </span>
    </p>
   </div>
   <div class='ocr_carea' id='block_1_2' title="bbox 15 337 1168 582">
    <p class='ocr_par' dir='ltr' id='par_1_2' title="bbox 15 337 1168 582">
     <span class='ocr_line' id='line_1_2' title="bbox 249 337 1168 426; baseline 0.005 -24"><span class='ocrx_word' id='word_1_5' title='bbox 249 339 298 403; x_wconf 98' lang='grc'>12.</span> <span class='ocrx_word' id='word_1_6' title='bbox 322 337 360 403; x_wconf 88' lang='lat' dir='ltr'>D.</span> <span class='ocrx_word' id='word_1_7' title='bbox 379 339 456 404; x_wconf 88' lang='lat' dir='ltr'><strong>ibid.</strong></span> <span class='ocrx_word' id='word_1_8' title='bbox 475 341 561 421; x_wconf 67' lang='lat'><strong>511.</strong></span> <span class='ocrx_word' id='word_1_9' title='bbox 588 376 626 387; x_wconf 98' lang='grc'>-</span> <span class='ocrx_word' id='word_1_10' title='bbox 652 338 742 405; x_wconf 86' lang='lat' dir='ltr'>Vasa</span> <span class='ocrx_word' id='word_1_11' title='bbox 764 363 891 426; x_wconf 88' lang='lat' dir='ltr'>quoque</span> <span class='ocrx_word' id='word_1_12' title='bbox 914 342 1070 425; x_wconf 77' lang='lat' dir='ltr'>penuaria</span> <span class='ocrx_word' id='word_1_13' title='bbox 1091 342 1168 426; x_wconf 90' lang='lat' dir='ltr'>quin</span> 
     </span>
     <span class='ocr_line' id='line_1_3' title="bbox 15 427 1168 512; baseline 0.003 -21"><span class='ocrx_word' id='word_1_14' title='bbox 15 427 16 510; x_wconf 64' lang='lat' dir='ltr'><strong>f</strong></span> <span class='ocrx_word' id='word_1_15' title='bbox 154 427 391 512; x_wconf 72' lang='lat' dir='ltr'><strong>contineantur,</strong></span> <span class='ocrx_word' id='word_1_16' title='bbox 412 429 501 494; x_wconf 89' lang='lat' dir='ltr'>nulla</span> <span class='ocrx_word' id='word_1_17' title='bbox 521 429 679 495; x_wconf 77' lang='lat' dir='ltr'>dubitatio</span> <span class='ocrx_word' id='word_1_18' title='bbox 699 433 756 494; x_wconf 87' lang='lat' dir='ltr'>est.</span> <span class='ocrx_word' id='word_1_19' title='bbox 794 429 905 494; x_wconf 77' lang='lat' dir='ltr'>Aristo</span> <span class='ocrx_word' id='word_1_20' title='bbox 926 433 1034 496; x_wconf 85' lang='lat' dir='ltr'>autem</span> <span class='ocrx_word' id='word_1_21' title='bbox 1053 430 1168 496; x_wconf 81' lang='lat' dir='ltr'>scribit</span> 
     </span>
     <span class='ocr_line' id='line_1_4' title="bbox 15 515 523 582; baseline 0.008 -4"><span class='ocrx_word' id='word_1_22' title='bbox 15 515 16 546; x_wconf 61' lang='lat' dir='ltr'>l</span> <span class='ocrx_word' id='word_1_23' title='bbox 155 515 243 580; x_wconf 87' lang='lat' dir='ltr'>dolia</span> <span class='ocrx_word' id='word_1_24' title='bbox 265 538 331 582; x_wconf 91' lang='lat' dir='ltr'>non</span> <span class='ocrx_word' id='word_1_25' title='bbox 355 517 523 582; x_wconf 80' lang='lat' dir='ltr'>contineri.</span> 
     </span>
    </p>
   </div>
   <div class='ocr_carea' id='block_1_3' title="bbox 527 648 794 723">
    <p class='ocr_par' dir='ltr' id='par_1_3' title="bbox 527 648 794 723">
     <span class='ocr_line' id='line_1_5' title="bbox 527 648 794 723; baseline 0.007 -17"><span class='ocrx_word' id='word_1_26' title='bbox 527 648 574 708; x_wconf 88' lang='lat' dir='ltr'>De</span> <span class='ocrx_word' id='word_1_27' title='bbox 595 653 670 708; x_wconf 81' lang='lat' dir='ltr'>vaste</span> <span class='ocrx_word' id='word_1_28' title='bbox 692 649 794 723; x_wconf 69' lang='lat' dir='ltr'>deputa.</span> 
     </span>
    </p>
   </div>
   <div class='ocr_carea' id='block_1_4' title="bbox 15 747 1167 926">
    <p class='ocr_par' dir='ltr' id='par_1_4' title="bbox 15 747 1167 926">
     <span class='ocr_line' id='line_1_6' title="bbox 245 747 1167 836; baseline 0.003 -22.201"><span class='ocrx_word' id='word_1_29' title='bbox 245 749 297 814; x_wconf 86' lang='lat'><strong>13.</strong></span> <span class='ocrx_word' id='word_1_30' title='bbox 320 747 360 814; x_wconf 91' lang='lat' dir='ltr'><strong>D.</strong></span> <span class='ocrx_word' id='word_1_31' title='bbox 370 750 422 832; x_wconf 85' lang='lat'>34,</span> <span class='ocrx_word' id='word_1_32' title='bbox 437 751 467 830; x_wconf 92' lang='grc'>2,</span> <span class='ocrx_word' id='word_1_33' title='bbox 481 749 534 834; x_wconf 79' lang='lat'>25,</span> <span class='ocrx_word' id='word_1_34' title='bbox 549 750 577 814; x_wconf 92' lang='lat'><strong>1.</strong></span> <span class='ocrx_word' id='word_1_35' title='bbox 613 749 773 832; x_wconf 83' lang='lat' dir='ltr'>Ulpianus</span> <span class='ocrx_word' id='word_1_36' title='bbox 791 748 876 814; x_wconf 88' lang='lat' dir='ltr'>libro</span> <span class='ocrx_word' id='word_1_37' title='bbox 896 750 1167 836; x_wconf 81' lang='lat' dir='ltr'>quadragensimo</span> 
     </span>
     <span class='ocr_line' id='line_1_7' title="bbox 15 835 1167 926; baseline 0.003 -24"><span class='ocrx_word' id='word_1_38' title='bbox 15 853 16 922; x_wconf 44' lang='lat'><em>3</em></span> <span class='ocrx_word' id='word_1_39' title='bbox 153 841 270 920; x_wconf 87' lang='lat' dir='ltr'>quarto</span> <span class='ocrx_word' id='word_1_40' title='bbox 299 838 339 902; x_wconf 89' lang='lat' dir='ltr'>ad</span> <span class='ocrx_word' id='word_1_41' title='bbox 368 836 523 903; x_wconf 81' lang='lat' dir='ltr'>Sabinum</span> <span class='ocrx_word' id='word_1_42' title='bbox 550 837 601 926; x_wconf 91' lang='lat' dir='ltr'><strong>(P.</strong></span> <span class='ocrx_word' id='word_1_43' title='bbox 620 835 748 924; x_wconf 69' lang='grc'><strong>29131).</strong></span> <span class='ocrx_word' id='word_1_44' title='bbox 774 873 819 885; x_wconf 92' lang='grc'>-</span> <span class='ocrx_word' id='word_1_45' title='bbox 846 837 957 904; x_wconf 84' lang='lat' dir='ltr'>Aristo</span> <span class='ocrx_word' id='word_1_46' title='bbox 986 841 1087 905; x_wconf 87' lang='lat' dir='ltr'>etiam</span> <span class='ocrx_word' id='word_1_47' title='bbox 1114 862 1167 906; x_wconf 90' lang='lat' dir='ltr'>co-</span> 
     </span>
    </p>
   </div>
   <div class='ocr_carea' id='block_1_5' title="bbox 15 925 1166 1493">
    <p class='ocr_par' dir='ltr' id='par_1_5' title="bbox 15 925 1166 1493">
     <span class='ocr_line' id='line_1_8' title="bbox 15 925 1166 1012; baseline 0.009 -28"><span class='ocrx_word' id='word_1_48' title='bbox 15 925 17 984; x_wconf 71' lang='lat' dir='ltr'>l</span> <span class='ocrx_word' id='word_1_49' title='bbox 152 926 265 991; x_wconf 88' lang='lat' dir='ltr'>actilia</span> <span class='ocrx_word' id='word_1_50' title='bbox 287 926 371 991; x_wconf 85' lang='lat' dir='ltr'>vesti</span> <span class='ocrx_word' id='word_1_51' title='bbox 394 927 505 992; x_wconf 90' lang='lat' dir='ltr'>cedere</span> <span class='ocrx_word' id='word_1_52' title='bbox 529 928 575 992; x_wconf 90' lang='lat' dir='ltr'>ait</span> <span class='ocrx_word' id='word_1_53' title='bbox 595 931 628 993; x_wconf 93' lang='grc'>61</span> <span class='ocrx_word' id='word_1_54' title='bbox 645 929 826 1012; x_wconf 82' lang='lat' dir='ltr'>tegimenta</span> <span class='ocrx_word' id='word_1_55' title='bbox 845 927 1071 1010; x_wconf 89' lang='lat' dir='ltr'>supselliorum</span> <span class='ocrx_word' id='word_1_56' title='bbox 1089 929 1166 994; x_wconf 87' lang='lat' dir='ltr'>huic</span> 
     </span>
     <span class='ocr_line' id='line_1_9' title="bbox 15 1014 407 1101; baseline 0.013 -26"><span class='ocrx_word' id='word_1_57' title='bbox 15 1017 16 1086; x_wconf 78' lang='grc'>1</span> <span class='ocrx_word' id='word_1_58' title='bbox 152 1014 263 1101; x_wconf 81' lang='lat' dir='ltr'>legato</span> <span class='ocrx_word' id='word_1_59' title='bbox 288 1015 407 1081; x_wconf 88' lang='lat' dir='ltr'>cedere.</span> 
     </span>
     <span class='ocr_line' id='line_1_10' title="bbox 504 1129 817 1204; baseline -0.003 -16"><span class='ocrx_word' id='word_1_60' title='bbox 504 1129 551 1188; x_wconf 78' lang='lat' dir='ltr'>D‘e</span> <span class='ocrx_word' id='word_1_61' title='bbox 573 1130 688 1189; x_wconf 76' lang='lat' dir='ltr'>ancillis</span> <span class='ocrx_word' id='word_1_62' title='bbox 710 1130 817 1204; x_wconf 76' lang='lat' dir='ltr'>tepolis.</span> 
     </span>
     <span class='ocr_line' id='line_1_11' title="bbox 245 1229 1166 1314; baseline 0.003 -21"><span class='ocrx_word' id='word_1_63' title='bbox 245 1229 296 1293; x_wconf 83' lang='lat'><strong>14.</strong></span> <span class='ocrx_word' id='word_1_64' title='bbox 323 1229 361 1294; x_wconf 91' lang='lat' dir='ltr'>D.</span> <span class='ocrx_word' id='word_1_65' title='bbox 382 1229 434 1312; x_wconf 88' lang='lat'>30,</span> <span class='ocrx_word' id='word_1_66' title='bbox 452 1230 495 1295; x_wconf 82' lang='lat'>45</span> <span class='ocrx_word' id='word_1_67' title='bbox 504 1252 551 1314; x_wconf 88' lang='lat' dir='ltr'>pr.</span> <span class='ocrx_word' id='word_1_68' title='bbox 597 1229 795 1314; x_wconf 90' lang='lat' dir='ltr'>Pomponius</span> <span class='ocrx_word' id='word_1_69' title='bbox 823 1229 905 1295; x_wconf 90' lang='lat' dir='ltr'>libro</span> <span class='ocrx_word' id='word_1_70' title='bbox 929 1234 1020 1294; x_wconf 85' lang='lat' dir='ltr'>sexto</span> <span class='ocrx_word' id='word_1_71' title='bbox 1045 1229 1166 1296; x_wconf 72' lang='grc'><strong>1181-</strong></span> 
     </span>
     <span class='ocr_line' id='line_1_12' title="bbox 152 1314 1165 1404; baseline 0.004 -24"><span class='ocrx_word' id='word_1_72' title='bbox 152 1317 267 1382; x_wconf 88' lang='lat' dir='ltr'>binum</span> <span class='ocrx_word' id='word_1_73' title='bbox 295 1314 344 1404; x_wconf 89' lang='lat' dir='ltr'>(P.</span> <span class='ocrx_word' id='word_1_74' title='bbox 363 1318 452 1403; x_wconf 87' lang='lat'><strong>498).</strong></span> <span class='ocrx_word' id='word_1_75' title='bbox 482 1355 519 1364; x_wconf 92' lang='lat'>—</span> <span class='ocrx_word' id='word_1_76' title='bbox 552 1315 587 1382; x_wconf 85' lang='lat' dir='ltr'>Si</span> <span class='ocrx_word' id='word_1_77' title='bbox 619 1341 638 1384; x_wconf 97' lang='grc'>1</span> <span class='ocrx_word' id='word_1_78' title='bbox 670 1319 846 1384; x_wconf 86' lang='lat' dir='ltr'>substituto</span> <span class='ocrx_word' id='word_1_79' title='bbox 878 1318 997 1404; x_wconf 89' lang='lat' dir='ltr'>pupilli</span> <span class='ocrx_word' id='word_1_80' title='bbox 1028 1319 1165 1384; x_wconf 80' lang='lat' dir='ltr'>ancillas</span> 
     </span>
     <span class='ocr_line' id='line_1_13' title="bbox 152 1405 1166 1493; baseline 0.003 -23"><span class='ocrx_word' id='word_1_81' title='bbox 152 1405 215 1470; x_wconf 89' lang='lat' dir='ltr'>tibi</span> <span class='ocrx_word' id='word_1_82' title='bbox 236 1407 396 1490; x_wconf 81' lang='lat' dir='ltr'>legassem</span> <span class='ocrx_word' id='word_1_83' title='bbox 415 1429 532 1492; x_wconf 90' lang='lat' dir='ltr'>easque</span> <span class='ocrx_word' id='word_1_84' title='bbox 551 1412 588 1472; x_wconf 92' lang='lat' dir='ltr'>tu</span> <span class='ocrx_word' id='word_1_85' title='bbox 607 1430 626 1472; x_wconf 90' lang='lat' dir='ltr'>a</span> <span class='ocrx_word' id='word_1_86' title='bbox 644 1407 768 1493; x_wconf 91' lang='lat' dir='ltr'>pupillo</span> <span class='ocrx_word' id='word_1_87' title='bbox 787 1407 919 1472; x_wconf 85' lang='lat' dir='ltr'>emisses</span> <span class='ocrx_word' id='word_1_88' title='bbox 940 1412 973 1471; x_wconf 94' lang='grc'>61</span> <span class='ocrx_word' id='word_1_89' title='bbox 991 1412 1166 1493; x_wconf 88' lang='lat' dir='ltr'>antequam</span> 
     </span>
    </p>
   </div>
   <div class='ocr_carea' id='block_1_6' title="bbox 152 1494 1164 1670">
    <p class='ocr_par' dir='ltr' id='par_1_6' title="bbox 152 1494 1164 1670">
     <span class='ocr_line' id='line_1_14' title="bbox 152 1494 1164 1581; baseline 0.003 -22"><span class='ocrx_word' id='word_1_90' title='bbox 152 1494 252 1560; x_wconf 88' lang='lat' dir='ltr'>scires</span> <span class='ocrx_word' id='word_1_91' title='bbox 275 1495 339 1560; x_wconf 89' lang='lat' dir='ltr'>tibi</span> <span class='ocrx_word' id='word_1_92' title='bbox 361 1496 486 1580; x_wconf 81' lang='lat' dir='ltr'>legatas</span> <span class='ocrx_word' id='word_1_93' title='bbox 510 1518 580 1561; x_wconf 90' lang='lat' dir='ltr'>esse</span> <span class='ocrx_word' id='word_1_94' title='bbox 604 1495 805 1575; x_wconf 85' lang='lat' dir='ltr'>alienaveris,</span> <span class='ocrx_word' id='word_1_95' title='bbox 829 1497 906 1560; x_wconf 87' lang='lat' dir='ltr'>utile</span> <span class='ocrx_word' id='word_1_96' title='bbox 929 1497 1072 1581; x_wconf 81' lang='lat' dir='ltr'>legatum</span> <span class='ocrx_word' id='word_1_97' title='bbox 1093 1518 1164 1562; x_wconf 89' lang='lat' dir='ltr'>esse</span> 
     </span>
     <span class='ocr_line' id='line_1_15' title="bbox 152 1581 866 1670; baseline 0.007 -23"><span class='ocrx_word' id='word_1_98' title='bbox 152 1581 306 1649; x_wconf 87' lang='lat' dir='ltr'>Neratius</span> <span class='ocrx_word' id='word_1_99' title='bbox 330 1588 363 1649; x_wconf 87' lang='grc'>61</span> <span class='ocrx_word' id='word_1_100' title='bbox 386 1584 498 1650; x_wconf 85' lang='lat' dir='ltr'>Aristo</span> <span class='ocrx_word' id='word_1_101' title='bbox 523 1589 556 1651; x_wconf 86' lang='lat' dir='ltr'>ot</span> <span class='ocrx_word' id='word_1_102' title='bbox 578 1583 693 1651; x_wconf 90' lang='lat' dir='ltr'>Ofilius</span> <span class='ocrx_word' id='word_1_103' title='bbox 716 1587 866 1670; x_wconf 88' lang='lat' dir='ltr'>probant.</span> 
     </span>
    </p>
   </div>
   <div class='ocr_carea' id='block_1_7' title="bbox 379 1767 936 1843">
    <p class='ocr_par' dir='ltr' id='par_1_7' title="bbox 379 1767 936 1843">
     <span class='ocr_line' id='line_1_16' title="bbox 379 1767 936 1843; baseline 0.005 -17"><span class='ocrx_word' id='word_1_104' title='bbox 379 1767 426 1827; x_wconf 87' lang='lat' dir='ltr'>De</span> <span class='ocrx_word' id='word_1_105' title='bbox 449 1769 637 1828; x_wconf 79' lang='lat' dir='ltr'>instrumento</span> <span class='ocrx_word' id='word_1_106' title='bbox 655 1770 816 1843; x_wconf 77' lang='lat' dir='ltr'>piscatorio</span> <span class='ocrx_word' id='word_1_107' title='bbox 838 1769 936 1842; x_wconf 70' lang='lat' dir='ltr'>lepoto.</span> 
     </span>
    </p>
   </div>
   <div class='ocr_carea' id='block_1_8' title="bbox 150 1867 1163 2220">
    <p class='ocr_par' dir='ltr' id='par_1_8' title="bbox 150 1867 1163 2220">
     <span class='ocr_line' id='line_1_17' title="bbox 243 1867 1163 1952; baseline 0.003 -20"><span class='ocrx_word' id='word_1_108' title='bbox 243 1868 292 1934; x_wconf 86' lang='lat'><strong>15.</strong></span> <span class='ocrx_word' id='word_1_109' title='bbox 321 1868 359 1932; x_wconf 88' lang='lat' dir='ltr'>D.</span> <span class='ocrx_word' id='word_1_110' title='bbox 374 1869 426 1950; x_wconf 83' lang='lat'>33,</span> <span class='ocrx_word' id='word_1_111' title='bbox 442 1870 470 1950; x_wconf 85' lang='grc'>1,</span> <span class='ocrx_word' id='word_1_112' title='bbox 486 1870 537 1947; x_wconf 85' lang='grc'>11,</span> <span class='ocrx_word' id='word_1_113' title='bbox 554 1870 581 1933; x_wconf 96' lang='grc'>1.</span> <span class='ocrx_word' id='word_1_114' title='bbox 625 1867 810 1934; x_wconf 87' lang='lat' dir='ltr'>Marcianus</span> <span class='ocrx_word' id='word_1_115' title='bbox 838 1869 924 1932; x_wconf 90' lang='lat' dir='ltr'>libro</span> <span class='ocrx_word' id='word_1_116' title='bbox 948 1869 1086 1952; x_wconf 87' lang='lat' dir='ltr'>septimo</span> <span class='ocrx_word' id='word_1_117' title='bbox 1109 1869 1163 1935; x_wconf 92' lang='lat' dir='ltr'>In·</span> 
     </span>
     <span class='ocr_line' id='line_1_18' title="bbox 151 1954 1163 2045; baseline 0.002 -23"><span class='ocrx_word' id='word_1_118' title='bbox 151 1957 359 2022; x_wconf 87' lang='lat' dir='ltr'>stitutionum</span> <span class='ocrx_word' id='word_1_119' title='bbox 387 1954 435 2045; x_wconf 91' lang='lat' dir='ltr'>(P.</span> <span class='ocrx_word' id='word_1_120' title='bbox 457 1956 544 2041; x_wconf 82' lang='lat'><strong>123).</strong></span> <span class='ocrx_word' id='word_1_121' title='bbox 568 1995 610 2004; x_wconf 99' lang='lat'><strong>—</strong></span> <span class='ocrx_word' id='word_1_122' title='bbox 633 1956 854 2022; x_wconf 87' lang='lat' dir='ltr'>Instrumento</span> <span class='ocrx_word' id='word_1_123' title='bbox 882 1958 1059 2042; x_wconf 87' lang='lat' dir='ltr'>piscatorio</span> <span class='ocrx_word' id='word_1_124' title='bbox 1087 1979 1163 2024; x_wconf 90' lang='lat' dir='ltr'>con·</span> 
     </span>
     <span class='ocr_line' id='line_1_19' title="bbox 150 2046 1160 2132; baseline 0.001 -20"><span class='ocrx_word' id='word_1_125' title='bbox 150 2047 248 2112; x_wconf 80' lang='lat' dir='ltr'>lineri</span> <span class='ocrx_word' id='word_1_126' title='bbox 266 2046 378 2112; x_wconf 88' lang='lat' dir='ltr'>Aristo</span> <span class='ocrx_word' id='word_1_127' title='bbox 402 2047 448 2111; x_wconf 88' lang='lat' dir='ltr'>ait</span> <span class='ocrx_word' id='word_1_128' title='bbox 471 2047 643 2130; x_wconf 87' lang='lat' dir='ltr'>naucellas‚</span> <span class='ocrx_word' id='word_1_129' title='bbox 666 2068 747 2131; x_wconf 90' lang='lat' dir='ltr'>quae</span> <span class='ocrx_word' id='word_1_130' title='bbox 770 2046 907 2130; x_wconf 89' lang='lat' dir='ltr'>piscium</span> <span class='ocrx_word' id='word_1_131' title='bbox 929 2047 1160 2132; x_wconf 88' lang='lat' dir='ltr'>capiendorum</span> 
     </span>
     <span class='ocr_line' id='line_1_20' title="bbox 151 2138 589 2220; baseline 0.002 -20"><span class='ocrx_word' id='word_1_132' title='bbox 151 2157 250 2201; x_wconf 89' lang='lat' dir='ltr'>causa</span> <span class='ocrx_word' id='word_1_133' title='bbox 273 2138 481 2220; x_wconf 86' lang='lat' dir='ltr'>comparatae</span> <span class='ocrx_word' id='word_1_134' title='bbox 505 2139 589 2202; x_wconf 84' lang='lat' dir='ltr'>sunt.</span> 
     </span>
    </p>
   </div>
   <div class='ocr_carea' id='block_1_9' title="bbox 520 2319 797 2393">
    <p class='ocr_par' dir='ltr' id='par_1_9' title="bbox 520 2319 797 2393">
     <span class='ocr_line' id='line_1_21' title="bbox 520 2319 797 2393; baseline 0.007 -17"><span class='ocrx_word' id='word_1_135' title='bbox 520 2319 567 2378; x_wconf 88' lang='lat' dir='ltr'>De</span> <span class='ocrx_word' id='word_1_136' title='bbox 590 2319 681 2393; x_wconf 71' lang='grc'><strong>119116</strong></span> <span class='ocrx_word' id='word_1_137' title='bbox 703 2319 797 2378; x_wconf 82' lang='lat' dir='ltr'>debiti.</span> 
     </span>
    </p>
   </div>
   <div class='ocr_carea' id='block_1_10' title="bbox 15 2419 1163 3038">
    <p class='ocr_par' dir='ltr' id='par_1_10' title="bbox 242 2419 1162 2505">
     <span class='ocr_line' id='line_1_22' title="bbox 242 2419 1162 2505; baseline 0.002 -21"><span class='ocrx_word' id='word_1_138' title='bbox 242 2420 291 2484; x_wconf 88' lang='grc'>16.</span> <span class='ocrx_word' id='word_1_139' title='bbox 317 2419 355 2485; x_wconf 92' lang='lat' dir='ltr'>D.</span> <span class='ocrx_word' id='word_1_140' title='bbox 369 2421 422 2504; x_wconf 85' lang='lat'>30,</span> <span class='ocrx_word' id='word_1_141' title='bbox 436 2419 478 2485; x_wconf 90' lang='grc'>28</span> <span class='ocrx_word' id='word_1_142' title='bbox 486 2441 534 2505; x_wconf 93' lang='lat' dir='ltr'>pr.</span> <span class='ocrx_word' id='word_1_143' title='bbox 573 2419 733 2504; x_wconf 89' lang='lat' dir='ltr'>Ulpianus</span> <span class='ocrx_word' id='word_1_144' title='bbox 757 2419 841 2484; x_wconf 89' lang='lat' dir='ltr'>libro</span> <span class='ocrx_word' id='word_1_145' title='bbox 863 2440 950 2483; x_wconf 92' lang='lat' dir='ltr'>nono</span> <span class='ocrx_word' id='word_1_146' title='bbox 974 2419 1103 2492; x_wconf 91' lang='lat' dir='ltr'>decimo</span> <span class='ocrx_word' id='word_1_147' title='bbox 1122 2422 1162 2486; x_wconf 89' lang='lat' dir='ltr'>ad</span> 
     </span>
    </p>

    <p class='ocr_par' dir='ltr' id='par_1_11' title="bbox 15 2505 1162 2596">
     <span class='ocr_line' id='line_1_23' title="bbox 15 2505 1162 2596; baseline 0 -22"><span class='ocrx_word' id='word_1_148' title='bbox 15 2551 16 2556; x_wconf 52' lang='lat'><strong>.</strong></span> <span class='ocrx_word' id='word_1_149' title='bbox 152 2507 308 2574; x_wconf 83' lang='lat' dir='ltr'>Sabinum</span> <span class='ocrx_word' id='word_1_150' title='bbox 327 2505 375 2596; x_wconf 92' lang='lat' dir='ltr'>(P.</span> <span class='ocrx_word' id='word_1_151' title='bbox 390 2507 502 2592; x_wconf 84' lang='grc'><strong>2591).</strong></span> <span class='ocrx_word' id='word_1_152' title='bbox 517 2545 559 2554; x_wconf 99' lang='grc'><strong>-</strong></span> <span class='ocrx_word' id='word_1_153' title='bbox 577 2507 611 2573; x_wconf 83' lang='lat' dir='ltr'>si</span> <span class='ocrx_word' id='word_1_154' title='bbox 630 2507 782 2572; x_wconf 87' lang='lat' dir='ltr'>creditori</span> <span class='ocrx_word' id='word_1_155' title='bbox 801 2529 882 2589; x_wconf 90' lang='lat' dir='ltr'>meo,</span> <span class='ocrx_word' id='word_1_156' title='bbox 900 2510 989 2572; x_wconf 89' lang='lat' dir='ltr'>tutus</span> <span class='ocrx_word' id='word_1_157' title='bbox 1009 2509 1162 2574; x_wconf 87' lang='lat' dir='ltr'>adversus</span> 
     </span>
    </p>

    <p class='ocr_par' dir='ltr' id='par_1_12' title="bbox 151 2595 1162 2683">
     <span class='ocr_line' id='line_1_24' title="bbox 151 2595 1162 2683; baseline 0.001 -21"><span class='ocrx_word' id='word_1_158' title='bbox 151 2619 225 2662; x_wconf 94' lang='lat' dir='ltr'>eum</span> <span class='ocrx_word' id='word_1_159' title='bbox 244 2597 441 2683; x_wconf 88' lang='lat' dir='ltr'>exceptione,</span> <span class='ocrx_word' id='word_1_160' title='bbox 458 2596 492 2661; x_wconf 92' lang='lat' dir='ltr'>id</span> <span class='ocrx_word' id='word_1_161' title='bbox 511 2596 595 2679; x_wconf 93' lang='lat' dir='ltr'>quod</span> <span class='ocrx_word' id='word_1_162' title='bbox 615 2597 644 2661; x_wconf 86' lang='lat' dir='ltr'>ei</span> <span class='ocrx_word' id='word_1_163' title='bbox 664 2596 763 2662; x_wconf 85' lang='lat' dir='ltr'>debeo</span> <span class='ocrx_word' id='word_1_164' title='bbox 783 2596 898 2680; x_wconf 81' lang='lat' dir='ltr'>legem,</span> <span class='ocrx_word' id='word_1_165' title='bbox 916 2595 995 2660; x_wconf 90' lang='lat' dir='ltr'>utile</span> <span class='ocrx_word' id='word_1_166' title='bbox 1016 2597 1162 2682; x_wconf 80' lang='lat' dir='ltr'>legatum</span> 
     </span>
    </p>

    <p class='ocr_par' dir='ltr' id='par_1_13' title="bbox 150 2683 1161 2772">
     <span class='ocr_line' id='line_1_25' title="bbox 150 2683 1161 2772; baseline 0.001 -21"><span class='ocrx_word' id='word_1_167' title='bbox 150 2691 212 2771; x_wconf 90' lang='grc'><strong>611,</strong></span> <span class='ocrx_word' id='word_1_168' title='bbox 241 2687 318 2772; x_wconf 91' lang='lat' dir='ltr'>quia</span> <span class='ocrx_word' id='word_1_169' title='bbox 344 2687 479 2751; x_wconf 87' lang='lat' dir='ltr'>remissa</span> <span class='ocrx_word' id='word_1_170' title='bbox 505 2683 578 2769; x_wconf 82' lang='lat' dir='ltr'>(ei)</span> <span class='ocrx_word' id='word_1_171' title='bbox 605 2685 749 2768; x_wconf 85' lang='lat' dir='ltr'>exceptio</span> <span class='ocrx_word' id='word_1_172' title='bbox 773 2684 914 2768; x_wconf 82' lang='lat' dir='ltr'>videtur,</span> <span class='ocrx_word' id='word_1_173' title='bbox 942 2684 1026 2750; x_wconf 89' lang='lat' dir='ltr'>sicut</span> <span class='ocrx_word' id='word_1_174' title='bbox 1050 2687 1161 2752; x_wconf 88' lang='lat' dir='ltr'>Aristo</span> 
     </span>
    </p>

    <p class='ocr_par' dir='ltr' id='par_1_14' title="bbox 149 2773 1163 2861">
     <span class='ocr_line' id='line_1_26' title="bbox 149 2773 1163 2861; baseline 0 -21"><span class='ocrx_word' id='word_1_175' title='bbox 149 2775 198 2840; x_wconf 90' lang='lat' dir='ltr'>ait</span> <span class='ocrx_word' id='word_1_176' title='bbox 221 2774 254 2838; x_wconf 93' lang='lat' dir='ltr'>id</span> <span class='ocrx_word' id='word_1_177' title='bbox 278 2773 363 2859; x_wconf 90' lang='lat' dir='ltr'>quod</span> <span class='ocrx_word' id='word_1_178' title='bbox 385 2775 561 2840; x_wconf 87' lang='lat' dir='ltr'>honoraria</span> <span class='ocrx_word' id='word_1_179' title='bbox 585 2775 710 2840; x_wconf 89' lang='lat' dir='ltr'>actione</span> <span class='ocrx_word' id='word_1_180' title='bbox 734 2773 815 2838; x_wconf 90' lang='lat' dir='ltr'>mihi</span> <span class='ocrx_word' id='word_1_181' title='bbox 834 2773 969 2838; x_wconf 84' lang='lat' dir='ltr'>debetur</span> <span class='ocrx_word' id='word_1_182' title='bbox 988 2773 1016 2839; x_wconf 90' lang='lat' dir='ltr'>si</span> <span class='ocrx_word' id='word_1_183' title='bbox 1034 2775 1163 2861; x_wconf 81' lang='lat' dir='ltr'>legetur</span> 
     </span>
    </p>

    <p class='ocr_par' dir='ltr' id='par_1_15' title="bbox 15 2861 1161 3038">
     <span class='ocr_line' id='line_1_27' title="bbox 15 2861 1161 2949; baseline 0.001 -20"><span class='ocrx_word' id='word_1_184' title='bbox 15 2903 16 2912; x_wconf 57' lang='lat'><strong>.</strong></span> <span class='ocrx_word' id='word_1_185' title='bbox 150 2863 246 2943; x_wconf 92' lang='lat' dir='ltr'>mihi,</span> <span class='ocrx_word' id='word_1_186' title='bbox 277 2864 420 2948; x_wconf 82' lang='lat' dir='ltr'>legatum</span> <span class='ocrx_word' id='word_1_187' title='bbox 453 2863 574 2946; x_wconf 83' lang='lat' dir='ltr'>valere,</span> <span class='ocrx_word' id='word_1_188' title='bbox 606 2862 683 2949; x_wconf 89' lang='lat' dir='ltr'>quia</span> <span class='ocrx_word' id='word_1_189' title='bbox 710 2862 814 2928; x_wconf 86' lang='lat' dir='ltr'>civilis</span> <span class='ocrx_word' id='word_1_190' title='bbox 842 2861 923 2927; x_wconf 92' lang='lat' dir='ltr'>mihi</span> <span class='ocrx_word' id='word_1_191' title='bbox 952 2861 1047 2928; x_wconf 93' lang='lat' dir='ltr'>datur</span> <span class='ocrx_word' id='word_1_192' title='bbox 1075 2864 1161 2930; x_wconf 91' lang='lat' dir='ltr'>actio</span> 
     </span>
     <span class='ocr_line' id='line_1_28' title="bbox 148 2952 416 3038; baseline 0.007 -20"><span class='ocrx_word' id='word_1_193' title='bbox 148 2975 209 3038; x_wconf 89' lang='lat' dir='ltr'>pro</span> <span class='ocrx_word' id='word_1_194' title='bbox 231 2952 416 3020; x_wconf 86' lang='lat' dir='ltr'>honoraria.</span> 
     </span>
    </p>
   </div>
   <div class='ocr_carea' id='block_1_11' title="bbox 15 3082 1161 3446">
    <p class='ocr_par' dir='ltr' id='par_1_16' title="bbox 15 3082 1161 3446">
     <span class='ocr_line' id='line_1_29' title="bbox 500 3082 815 3157; baseline -0.006 -16"><span class='ocrx_word' id='word_1_195' title='bbox 500 3083 547 3142; x_wconf 83' lang='lat' dir='ltr'>De</span> <span class='ocrx_word' id='word_1_196' title='bbox 569 3082 655 3157; x_wconf 69' lang='lat' dir='ltr'>leyati</span> <span class='ocrx_word' id='word_1_197' title='bbox 674 3083 815 3156; x_wconf 71' lang='lat' dir='ltr'>petitione.</span> 
     </span>
     <span class='ocr_line' id='line_1_30' title="bbox 242 3181 1161 3268; baseline -0.001 -20"><span class='ocrx_word' id='word_1_198' title='bbox 242 3184 283 3248; x_wconf 84' lang='grc'>11</span> <span class='ocrx_word' id='word_1_199' title='bbox 286 3234 292 3247; x_wconf 92' lang='grc'><strong>.</strong></span> <span class='ocrx_word' id='word_1_200' title='bbox 312 3183 475 3268; x_wconf 69' lang='grc'><strong>1131188.</strong></span> <span class='ocrx_word' id='word_1_201' title='bbox 512 3182 694 3249; x_wconf 87' lang='lat' dir='ltr'>Marcianus</span> <span class='ocrx_word' id='word_1_202' title='bbox 708 3183 793 3247; x_wconf 90' lang='lat' dir='ltr'>libro</span> <span class='ocrx_word' id='word_1_203' title='bbox 809 3185 900 3247; x_wconf 84' lang='lat' dir='ltr'>sexto</span> <span class='ocrx_word' id='word_1_204' title='bbox 913 3181 1161 3249; x_wconf 89' lang='lat' dir='ltr'>Institutionum</span> 
     </span>
     <span class='ocr_line' id='line_1_31' title="bbox 15 3263 1161 3359; baseline 0 -23"><span class='ocrx_word' id='word_1_205' title='bbox 15 3263 16 3278; x_wconf 50' lang='lat'>¹</span> <span class='ocrx_word' id='word_1_206' title='bbox 165 3271 199 3338; x_wconf 94' lang='lat' dir='ltr'><strong>P.</strong></span> <span class='ocrx_word' id='word_1_207' title='bbox 223 3269 311 3358; x_wconf 86' lang='lat'><strong>104).</strong></span> <span class='ocrx_word' id='word_1_208' title='bbox 335 3309 376 3320; x_wconf 89' lang='lat'>—</span> <span class='ocrx_word' id='word_1_209' title='bbox 400 3274 478 3337; x_wconf 88' lang='grc'><strong>..11</strong></span> <span class='ocrx_word' id='word_1_210' title='bbox 506 3293 573 3337; x_wconf 90' lang='lat' dir='ltr'>non</span> <span class='ocrx_word' id='word_1_211' title='bbox 601 3271 681 3359; x_wconf 85' lang='lat' dir='ltr'>alias</span> <span class='ocrx_word' id='word_1_212' title='bbox 705 3271 809 3338; x_wconf 85' lang='lat' dir='ltr'>voluit</span> <span class='ocrx_word' id='word_1_213' title='bbox 830 3275 924 3354; x_wconf 86' lang='lat' dir='ltr'>pater</span> <span class='ocrx_word' id='word_1_214' title='bbox 944 3271 1065 3337; x_wconf 88' lang='lat' dir='ltr'>habere</span> <span class='ocrx_word' id='word_1_215' title='bbox 1088 3295 1161 3337; x_wconf 87' lang='lat' dir='ltr'>eum</span> 
     </span>
     <span class='ocr_line' id='line_1_32' title="bbox 165 3358 1161 3446; baseline -0.002 -20"><span class='ocrx_word' id='word_1_216' title='bbox 165 3382 207 3426; x_wconf 87' lang='lat' dir='ltr'>sc.</span> <span class='ocrx_word' id='word_1_217' title='bbox 235 3361 352 3444; x_wconf 86' lang='lat' dir='ltr'>filium,</span> <span class='ocrx_word' id='word_1_218' title='bbox 386 3361 439 3426; x_wconf 89' lang='lat' dir='ltr'>eui</span> <span class='ocrx_word' id='word_1_219' title='bbox 469 3360 580 3426; x_wconf 87' lang='lat' dir='ltr'>heredi</span> <span class='ocrx_word' id='word_1_220' title='bbox 612 3382 671 3445; x_wconf 89' lang='lat' dir='ltr'>pro</span> <span class='ocrx_word' id='word_1_221' title='bbox 703 3365 798 3445; x_wconf 86' lang='lat' dir='ltr'>parte</span> <span class='ocrx_word' id='word_1_222' title='bbox 829 3358 983 3425; x_wconf 86' lang='lat' dir='ltr'>instituto</span> <span class='ocrx_word' id='word_1_223' title='bbox 1016 3361 1161 3446; x_wconf 78' lang='lat' dir='ltr'>legatum</span> 
     </span>
    </p>
   </div>
   <div class='ocr_carea' id='block_1_12' title="bbox 15 3448 1228 3630">
    <p class='ocr_par' dir='ltr' id='par_1_17' title="bbox 15 3448 1228 3630">
     <span class='ocr_line' id='line_1_33' title="bbox 150 3448 1162 3535; baseline -0.003 -21"><span class='ocrx_word' id='word_1_224' title='bbox 150 3471 278 3535; x_wconf 86' lang='lat' dir='ltr'>quoque</span> <span class='ocrx_word' id='word_1_225' title='bbox 310 3448 456 3535; x_wconf 82' lang='lat' dir='ltr'>reliquit)</span> <span class='ocrx_word' id='word_1_226' title='bbox 489 3450 648 3534; x_wconf 78' lang='lat' dir='ltr'>legatum,</span> <span class='ocrx_word' id='word_1_227' title='bbox 680 3449 745 3513; x_wconf 87' lang='lat' dir='ltr'>nisi</span> <span class='ocrx_word' id='word_1_228' title='bbox 770 3449 984 3513; x_wconf 89' lang='lat' dir='ltr'>hereditatem</span> <span class='ocrx_word' id='word_1_229' title='bbox 1013 3450 1162 3530; x_wconf 84' lang='lat' dir='ltr'>retineat,</span> 
     </span>
     <span class='ocr_line' id='line_1_34' title="bbox 15 3535 1228 3630; baseline -0.003 -28"><span class='ocrx_word' id='word_1_230' title='bbox 15 3583 16 3630; x_wconf 75' lang='lat'>1</span> <span class='ocrx_word' id='word_1_231' title='bbox 149 3541 227 3604; x_wconf 89' lang='lat' dir='ltr'>tunc</span> <span class='ocrx_word' id='word_1_232' title='bbox 250 3560 353 3627; x_wconf 81' lang='lat' dir='ltr'>neque</span> <span class='ocrx_word' id='word_1_233' title='bbox 373 3538 525 3602; x_wconf 85' lang='lat' dir='ltr'>adversus</span> <span class='ocrx_word' id='word_1_234' title='bbox 545 3535 733 3603; x_wconf 87' lang='lat' dir='ltr'>coheredem</span> <span class='ocrx_word' id='word_1_235' title='bbox 752 3536 891 3601; x_wconf 86' lang='lat' dir='ltr'>dandam</span> <span class='ocrx_word' id='word_1_236' title='bbox 911 3535 940 3600; x_wconf 92' lang='lat' dir='ltr'>ei</span> <span class='ocrx_word' id='word_1_237' title='bbox 958 3537 1059 3622; x_wconf 79' lang='lat' dir='ltr'>legati</span> <span class='ocrx_word' id='word_1_238' title='bbox 1078 3535 1161 3620; x_wconf 89' lang='lat' dir='ltr'>peti·</span> <span class='ocrx_word' id='word_1_239' title='bbox 1216 3613 1228 3615; x_wconf 45' lang='grc'>-</span> 
     </span>
    </p>
   </div>
   <div class='ocr_carea' id='block_1_13' title="bbox 0 0 1312 3912">
    <p class='ocr_par' dir='ltr' id='par_1_18' title="bbox 0 0 1312 3912">
     <span class='ocr_line' id='line_1_35' title="bbox 0 0 1312 3912; baseline 0 1"><span class='ocrx_word' id='word_1_240' title='bbox 0 0 1312 3912; x_wconf 95' lang='lat' dir='ltr'> </span> 
     </span>
    </p>
   </div>
  </div>
 </body>
</html>
