2614 3912
447 243 471 292 6,
494 233 699 290 IAVOLENUS
718 233 866 290 PRISGUS
1080 236 1156 301 «419

152 396 294 463 Seroinin
325 400 512 481 resnondbse
542 398 659 482 scribit,
690 399 764 480 qnia
795 399 938 464 dominns
964 419 1046 465 servo
1077 400 1158 465 nibil

150 487 252 552 debere
279 489 434 569 nonlicet.
478 508 529 571 eoo
556 491 633 569 pitto
664 488 828 552 secundnm
850 493 978 553 mentem
1006 490 1157 555 testonis

150 577 416 730 iiiiiiekaiiliibs
437 597 530 659 anana
553 576 640 641 civile
661 575 794 640 debitam
816 577 1011 658 spectandam
1033 598 1106 662 esce,
1129 581 1159 644 et

212 829 258 888 De
281 847 312 889 eo
335 833 382 890 eni
402 831 528 905 fandnna
549 809 669 890 condere
692 833 765 890 certo
782 832 877 904 pretio
900 831 1024 891 donnas
1046 835 1094 892 est.

239 940 291 1005 66.
313 938 351 1006 D.
367 941 419 1024 32,
433 941 485 1026 30,
499 940 529 1005 3.
566 940 672 1006 Labeo
686 941 770 1006 libro
786 940 924 1005 seeundo
939 941 1156 1023 posteriorum

150 1050 170 1093 a
192 1027 345 1094 Iavoleno
372 1030 630 1114 epitomatorem.
654 1066 696 1076 —
719 1027 757 1095 Si
777 1029 911 1110 fnndnrn
933 1029 1011 1094 inibi
1032 1031 1157 1096 vendere

148 1119 226 1183 cerlo
249 1119 349 1200 pretio
378 1118 580 1203 domnc[tn]s
602 1139 642 1204 es,
664 1118 785 1184 nnllam
805 1117 943 1199 frnetnrn
965 1119 1030 1183 eins
1052 1119 1097 1183 rei
1119 1140 1157 1185 ea

148 1207 317 1272 venditione
338 1209 472 1289 enciaaere
494 1209 550 1274 tibi
571 1208 699 1273 libernrn
721 1208 787 1291 erit,
809 1207 885 1289 qnia
907 1208 941 1272 id
956 1208 1093 1289 pretinm
1114 1208 1158 1273 ad

148 1299 243 1360 totam
266 1315 392 1361 concern
412 1297 507 1378 fnndi
522 1299 665 1380 petinet.

280 1479 457 1554 Leontornm
479 1481 688 1540 servandornm
710 1497 801 1540 coneo
822 1484 856 1538 nt
878 1483 1022 1539 ceneotnr.

237 1589 288 1654 67.
316 1587 355 1653 D.
370 1587 422 1672 36,
436 1590 466 1673 4,
482 1590 530 1655 14.
566 1588 674 1654 Labeo
688 1589 772 1653 libro
788 1588 926 1654 seeundo
941 1589 1153 1673 posteriorum

149 1676 346 1742 aIsvoleno
381 1679 638 1762 epitomatorem.
664 1713 702 1726 —
729 1677 813 1758 Qnae
841 1679 1007 1760 bonlanden
1032 1698 1155 1743 servan

148 1765 259 1830 dorm
285 1787 380 1832 cansa
406 1767 441 1831 in
468 1766 555 1833 bonis
581 1771 637 1849 est,
666 1769 700 1832 in
721 1787 817 1833 consa
838 1768 973 1832 vescendi
994 1768 1155 1846 deminuet,

147 1855 177 1938 si
201 1855 271 1938 filia
297 1857 395 1938 neptis
415 1857 575 1940 proneptis
599 1877 714 1922 tannae
736 1861 811 1922 esset
836 1876 890 1922 noc
916 1861 1014 1938 nnnta
1040 1858 1082 1922 sit
1102 1877 1155 1933 nec

146 1963 238 2009 snam
259 1944 421 2028 quicquain
443 1945 558 2011 babeat.

403 2128 450 2187 De
472 2130 562 2203 leonto
585 2130 775 2189 condicionali
796 2131 901 2188 relicto.

234 2236 286 2302 68.
309 2234 348 2301 D.
364 2237 416 2321 35,
436 2246 463 2324 1,
478 2239 573 2324 40pr.
615 2239 702 2304 Idem
722 2235 781 2324 (so.
798 2234 1085 2392 Iamlenusiuiibm
1105 2259 1152 2302 se·
1202 2233 1205 2240 ’

145 2325 249 2390 cundo
287 2347 325 2390 ex
360 2328 593 2410 posterioribus
625 2326 793 2393 Labeonis.
827 2363 869 2374 —-
904 2325 964 2406 Qni
1049 2327 1153 2392 diebns

145 2414 265 2479 vicinas
288 2420 359 2480 tnnc
382 2417 478 2480 tenio
489 2417 623 2498 publico,
646 2437 716 2482 nin
734 2418 777 2480 ad
790 2417 964 2498 porendnin
982 2417 1153 2481 condicioni

144 2503 190 2568 ine
216 2503 316 2586 beiloe,
343 2505 389 2568 ire
406 2504 598 2587 prohibuerit
618 2508 688 2584 [nec
704 2525 763 2587 per
786 2511 813 2569 te
835 2508 940 2581 staret,
966 2524 1025 2584 qao
1048 2505 1152 2569 minna

144 2593 260 2674 abendo
282 2593 317 2656 ob
338 2593 512 2658 calumnias
528 2615 597 2659 enin
614 2595 827 2675 sonnoveas]‚
849 2592 883 2657 bi
901 2593 964 2657 dies
982 2593 1153 2657 condicioni

142 2701 207 2745 non
228 2681 471 2764 innectebantur.

233 2773 352 2836 Inclusa
374 2775 466 2836 verbe
485 2795 503 2836 e
522 2774 702 2836 Tribonieno
721 2775 823 2835 addita
841 2792 906 2834 esse
925 2773 1047 2834 Pernioe
1065 2773 1150 2836 vidit.

639 2948 656 3014 ?

233 3063 284 3129 69.
313 3063 352 3130 Ι).
367 3063 419 3148 50,
436 3066 486 3148 16,
499 3065 574 3149 242,
589 3066 618 3130 3.
660 3061 832 3129 Iavolenus
850 3063 933 3129 libro
954 3062 1091 3129 seeundo
1112 3087 1150 3128 ex

140 3153 379 3236 posterioribus
406 3154 575 3220 Labeonis.
606 3190 643 3202 —
674 3152 838 3220 ‘Vidnam'
864 3173 928 3218 non
951 3154 1050 3219 solnm
1073 3173 1150 3238 corn,

140 3261 221 3328 qnae
242 3242 410 3326 aliqnando
432 3249 531 3327 nepta
551 3244 668 3326 fnisset,
690 3243 743 3309 sed
764 3263 832 3307 carn
850 3263 965 3325 annae
982 3242 1149 3321 nnli'erena,

139 3351 219 3414 qnae
250 3333 352 3396 neuin
382 3353 446 3398 non
476 3333 640 3417 latuisset,
671 3333 824 3416 appellari
850 3333 902 3398 ait
927 3331 1040 3416 Labeo,
1075 3332 1150 3412 qnia

138 3421 235 3485 mdno
257 3421 302 3485 sic
323 3422 405 3487 diota
427 3427 472 3488 est
491 3422 583 3505 qnasi
604 3442 716 3500 neore,
739 3440 877 3505 manns,
899 3421 953 3503 qni
974 3421 1041 3486 sine
1062 3419 1150 3484 corde

138 3514 198 3574 ant
226 3511 360 3576 sanitate
390 3516 480 3588 essen
516 3511 660 3576 similiter
690 3511 816 3575 eidnam
847 3510 961 3575 dictam
991 3528 1053 3574 esse
1082 3508 1149 3573 sine

135 3599 263 3664 dnitatc.

882 3697 936 3753 st*
