2590 3902
160 201 227 266 254
253 201 299 257 IV.
315 198 532 256 VESPASIANI
546 199 621 255 ΤΙΤΙ
635 200 830 257 DOMITIANI
844 203 951 258 TEMP.
965 202 1062 258 IURIS
1077 203 1181 263 CONS.

55 357 59 364 ’
161 370 194 430 et
221 365 293 448 capi
320 386 387 429 non
413 368 562 448 possent,
590 386 692 449 neque
720 364 773 430 lex
795 366 957 431 vendundi
980 368 1180 452 opperienda

160 459 255 537 esset,
270 453 325 517 sed
344 453 446 519 oculis
464 453 530 517 iam
549 455 782 539 praeciperent,
801 454 962 540 quodnam
983 461 1068 521 esset
1086 479 1179 522 man-

159 544 318 628 cipiorum
341 563 453 627 genus,
476 543 576 625 sicuti,
599 543 717 626 inquit,
740 545 912 626 antiquitas
932 546 1091 628 maaczpia
1109 549 1180 612 iare

159 631 231 698 belli
252 636 344 714 capta
366 633 487 698 aronis
509 633 620 697 irritata
643 632 802 697 ueniebant
822 634 981 699 etidcirco
999 635 1180 700 dicebantur

158 721 215 786 sub
241 741 353 786 corona
378 721 489 786 venire.
538 741 671 802 rramqae
696 727 733 786 at
757 742 793 786 ea
820 742 937 787 corona
963 724 1087 806 sipama
1109 731 1181 790 erat

158 811 351 893 captivorum
372 810 535 890 renalium,
558 811 605 875 tta
619 810 736 892 pitteus
757 812 920 894 impositas
938 813 1179 898 demonstrabat,

159 899 308 965 eiusmodi
329 918 431 965 servos
452 901 635 983 venundari,
656 919 788 982 quoram
810 902 934 966 nomiae
956 903 1085 985 emptori
1104 923 1178 968 oere-

157 990 239 1054 ditor
261 987 343 1054 nibil
360 993 540 1072 praestaret.

247 1095 300 1160 20.
329 1095 370 1160 D.
384 1096 437 1178 21,
453 1095 482 1179 1,
496 1094 548 1159 20.
595 1093 694 1159 Gaius
723 1094 806 1161 libro
834 1097 940 1180 primo
969 1097 1010 1162 ad
1034 1096 1179 1163 edietum

159 1184 318 1249 aedilium
341 1184 500 1249 curulium
524 1181 572 1266 (P.
588 1183 677 1268 381).
703 1219 741 1230 —-
767 1182 802 1249 si
824 1235 854 1251 ..
878 1190 953 1251 ante
976 1187 1177 1252 venditionis

158 1277 287 1358 tempus
313 1273 436 1338 dictum
458 1272 694 1357 intercesserit,
722 1273 934 1358 deindepost
958 1275 1083 1359 aliquot
1106 1276 1177 1342 dies

158 1363 354 1446 interposita
384 1361 485 1426 fuerit
516 1361 700 1444 stipulatio,
733 1360 861 1428 Caelius
891 1360 1031 1429 Sabinus
1061 1366 1179 1430 scribit

159 1474 198 1516 ex
216 1453 323 1536 priore
347 1472 453 1533 eausa,
476 1470 558 1534 quae
578 1451 699 1528 statim,
723 1451 837 1535 inquit,
856 1456 892 1517 ut
911 1453 1013 1518 veniit
1031 1453 1064 1516 id
1083 1452 1176 1519 man·

158 1542 278 1625 cipium
302 1561 340 1604 eo
363 1540 494 1604 nomine
517 1560 612 1623 posse
636 1560 732 1624 agere
756 1542 872 1625 coepit.

247 1651 402 1726 Quomodo
422 1651 506 1710 locus
524 1650 607 1709 varie
622 1653 759 1712 tentatus
776 1652 930 1713 emendari
945 1653 1053 1714 debeat
1066 1655 1175 1716 nescio.

454 1822 505 1888 De
526 1824 672 1889 iumentis
693 1826 873 1891 vendundis.

246 1949 298 2013 21.
319 1946 553 2031 D.21,1,38‚7.
576 1947 666 2013 Idem
677 1946 734 2036 (se.
743 1947 919 2034 Ulpianus)
934 1950 1018 2016 libro
1033 1952 1175 2018 seeundo

157 2035 196 2100 ad
226 2037 368 2101 edictum
396 2037 549 2101 aedilium
577 2038 736 2102 curulium
764 2036 813 2126 (P.
834 2035 945 2126 1792).
974 2076 1013 2086 —
1044 2037 1174 2106 (laelius

157 2174 188 2190 ..
217 2125 332 2190 scribit
359 2146 423 2190 non
453 2128 562 2189 omnia
590 2126 744 2191 animalia
771 2133 913 2192 castrata
941 2127 982 2193 ob
1008 2129 1040 2193 id
1064 2129 1174 2214 ipsum

157 2215 275 2279 vitiosa
307 2235 390 2294 esse,
426 2214 490 2278 nisi
521 2219 654 2299 propter
686 2215 791 2300 ipsam
824 2217 1053 2282 castrationem
1084 2218 1175 2284 facta

157 2308 233 2368 sunt
261 2303 486 2388 imbecilliora,
511 2307 544 2368 et
569 2304 642 2369 ideo
670 2304 795 2369 mulum
822 2327 888 2370 non
917 2327 986 2372 esse
1009 2307 1174 2376 vitiosum.

155 2391 241 2458 idem
255 2392 355 2458 refert
365 2390 498 2456 Ofilium
513 2393 725 2476 existimasse,
735 2415 853 2478 equum
868 2398 1046 2460 castratum
1057 2418 1173 2462 sanum

157 2503 240 2565 esse,
273 2482 368 2548 sicuti
398 2482 498 2568 spado
528 2503 655 2567 quoque
683 2504 780 2547 sanus
809 2487 872 2568 est,
905 2484 960 2549 sed
990 2485 1017 2548 si
1046 2490 1174 2568 emptor

156 2572 334 2657 ignoravit,
356 2571 504 2637 venditor
528 2571 603 2656 seit,
626 2593 665 2634 ex
688 2575 797 2655 empto
821 2595 891 2637 esse
914 2572 1083 2641 actionem.

245 2684 345 2744 Eisele
370 2684 400 2744 Z.
416 2683 441 2742 d.
457 2682 593 2744 Sav.·St.
608 2682 643 2757 X,
660 2685 722 2743 314
733 2702 776 2761 sq.

245 2787 297 2851 22.
321 2785 360 2850 D.
374 2785 451 2850 ibid.
467 2787 487 2866 ἓ,
505 2787 542 2850 11
560 2783 610 2870 (Ρ.
627 2785 736 2869 1793).
759 2821 804 2832 -
827 2783 995 2851 Vendendi
1020 2836 1048 2854 ..
1073 2807 1173 2852 causa

156 2879 306 2940 ornatum
320 2875 499 2939 iumentum
514 2875 613 2938 videri
628 2871 756 2939 Caelius
772 2876 819 2939 ait
830 2896 906 2959 non,
925 2875 953 2939 si
967 2875 1028 2941 sub
1041 2878 1171 2961 tempus

156 2962 355 3028 venditionis
379 2964 453 3043 [hoe
477 2966 527 3027 est
549 2961 648 3026 biduo
673 2967 748 3028 ante
766 2963 998 3048 venditionem]
1018 2970 1171 3030 ornatum

156 3053 212 3135 sit,
241 3051 296 3115 sed
325 3051 352 3114 si
380 3054 415 3114 in
441 3052 513 3135 ipsa
540 3050 725 3116 venditione
754 3057 904 3117 ornatum
927 3054 983 3138 sit,
1010 3053 1082 3117 ideo
1106 3052 1172 3140 ut¹,

154 3137 275 3222 inquit,
298 3139 411 3204 venale
434 3161 507 3204 curn
532 3143 618 3202 esset
640 3141 686 3204 sic
710 3143 858 3205 ornatum
881 3143 1102 3226 inspiceretur.

244 3245 309 3310 23?
328 3244 409 3309 Gall.
419 3246 449 3324 4,
460 3247 488 3326 2,
500 3247 528 3310 8.
544 3269 589 3291 ¹·-
612 3243 691 3311 Sues
711 3246 808 3310 etiam
827 3247 967 3313 feminae
991 3248 1019 3312 si
1038 3249 1170 3315 sterilae

156 3339 264 3400 essent
292 3338 325 3398 et
348 3355 463 3398 venum
486 3335 600 3417 issent,
630 3357 669 3399 ex
691 3334 796 3400 edicto
820 3337 972 3402 aedilium
994 3359 1090 3423 posse
1114 3339 1171 3424 agi

155 3422 339 3489 Labeonem
364 3423 540 3507 scripsisse.

228 3588 241 3635 1
262 3581 309 3636 Fl.
328 3580 467 3637 antideo.
