2590 3902
189 239 254 303 268
291 238 324 292 V.
343 237 493 293 NERVAE
512 236 558 290 ΕΤ
578 235 730 290 TRAIANI
748 237 856 292 TEMP.
874 237 970 292 IURIS
990 237 1170 292 CONSULTI

187 407 270 484 VIM,
286 406 380 466 2478.
401 407 486 466 4676
511 399 615 484 (66166
638 405 749 464 Gruter
767 406 858 466 Inscr.
878 427 907 483 p.
921 406 1027 482 XLIX,
1043 409 1070 466 6.
1090 403 1198 465 Orelli·

187 496 309 555 Henzen
336 494 396 569 III,
417 496 511 553 6498.
532 496 627 555 7081.
667 495 703 554 cf.
726 493 896 554 Wilmanns
924 495 1068 571 Exempla
1097 484 1198 575 1172)

187 583 348 644 memoriae
371 582 524 659 proditum
547 584 601 642 est.

275 672 376 747 Atque
390 671 591 748 Heinecoium,
609 671 690 747 quod
703 671 772 732 hist.
783 671 840 731 iur.
850 669 870 747 ἓ
881 670 1029 731 OCLXHI
1043 671 1200 731 Minicium

187 761 322 839 legatum
336 759 467 839 Augusti
485 779 539 836 pro
558 762 696 836 praetore
715 760 886 837 provinciae
899 760 1029 820 Moesiae
1048 759 1200 820 inferioris

188 850 280 909 fuisse
296 849 494 924 existimabat,
516 849 662 910 erravisse
680 848 741 907 iam
760 852 886 926 constat,
905 869 974 909 cum
992 850 1111 927 legatus
1130 869 1200 926 pro-

187 938 304 1000 vinciae
322 941 391 1015 post
409 957 435 997 a.
452 940 513 997 127
535 936 709 1014 praefuerit.
732 937 835 1014 itaque
850 956 918 997 cum
931 938 954 996 ii
967 957 1095 1016 qnorum
1109 938 1201 998 hono·

190 1045 238 1087 res
257 1027 288 1085 in
306 1025 550 1102 inscriptionibus
570 1026 754 1104 referuntur,
772 1025 853 1086 filius
872 1028 904 1086 et
923 1030 1009 1103 pater
1032 1026 1100 1099 sint,
1123 1027 1202 1086 11166

188 1118 307 1176 tantum
344 1114 514 1191 quaeritur,
549 1133 622 1172 num
657 1113 733 1173 iuris
764 1115 878 1190 peritus
911 1114 963 1174 ille
994 1115 1135 1174 Minicius
1169 1117 1202 1174 61

188 1206 222 1264 L.
254 1203 392 1263 Minicius
424 1202 543 1262 Natalis
581 1205 667 1279 puter
702 1203 793 1262 iidem
828 1202 958 1262 habendi
992 1204 1061 1262 sint.
1120 1204 1203 1281 quod

187 1294 224 1353 K.
247 1293 364 1352 Viertel
395 1291 427 1350 in
460 1291 668 1350 dissertatione
696 1291 870 1351 doctissima
897 1311 956 1368 qua
984 1285 1081 1353 ‘Nova
1108 1311 1202 1368 quae-

190 1384 259 1441 dam
282 1382 319 1439 de
341 1379 413 1441 vitis
437 1374 731 1440 iurisconsultorum’
756 1381 885 1455 profert,
912 1400 941 1457 p.
959 1384 998 1439 21
1012 1399 1054 1457 sq.
1072 1440 1074 1446 ,
1095 1400 1204 1440 verum

189 1489 253 1530 esse
274 1472 374 1548 negat,
393 1468 544 1545 plerisque
558 1486 671 1545 eorum,
685 1468 737 1545 qui
751 1472 857 1544 postea
877 1467 913 1527 66
932 1469 988 1528 hac
1003 1488 1036 1529 re
1050 1468 1203 1548 dixerunt,

189 1559 326 1637 quamvis
341 1555 516 1616 dubitanter
529 1556 794 1632 adstipulantibus.
818 1557 854 1616 cf.
864 1556 1006 1617 Karlowa
1019 1557 1035 1614 Ι
1047 1577 1076 1632 p.
1088 1559 1202 1635 lOOsq.

189 1647 327 1721 Krueger
351 1646 461 1704 2161
487 1645 608 1704 6125.
645 1645 727 1703 Buhl
753 1645 862 1704 Iulian.
882 1665 909 1720 p.
926 1646 977 1706 54.
1002 1645 1095 1704 Lenel
1118 1647 1150 1705 P.
1170 1646 1203 1705 Π

190 1736 321 1794 661699
349 1752 377 1791 n.
399 1737 425 1792 1.
458 1732 746 1809 prosopcgraphiam
770 1735 871 1792 autem
894 1734 947 1810 qui
970 1739 1204 1810 composuerunt

191 1823 246 1883 viri
273 1820 450 1897 doctissimi,
477 1820 613 1880 Minicios
640 1821 709 1880 illos
736 1821 780 1881 ita
808 1820 941 1882 diversos
970 1841 1035 1881 6666
1057 1822 1203 1900 16616661,

190 1914 225 1968 61
248 1910 324 1968 hano
350 1909 556 1986 quaestionem
583 1928 620 1967 ne
648 1909 802 1986 attingant
823 1908 944 1986 quidem
969 1905 1019 1988 (cf.
1033 1909 1065 1969 11
1082 1931 1110 1987 p.
1127 1913 1203 1972 376.

191 1989 280 2078 379).
325 1997 419 2056 nihilo
447 1997 544 2056 minus
572 1997 608 2056 de
635 2016 667 2056 re
695 1998 864 2057 accuratius
891 1998 1054 2058 videndum
1079 2001 1142 2077 est,
1172 2005 1205 2059 et

190 2087 235 2146 ita
249 2086 378 2162 quidem,
392 2087 428 2145 ut
446 2085 528 2146 illius
547 2103 664 2162 quoque
678 2085 799 2163 Minicii,
819 2085 857 2144 66
875 2106 964 2163 quern
978 2087 1092 2146 Plinius
1115 2090 1202 2166 7,12

191 2175 295 2234 scribit
318 2173 615 2252 6116316Μ1616166,
638 2174 674 2232 66
698 2193 759 2251 qua
776 2173 869 2233 Gaius
895 2178 923 2254 1,
940 2177 979 2235 78
1004 2178 1035 2234 61
1052 2175 1204 2252 Ulpianus

190 2264 222 2322 in
256 2262 333 2323 libro
366 2262 512 2340 singulari
543 2263 728 2340 Regularum
764 2264 912 2340 quaedam
947 2264 1088 2342 afferunt,
1122 2265 1204 2324 ratio

190 2351 345 2412 habeatur.

280 2441 302 2500 I.
334 2439 474 2501 Minicius
497 2439 557 2516 ille,
580 2457 670 2516 quern
691 2437 874 2515 Pomponius
896 2439 1043 2517 16666611,
1065 2440 1204 2502 16116666

193 2529 361 2606 adnotavit,
389 2548 459 2588 cum
482 2527 586 2588 Sabini
612 2545 790 2604 responsum
811 2528 932 2588 rettulit
955 2521 1005 2610 (D.
1027 2531 1121 2606 19,1,
1138 2533 1204 2604 6,4

193 2613 348 2678 ‘Sabinum
370 2617 559 2694 respondisse
578 2616 717 2676 Minicius
739 2609 867 2697 refert'),
891 2620 955 2676 tum
975 2617 1040 2694 ipse
1058 2636 1206 2694 responsa

192 2703 276 2768 dedit
303 2701 351 2788 (D.
373 2709 401 2785 6,
419 2711 445 2780 1,
461 2708 500 2765 61
532 2700 680 2765 ‘Minicius
706 2706 910 2784 interrogatus
938 2750 998 2765 ...
1026 2702 1205 2783 respondit'.

191 2797 226 2858 D.
243 2799 294 2875 33,
309 2799 372 2869 3,1
397 2795 569 2854 16116611
595 2813 631 2854 ex
653 2794 774 2856 Minicio
800 2788 819 2853 ³.
834 2837 863 2854 ..
888 2794 1058 2871 quaesitum
1079 2799 1127 2854 est

192 2885 353 2960 respondit.
386 2883 523 2943 Iulianus
540 2886 626 2942 notat
645 2877 732 2962 ...').
756 2884 829 2960 quin
847 2883 939 2942 etiam
957 2884 1084 2944 eundem
1102 2884 1205 2960 ipsum

192 2973 359 3031 Masurium
387 2971 423 3031 66
448 2972 513 3031 1666
535 2971 736 3047 interrogasse
759 2971 817 3032 viri
840 2971 921 3032 docti
942 2972 1077 3049 plerique
1101 2974 1205 3034 existi·

192 3063 284 3138 mant,
312 3060 384 3136 quia
409 3060 441 3118 in
464 3059 575 3119 Iuliani
597 3059 673 3117 libro
696 3059 740 3117 IV
764 3079 799 3118 ex
822 3060 942 3120 Minicio
965 3061 1039 3120 haec
1061 3061 1206 3140 legantur

193 3140 245 3229 (D.
261 3150 364 3224 12,1,
380 3140 450 3227 22):
474 3141 493 3206 ².
509 3191 537 3207 ..
562 3147 731 3223 quaesitum
755 3150 801 3206 est
821 3191 850 3209 ..
866 3195 873 3209 .
897 3148 1024 3209 Sabinus
1048 3151 1205 3227 respondit

194 3283 243 3297 ...
265 3236 450 3314 interrogavi
530 3228 705 3313 respondit?
747 3235 799 3295 sed
822 3255 890 3296 cum
908 3238 1044 3297 Iulianus
1065 3238 1097 3297 in
1115 3240 1205 3301 libris

193 3344 229 3383 ex
256 3324 390 3402 Minicio,
422 3326 453 3382 in
481 3324 589 3401 quibus
617 3325 738 3401 propria
766 3344 882 3401 quoque
913 3345 1056 3403 responsa
1082 3327 1206 3388 videtur

193 3413 383 3490 proposuisse
403 3405 452 3492 (D.
469 3414 498 3490 3,
513 3414 542 3489 3,
559 3414 608 3472 76,
632 3414 684 3491 46,
700 3415 728 3489 8,
744 3415 784 3474 23
805 3408 951 3476 ‘Iulianus
971 3408 1151 3497 respondit')
1172 3421 1206 3478 et

194 3505 274 3561 certe
298 3519 366 3560 6666
390 3502 553 3561 6661661166
577 3501 736 3577 explicavit
760 3495 810 3583 (D.
825 3505 878 3581 41,
894 3505 922 3579 2,
938 3505 978 3564 39
1004 3497 1125 3584 ‘puto'),
1149 3506 1205 3565 ubi

194 3590 307 3650 Minicii
326 3592 489 3650 sententias
509 3591 603 3665 affert,
626 3590 780 3667 scripserit
798 3584 975 3667 ‘respondit'
994 3587 1045 3674 (D.
1060 3594 1111 3671 33,
1127 3595 1157 3672 3,
1175 3597 1204 3657 1.
