2614 3912
437 207 462 259 6.
484 200 694 257 IAVOLENUS
713 201 859 257 PRISCUS
1086 199 1153 267 423

143 384 248 432 serens
273 384 344 429 anon
369 364 473 430 beredi
498 385 563 430 meo
585 384 739 429 annonam
761 370 870 448 septem
893 385 1001 448 operas
1023 365 1153 449 soioerit,

144 455 220 520 iiber
250 452 323 518 esto'
356 459 384 518 et
414 455 444 519 is
473 473 577 518 sanus
605 455 691 518 intra
720 459 831 536 septem
857 474 955 519 annos
982 455 1017 519 in
1039 455 1153 520 indieio

49 593 50 598 η
136 543 262 627 pnbtiao
288 547 364 607 esset
388 546 417 607 et
437 543 582 624 septimns
603 561 707 607 annns
725 544 929 624 praeterisset,
958 543 1084 608 Seroins
1106 543 1155 609 ait

145 652 215 697 enm
245 651 309 696 non
340 631 466 696 liberari
494 631 607 710 debere,
639 631 755 712 Labeo,
786 636 816 696 et
840 633 869 696 si
891 637 997 714 postea
1019 633 1155 697 solvisset

142 725 551 890 omwpdtgpt,
569 720 1152 874 ‘bttbtmtntitttt

142 918 209 962 onos
240 899 367 975 dederit,
397 897 472 963 iiber
502 897 584 962 esto'.
633 899 724 962 Attia
749 898 817 963 oioo
845 901 982 963 testatore
1012 899 1152 964 decessit:

142 1007 207 1051 non
230 1006 318 1069 posse
340 984 478 1052 Stiebnm
501 986 630 1051 bbernm
652 1006 713 1052 esse
736 987 836 1051 Labeo
860 985 972 1069 Ofilius
993 989 1153 1069 responde·

142 1080 234 1151 rnnt;
260 1073 427 1155 Trebatius,
449 1076 478 1140 si
498 1081 569 1140 ante
587 1080 796 1140 tastamerstnm
811 1075 930 1156 faatnrn
948 1076 1038 1140 Attia
1055 1077 1153 1142 deaes-

141 1166 238 1247 sisset,
262 1165 358 1241 ideon;
381 1165 410 1229 si
426 1169 543 1246 postea,
565 1160 634 1230 non
657 1164 786 1229 tobernm
807 1164 958 1245 fntnrnm.
1000 1165 1153 1230 Labeonis

141 1257 171 1318 et
194 1252 281 1335 Ofilii
306 1254 457 1318 sententia
482 1254 634 1318 rationem
661 1254 783 1335 pnideon
809 1253 909 1336 babet,
935 1254 988 1318 sed
1008 1253 1063 1318 boo
1085 1255 1153 1318 inre

72 1363 77 1372 ·
141 1343 273 1422 utimar,
294 1346 332 1406 nt
352 1343 381 1408 is
401 1362 506 1408 servios
527 1362 564 1406 en
587 1346 761 1407 testamento
783 1342 859 1407 inber
880 1345 930 1407 sit.

233 1431 285 1496 86.
317 1429 357 1496 D.
376 1430 452 1495 ibid.
471 1434 491 1512 ἕ
513 1437 542 1496 5.
573 1467 610 1476 -
642 1428 680 1496 Si
707 1451 813 1496 serenos
838 1451 946 1513 operas
972 1430 1152 1515 [entraneo]

140 1521 217 1585 dare
243 1520 346 1584 inssns
372 1523 458 1600 esset,
487 1519 692 1604 <extranens>
712 1520 818 1585 nnilns
839 1521 963 1585 nomine
980 1521 1060 1585 serni
1077 1541 1153 1587 snas

4 1641 5 1646 κ
141 1627 250 1690 operas
281 1609 383 1673 dando
411 1608 539 1673 liberare
566 1628 687 1674 servam
708 1613 814 1692 potest.
851 1609 933 1690 qaod
961 1610 996 1673 in
1017 1609 1152 1692 poeonia

142 1697 234 1762 aliter
259 1697 447 1776 obserentur,
474 1701 575 1779 ntroote
600 1717 670 1762 enm
697 1702 860 1763 eatranens
881 1718 942 1779 pro
969 1719 1002 1763 eo
1029 1697 1152 1782 [servo]

142 1787 246 1851 dando
263 1787 430 1868 pecuniam
451 1805 572 1851 seronm
594 1786 743 1850 liberaret.

232 1874 282 1939 87.
307 1874 508 1962 D.40,1‚26.
540 1873 710 1940 Iavolenus
729 1874 812 1939 libro
832 1879 948 1959 quarto
966 1897 1004 1940 ex
1015 1877 1151 1959 posteri·

141 1962 252 2028 oribus
266 1962 435 2028 Labeonis.
452 1999 494 2010 -
508 1963 637 2029 Servum
652 1964 808 2045 fnriosnm
826 1965 912 2029 omni
922 1985 1029 2046 penore
1042 1985 1152 2031 maron—

139 2052 271 2117 missnm
293 2053 336 2118 ad
357 2052 524 2117 libertatem
541 2054 671 2136 perduoi
686 2057 781 2136 putat
795 2072 885 2135 posse
910 2053 1017 2119 Labeo.

486 2220 537 2287 De
558 2222 679 2287 liberati
701 2243 803 2288 cansa.

202 2333 219 2352 ⁴
232 2326 282 2392 88.
306 2325 408 2410 D.40‚
421 2328 469 2408 12,
479 2329 532 2394 42.
564 2325 672 2394 Labeo
686 2329 770 2393 libro
785 2332 898 2411 quarto
908 2325 1150 2413 posteriorum.²

143 2451 181 2462 -
213 2412 249 2480 si
273 2433 383 2481 servus
406 2438 500 2501 quem
524 2437 648 2482 emeres
672 2419 711 2481 ad
735 2417 917 2482 libertatem
941 2417 1152 2501 proclamarit

139 2507 183 2568 et
194 2503 235 2568 ab
254 2504 359 2568 iudice
377 2526 547 2589 perperam
566 2527 624 2588 pro
644 2527 680 2570 eo
701 2505 876 2570 iudicatum
894 2508 943 2569 est
957 2509 990 2569 et
1002 2505 1151 2571 dominus

138 2593 210 2657 eius
228 2593 311 2660 servi
326 2598 402 2677 post
416 2593 614 2658 rem'eontra
627 2598 660 2659 te
674 2593 849 2659 iudicatam
863 2597 895 2658 te
910 2593 1059 2657 heredem
1074 2593 1152 2659 fecit

141 2684 200 2746 aut
219 2681 283 2747 elio
304 2703 367 2766 quo
387 2683 515 2747 nomine
533 2683 561 2747 is
580 2687 655 2748 tuus
674 2703 744 2747 esse
763 2683 930 2768 coepisset,
949 2685 1058 2766 petere
1078 2703 1151 2746 eum

139 2775 233 2835 tuum
256 2791 327 2836 esse
350 2771 470 2855 poteris
493 2791 552 2835 nee
574 2771 634 2836 tibi
656 2771 800 2836 obstabit
817 2771 863 2835 rei
882 2771 1042 2836 iudicatae
1061 2792 1151 2855 pree·

138 2859 285 2942 scriptio.
329 2858 510 2924 Iavolenus:
534 2860 615 2924 haee
637 2881 713 2924 vere
736 2863 819 2924 sunt.

229 2951 364 3014 Iavoleni
387 2953 551 3014 arationem
574 2953 773 3014 Tribonienus
795 2952 915 3014 videtur
937 2956 1078 3014 mutasse.

435 3117 484 3182 De
506 3119 654 3202 emptione
674 3118 853 3184 venditione.

464 3238 511 3298 De
532 3239 685 3300 hereditate
707 3240 830 3300 vendita.

229 3339 280 3404 89.
307 3337 348 3404 D.
364 3339 414 3423 18,
427 3338 458 3422 4,
472 3339 525 3404 24.
565 3339 674 3405 Labeo
694 3341 777 3405 libro
800 3345 914 3424 quarto
934 3340 1150 3424 posteriorum

137 3451 158 3494 a
182 3427 335 3493 Iavoleno
359 3429 678 3512 epitomatorem-
696 3427 903 3494 Hereditatem
922 3427 1057 3494 Cornelii
1078 3447 1150 3494 oen-

211 3580 225 3628 1
246 3591 284 3630 se.
304 3592 320 3629 e
339 3576 470 3631 Iavoleno
490 3574 714 3646 epitomatorem.
