2614 3912
164 210 230 276 418
268 210 300 266 V.
319 208 469 264 NERVAE
489 209 535 264 ΕΤ
553 209 706 264 TRAIANI
724 211 831 267 TEMP.
849 211 945 268 rums
965 211 1144 268 CONSULTI

254 374 306 438 62.
338 371 377 438 D.
397 371 449 456 35,
472 376 498 457 1,
517 374 568 456 40,
587 374 617 438 2.
667 374 757 439 Idem
790 371 846 460 (so.
874 371 1061 462 Iavolenus)
1087 374 1171 441 libro

168 463 306 528 seeundo
334 483 372 554 ex
399 463 631 546 posterioribus
659 461 827 528 Labeonis.
855 499 899 510 -
928 463 1062 546 Quidam
1090 465 1172 530 Titio
1249 501 1255 512 ι

164 557 284 618 oeutum
307 553 470 634 depaverat,
493 553 599 616 dmude
620 550 708 632 iufra
730 553 776 616 ito
799 553 946 618 iusserat:
975 550 1063 634 ‘quos
1079 573 1172 637 pecu

165 643 237 706 uias
255 641 362 722 ruique
381 641 486 724 tepori,
504 661 555 707 eas
573 640 657 706 iteres
675 661 768 726 meus,
786 643 815 706 si
832 646 931 706 mater
948 663 1017 706 mea
1033 643 1173 722 moritur,

164 729 264 808 doto';
288 735 407 794 mortuo
421 734 511 811 patre
527 729 669 810 familias
688 726 788 795 Titius
805 733 926 795 uiumot
941 735 970 795 et
987 730 1058 795 oioa
1075 736 1173 796 matre

164 817 345 902 [familias]
382 820 553 883 decesserat.
612 824 733 883 mortua
769 824 867 883 matre
901 819 1059 884 heredibus
1096 820 1173 884 Titii

165 907 298 990 tepatum
316 907 416 972 deberi
435 905 547 990 Ofilius
567 909 733 990 respoudit,
751 909 898 989 quomam
916 929 979 973 mou
995 909 1052 973 sub
1070 909 1173 974 mndi-

164 996 248 1062 oioue
274 1001 348 1062 esset
374 996 518 1078 tapetium,
545 996 599 1060 sed
623 1001 695 1060 aute
718 997 848 1079 topatum
865 1017 959 1080 pure,
981 998 1088 1063 ddude
1109 997 1173 1063 dies

165 1085 299 1150 sotoeudi
321 1085 447 1150 admota.
492 1085 661 1168 uideamus,
685 1086 787 1167 iuquit
808 1086 919 1170 Labeo,
942 1107 979 1150 ue
1002 1087 1037 1151 id
1055 1086 1172 1167 falsum

164 1175 214 1258 sit,
237 1176 312 1256 quia
335 1173 416 1239 mihil
438 1175 567 1257 iutersit,
590 1178 695 1238 utrum
717 1175 763 1240 ita
785 1175 953 1239 soribotur:
978 1172 1067 1256 ‘quas
1083 1195 1173 1258 peme-

164 1265 237 1328 uias
255 1264 362 1345 auique
381 1263 488 1348 tepori,
505 1283 557 1327 eas
574 1261 657 1327 heres
675 1283 768 1346 meus,
786 1264 815 1327 si
832 1269 931 1328 mater
949 1283 1016 1327 mea
1033 1265 1172 1348 moritur,

164 1351 247 1417 dato'
271 1372 314 1417 am
336 1353 398 1416 ito:
428 1350 503 1416 ‘uisi
525 1356 624 1416 mater
646 1373 714 1416 mea
736 1353 882 1435 moritur,
904 1373 942 1416 ue
964 1351 1064 1428 dato',·
1086 1358 1172 1416 utru-

164 1441 253 1523 bique
276 1442 358 1506 euim
380 1441 436 1505 sub
459 1441 632 1506 eoudier‘oue
652 1441 698 1506 oet
721 1442 830 1505 datum
852 1441 896 1506 aet
919 1441 1094 1523 ademptum
1112 1461 1173 1506 esse

165 1531 305 1613 tepatum.
351 1529 503 1595 Labeonis
524 1549 701 1611 responsum
718 1530 823 1610 probo.

253 1636 303 1700 63.
327 1633 367 1700 Ι).
383 1636 434 1718 32,
450 1636 501 1717 30,
516 1635 546 1700 2.
582 1634 689 1700 Labeo
703 1635 789 1700 libro
805 1634 943 1700 seeundo
958 1635 1172 1718 posteriorum

165 1723 355 1789 alovoleno
379 1727 639 1808 epitomatorum.
667 1761 704 1772 -
734 1723 811 1789 Oum
831 1729 1004 1789 testamemto
1026 1724 1173 1806 seriptum
1296 1741 1297 1744 ’

163 1817 253 1878 esset:
278 1811 393 1879 ‘Sticho
417 1833 501 1878 seruo
522 1833 586 1878 meo
604 1812 688 1878 heres
705 1814 839 1896 quiaque
856 1814 927 1877 dato
945 1818 981 1896 et,
1002 1813 1032 1878 si
1051 1811 1174 1878 Stichus

163 1901 265 1966 beredi
287 1922 351 1967 meo
375 1903 531 1967 bimuium
553 1903 702 1982 servierit,
727 1901 801 1968 iiber
823 1900 905 1986 esto'‚
921 1906 994 1984 post
1015 1901 1173 1966 bieuuium

165 1990 297 2071 leuatum
319 1991 419 2057 deberi
440 1992 588 2074 eaistimo,
610 1992 686 2073 quia
707 1992 742 2056 iu
765 1992 801 2057 id
821 1995 938 2073 tempus
956 1995 984 2057 et
1001 1990 1124 2056 libertas
1146 1995 1175 2055 et

164 2079 296 2161 tautum
318 2081 427 2159 referri
449 2080 578 2158 deberet;
601 2081 683 2163 quod
708 2085 737 2145 et
761 2080 923 2146 Trebatius
945 2081 1108 2163 respoudit.

254 2185 306 2250 64.
334 2184 373 2249 D.
392 2184 443 2269 35,
465 2187 492 2269 1,
511 2187 563 2269 40,
582 2186 612 2252 5.
661 2184 751 2250 Idem
783 2183 843 2271 (se.
869 2183 1057 2274 Iavolenus)
1090 2185 1174 2250 libro

164 2275 302 2339 seeundo
326 2295 364 2338 ex
386 2275 619 2358 posterioribus
643 2273 810 2340 Labeonis.
833 2311 875 2322 -
896 2274 1048 2340 Thermus
1070 2275 1174 2340 miuor

163 2383 294 2445 auorum
312 2364 466 2428 arbitratu
484 2369 713 2429 mouumentum
730 2364 790 2428 sibi
807 2364 877 2447 fieri
895 2364 982 2428 uellet
998 2368 1174 2430 testamento
1296 2381 1297 2396 ³

163 2451 337 2536 scribserat,
359 2454 465 2518 deiude
487 2454 533 2517 ita
555 2453 722 2535 depaverat:
746 2451 856 2517 ‘Dario
882 2451 997 2518 Publio
1022 2452 1174 2518 Corneliis

163 2543 207 2606 ad
232 2547 461 2607 mouumentum
488 2562 588 2607 meum
615 2542 842 2624 aedificandum
868 2541 953 2605 mitte
978 2540 1062 2606 beros
1088 2561 1175 2607 meus
1296 2595 1297 2606 .

162 2630 255 2696 dato'.
308 2631 468 2696 Trebatius
497 2631 652 2712 respondit
672 2651 732 2711 pro
759 2650 792 2694 eo
819 2629 991 2694 babendum
1018 2651 1054 2694 aa
1076 2631 1104 2694 si
1126 2631 1176 2695 ita

164 2721 297 2803 teaatum
324 2725 410 2801 esset,
436 2720 465 2785 si
491 2721 568 2785 satis
594 2720 746 2785 dedissent
768 2739 800 2784 se
821 2720 867 2783 ita
889 2719 924 2784 id
944 2723 1176 2795 mouumentum

163 2829 201 2873 eo
223 2830 259 2874 eo
279 2810 409 2891 pecunia
430 2809 574 2888 fauturos.
620 2808 721 2874 Labeo
747 2808 882 2873 metatu·
903 2809 1082 2874 senteutiam
1098 2828 1175 2890 pro·

164 2898 227 2975 bat,
254 2900 330 2979 quia
357 2898 429 2962 boae
458 2917 542 2962 meus
564 2898 703 2963 testautis
723 2895 844 2981 fuisset,
872 2901 965 2961 uteo
980 2897 1116 2979 paramo
1137 2897 1175 2960 iu

163 2991 392 3050 mouumentum
413 2991 653 3063 omrsumeretur;
676 2987 757 3051 idem
775 2991 804 3050 et
821 3006 872 3069 epo
890 2990 918 3050 et
935 2984 1086 3051 Pmordus
1098 3005 1176 3067 pro-

163 3074 279 3139 bamus.

253 3179 303 3245 65.
336 3179 375 3244 D.
390 3179 441 3264 35,
462 3179 557 3264 1,40‚
575 3181 604 3245 3.
660 3179 749 3244 Idem
781 3178 838 3268 (sa.
870 3141 1057 3268 Iavolenus)
1087 3179 1176 3244 libro

164 3270 304 3334 seeundo
333 3291 372 3334 ex
394 3269 627 3354 posterioribus
650 3267 822 3336 Labeonis.
843 3306 889 3318 -
911 3269 1068 3336 Dominus
1089 3289 1176 3334 seruo

165 3359 266 3442 Hs?
283 3373 457 3463 <rationis>
475 3377 540 3443 eius
558 3377 723 3460 depaverat:
749 3375 844 3444 ‘ireres
865 3397 949 3443 meres
965 3375 1068 3443 stum
1089 3395 1178 3442 serm

164 3502 245 3564 oreo,
272 3504 360 3565 quem
384 3487 556 3548 usummto
580 3483 708 3558 liberum
730 3503 793 3549 esse
814 3484 905 3567 iussi,
927 3485 965 3548 H
970 3467 1032 3550 SV
1044 3503 1121 3566 quae
1138 3483 1177 3547 iu

163 3571 277 3637 tabulis
303 3572 404 3659 debeo,
429 3571 520 3636 dato'.
564 3571 645 3638 uibit
670 3593 755 3640 seruo
782 3573 915 3655 leuatum
943 3593 1005 3638 esse
1028 3573 1176 3640 Namusa
