2614 3912
439 217 463 265 6.
486 209 694 265 IAVOLENUS
712 210 860 268 PRISGUS
1086 213 1151 278 417

142 392 288 438 uasorum
309 371 424 438 babuit.
470 372 622 438 Proculus
644 395 713 440 aero
735 380 811 440 reeie
832 377 886 456 ait,
904 377 933 442 si
955 397 1065 442 aeneae
1086 378 1153 460 qui-

49 493 58 508 ·
141 462 211 526 dem
232 461 307 540 sint,
330 482 393 556 non
415 465 518 528 aretem
541 460 732 547 Corinthiae,
753 485 816 529 non
840 465 946 530 deberi.

141 689 144 696 ι
260 652 307 712 De
329 655 434 714 statuis
454 656 626 714 marmoreis
648 659 674 714 et
696 657 731 716 de
752 673 897 716 marmore
919 659 1030 732 ieratis.

231 762 282 829 58.
310 762 350 828 D.
368 764 420 846 32,
444 761 516 836 100,
539 767 565 829 1.
615 763 786 831 Iavolenus
819 765 903 832 libro
937 769 1076 833 seeundo
1110 790 1149 833 ex

142 852 375 937 posterioribus
407 851 575 918 Labeonis.
607 888 649 900 -
683 852 775 919 Duae
811 861 930 921 statuae
960 877 1153 923 marmoreae

141 942 266 1006 auidam
296 941 494 1025 nominatim,
525 943 597 1007 item
629 963 717 1008 omne
747 963 885 1010 marmor
912 951 980 1010 erut
1005 947 1151 1029 leuatum:

141 1030 263 1094 nuliam
302 1035 438 1095 statuam
474 1050 682 1096 marmoream
712 1037 836 1115 praeter
870 1035 949 1098 duas
985 1033 1152 1101 Cascellius

137 1122 230 1202 putat
255 1118 368 1201 deberi,
397 1117 510 1201 Ofilius
539 1119 698 1186 Trebatius
725 1127 839 1186 eontra.
885 1122 987 1187 Labeo
1011 1121 1152 1188 Oaseetiii

140 1207 323 1274 seutentiam
343 1207 468 1291 probat,
494 1210 576 1290 quad
595 1229 701 1274 aerum
716 1216 807 1294 puto,
834 1211 910 1293 quia
931 1212 1010 1277 dieas
1032 1217 1152 1278 statuas

141 1294 269 1380 ieyando
280 1301 380 1379 potest
401 1297 499 1361 videri
520 1317 584 1362 non
600 1303 729 1380 putasse
751 1300 786 1364 in
807 1320 961 1366 marmore
982 1321 1013 1366 se
1033 1305 1153 1366 statuas

141 1385 249 1468 maure.

465 1479 513 1539 De
534 1482 700 1542 testudineus
724 1483 833 1557 leuatis.

230 1587 282 1654 59.
319 1586 358 1653 D.
376 1589 452 1654 ibid.
470 1591 491 1670 ξ
510 1590 539 1654 4.
567 1627 610 1638 -
640 1590 700 1658 Oui
730 1593 897 1657 testudinea
925 1591 1023 1674 ieyata
1045 1599 1151 1676 essent,

142 1678 172 1742 ei
204 1677 290 1743 metas
320 1679 501 1743 testudineus
526 1681 656 1761 pedibus
686 1682 890 1763 inaramtatis
920 1681 1020 1747 deberi
1049 1683 1151 1748 Labeo

146 1765 308 1832 Trebatius
328 1769 558 1852 responderunt,
581 1771 786 1851 quartanum
809 1775 858 1834 est.

486 1950 533 2010 De
549 1954 678 2025 poemia
701 1953 802 2027 ieaata.

232 2059 284 2125 60.
308 2055 346 2125 D.
361 2060 413 2142 32,
424 2061 476 2144 30,
485 2059 514 2125 b.
547 2060 655 2127 Labeo
674 2063 757 2127 libro
777 2062 917 2135 seeundo
935 2064 1151 2148 posteriorum

140 2170 161 2213 a
188 2145 342 2213 Iauoleno
370 2149 627 2231 epitomatorum.
651 2189 695 2197 —
717 2150 832 2220 ‘Uaori
857 2172 953 2235 meae,
980 2152 1055 2217 dum
1081 2174 1150 2218 eum

138 2237 206 2320 filio
229 2257 294 2301 meo
319 2234 444 2320 Capreae
465 2240 531 2323 erit,
554 2239 638 2304 heres
655 2261 739 2306 meus
756 2243 885 2307 daura
903 2240 1003 2319 aiato';
1025 2243 1112 2324 fitius
1130 2266 1152 2308 a

139 2330 239 2392 matre
264 2327 417 2408 miyrauit.
466 2328 495 2392 si
520 2328 609 2393 ambo
637 2328 763 2412 Capuae
788 2330 989 2409 habitassent,
1019 2331 1151 2416 boatum

138 2415 237 2479 nuatm
262 2414 363 2479 debitu
390 2416 433 2479 iri
453 2418 578 2497 putavi,
605 2419 746 2499 qmmms
771 2439 838 2483 una
860 2438 923 2482 non
945 2419 1150 2498 babitassmt;

138 2505 190 2570 sin
217 2509 321 2568 autem
343 2503 378 2567 in
405 2505 495 2570 atiud
520 2507 723 2588 municipium
752 2507 923 2586 transisset,
951 2509 1045 2573 unius
1072 2510 1151 2574 anni

139 2593 350 2658 auummoao
377 2593 476 2658 debita
503 2595 560 2677 iri,
587 2615 646 2676 quo
672 2617 738 2660 una
759 2594 946 2660 habitassent
966 2597 1152 2678 quantolibet

140 2686 284 2766 tempore,
320 2680 422 2766 <quaa
450 2681 501 2768 et>
525 2683 685 2748 Trebatius
715 2687 769 2748 ait.
823 2685 995 2768 rideamus,
1027 2681 1070 2749 an
1101 2684 1150 2750 bis

138 2769 238 2836 verbis
260 2768 346 2836 ‘dum
368 2790 437 2836 eum
458 2772 526 2853 fitia
548 2770 673 2855 Capuae
695 2771 763 2837 erit'
783 2770 882 2856 [non]
900 2773 1036 2838 condicio
1053 2775 1150 2857 siani-

137 2860 246 2944 nour
277 2858 349 2943 [sed
373 2881 409 2924 ea
435 2861 590 2943 ser'mtura
610 2882 671 2944 pro
697 2881 882 2944 summumne
904 2861 987 2927 debet
1006 2861 1131 2947 baberi]
1138 2884 1149 2928 :

138 2948 222 3031 quod
242 2968 305 3013 non
320 2949 427 3031 probo.
467 2951 518 3015 sin
540 2954 643 3016 ouum
656 2970 715 3034 per
732 2951 891 3016 mutierem
909 2970 998 3015 moro
1015 2972 1078 3017 non
1096 2957 1148 3038 est,

137 3057 198 3120 quo
221 3038 326 3103 minus
347 3057 417 3102 oum
438 3039 505 3120 fita
526 3037 651 3123 habitet,
675 3041 774 3122 tegrata
796 3040 824 3104 ei
846 3040 953 3105 deberi.

230 3125 280 3190 61.
303 3123 342 3192 D.
358 3127 411 3212 33,
425 3128 454 3212 l,
471 3129 520 3193 17.
556 3127 665 3194 Labeo
680 3129 762 3193 libro
778 3129 917 3193 seeundo
932 3129 1148 3213 posteriorum

138 3237 159 3278 a
182 3213 334 3282 Iauoleno
358 3216 617 3302 epitomatorum.
641 3254 684 3264 -
707 3215 858 3303 Leyatum
879 3219 926 3282 ita
947 3223 1007 3283 est:
1031 3217 1149 3283 ‘Attiae

136 3305 231 3369 donee
251 3305 356 3384 nubat,
377 3305 604 3388 quinquaqinta
625 3308 757 3372 damnas
779 3311 839 3372 esto
859 3306 943 3372 iteres
961 3327 1045 3371 meus
1063 3305 1146 3372 dare’

137 3413 233 3475 neque
246 3394 436 3476 adsanbtum
448 3400 493 3459 est
506 3394 552 3459 ‘in
565 3416 664 3460 annos
676 3395 833 3479 sinautos'.
855 3395 972 3460 'Labeo
989 3393 1149 3460 Trebatius

131 3501 281 3566 promens
312 3481 444 3566 meatum
475 3483 574 3548 deberi
598 3489 727 3566 putent,
758 3485 812 3549 sed
836 3485 946 3549 rectius
973 3485 1088 3548 dioetur
1115 3485 1150 3548 id

137 3572 271 3654 leuatum
293 3573 327 3636 in
349 3591 449 3638 annas
470 3572 609 3655 ananias
630 3573 737 3638 deberi.
791 3573 801 3630 .’

191 3684 290 3734 Iurlspr.
304 3685 423 3726 nntohtdr.
437 3684 487 3725 roll.
501 3685 536 3726 ed.
550 3683 650 3725 Breues.
674 3685 705 3736 11,
720 3687 738 3725 2.
901 3677 935 3726 27
