2602 3906
417 235 441 284 6.
464 228 670 285 IAVOLENUS
689 228 837 284 PRISOUS
1064 229 1131 294 477

116 398 235 478 partem
261 393 426 458 dimidiam
448 392 520 476 teao.
558 393 685 457 eandem
705 393 840 474 faedam
866 392 947 457 Titio
971 391 1054 476 ieoo'.
1099 393 1130 458 si

87 486 89 490 ’
120 482 210 550 Scias
237 483 403 563 decesserit,
423 501 503 564 pars
534 483 600 546 eias
628 482 749 564 atricae
774 483 934 564 adcrescit,
962 483 1037 563 qaia
1059 501 1130 547 eam

117 572 285 655 separatim
307 575 336 635 ct
354 575 459 651 partes
477 571 572 650 smodi
593 574 622 634 et
644 575 723 635 totas
741 570 856 653 teactas
873 572 922 654 sit,
944 589 1058 636 maesse
1076 576 1129 654 est,

117 667 154 726 at
174 681 211 726 ea
229 679 307 740 pars
328 679 406 740 qaae
429 663 523 724 cessat
538 679 599 740 pro
618 660 758 740 portiom
780 659 871 740 ieyati
888 659 995 740 coique
1012 679 1127 745 eoram,

116 750 229 832 qae‘bas
248 748 368 829 faedus
390 749 558 828 separatim
581 747 696 830 locatas
719 753 774 830 est,
796 749 957 812 adcrescat.

208 837 259 902 38.
289 835 327 900 D.
345 836 421 901 ibid.
440 837 460 915 ἕ
482 839 510 900 1.
532 872 577 883 -
599 836 631 900 Α
658 857 705 901 me
732 836 836 900 herede
864 837 957 901 aocori
979 857 1063 902 meae
1083 837 1129 901 ita

117 929 251 1010 ieyatam
278 929 336 990 est:
367 923 526 1006 ‘quidquid
546 930 673 1007 propter
702 922 819 988 Titiam
845 927 888 989 od
916 923 1022 989 Seiam
1050 926 1130 991 dotis

121 1017 246 1081 momine
254 1015 401 1097 peremit,
422 1018 541 1078 tamtam
548 1015 716 1094 memoriam
729 1013 818 1078 Scias
831 1013 915 1078 ireres
928 1035 1013 1078 mem
1028 1014 1131 1080 Titiae

116 1102 187 1170 dct'.
226 1123 351 1185 qaaere,
383 1123 427 1167 am
457 1103 645 1168 deductiones
672 1103 882 1185 impensarum
907 1103 978 1185 lteri
998 1104 1130 1187 possimt,

117 1214 199 1276 qaae
219 1194 338 1276 dorent,
360 1192 442 1256 side
464 1212 499 1255 re
522 1188 653 1256 uxoria²
675 1196 823 1274 aceretae.

207 1280 388 1363 Respondit:
414 1300 478 1344 more
499 1280 611 1362 dubito,
634 1281 710 1362 qaia
733 1278 843 1363 [acori
863 1279 955 1363 saae]
978 1281 1061 1361 qaod
1082 1281 1130 1344 ita

116 1373 252 1454 teyatam
274 1374 331 1434 est:
354 1367 386 1433 ‘a
409 1374 436 1432 te
458 1368 541 1434 bcres
560 1374 636 1450 peto,
659 1369 809 1451 quidquid
829 1370 873 1433 ad
894 1370 1129 1451 teperomisset,

117 1465 155 1524 at
185 1462 306 1523 tantam
337 1459 365 1522 ci
391 1455 504 1541 dares',
536 1461 598 1522 tota
625 1459 679 1522 dos
704 1459 771 1522 sime
796 1458 917 1522 ratione
943 1458 1131 1524 deductionis

117 1551 329 1631 impensarum
360 1544 519 1630 [acutiori]
547 1545 696 1611 debeatar.
746 1567 808 1611 more
835 1551 936 1612 aetem
963 1547 1043 1611 idem
1070 1547 1130 1628 ias,

118 1635 243 1719 <qaod>
266 1636 383 1700 servari
404 1635 487 1700 debet
507 1655 545 1699 ea
567 1639 740 1700 testamento
762 1637 913 1718 extranei,
934 1639 1074 1700 seruator
1095 1636 1130 1699 ire

119 1729 294 1790 testamento
324 1725 399 1805 oiri,
430 1725 484 1805 qai
510 1726 608 1788 dotem
639 1725 732 1789 acori
761 1725 914 1806 reieaooit.
968 1723 1017 1788 bic
1047 1725 1130 1789 emim

120 1814 290 1878 taxationis
317 1814 379 1878 ioco
406 1812 577 1878 habendam
605 1819 647 1877 est
673 1812 833 1896 ‘quidquid
854 1814 896 1877 ad
917 1811 1129 1896 aperirem

118 1902 186 1968 iiiia
207 1907 315 1980 aatem,
338 1902 391 1967 obi
412 1903 460 1966 oir
482 1902 573 1966 acori
592 1901 711 1984 relocat,
734 1903 769 1966 id
785 1902 903 1966 oidetar
922 1902 1029 1987 ieyare,
1050 1904 1132 1984 qaod

119 1995 156 2056 iro
177 1991 290 2055 iadieio
312 1991 358 2054 rei
382 1987 529 2054 uxoriae²
552 1991 663 2055 maiier
685 1996 881 2056 consecutura
900 1990 1005 2073 faerit.

211 2079 262 2145 39.
291 2078 328 2143 D.
343 2079 396 2160 29,
409 2081 439 2158 4,
458 2080 506 2143 11.
547 2079 716 2145 Iavolenus
737 2080 820 2145 libro
839 2079 978 2163 septimo
998 2078 1130 2162 Epistu·
1254 2069 1256 2074 ⁸

119 2171 234 2234 larum.
265 2205 308 2214 —
336 2168 373 2234 Si
400 2168 439 2232 ab
462 2169 600 2233 iastitato
622 2175 651 2232 et
671 2169 831 2234 substituto
856 2170 959 2234 eadem
981 2188 1031 2233 res
1053 2169 1131 2234 mibi

120 2259 222 2340 teqata
248 2259 291 2322 sit
316 2262 344 2322 et
370 2257 484 2322 omissa
511 2277 605 2322 caasa
628 2259 797 2323 testamenti
818 2257 1012 2322 hereditatem
1029 2259 1130 2340 possi-

121 2349 217 2412 dcam
247 2346 320 2431 leae,
350 2346 471 2410 etiamsi
501 2347 540 2409 ab
571 2351 697 2431 atroque
728 2347 860 2412 solidam
890 2346 970 2410 mibi
1000 2347 1130 2429 debetur,

120 2441 224 2500 tamem
250 2435 289 2498 ab
316 2455 379 2500 mco
408 2435 538 2518 locatam
565 2439 738 2500 cameratas
765 2437 803 2500 ab
830 2436 926 2501 attero
942 2438 1045 2516 petere
1067 2455 1130 2499 mom

115 2529 239 2606 potero;
263 2523 369 2606 diacre
391 2525 493 2605 itaque
515 2545 602 2588 ream
617 2528 732 2606 potero.

465 2699 515 2765 De
536 2701 785 2784 fideicommissis.

210 2814 262 2880 40.
295 2816 333 2880 Ι).
352 2817 409 2902 33,
429 2818 461 2897 1,
484 2815 534 2882 15.
584 2815 707 2880 Valens
738 2815 823 2880 libro
857 2814 994 2899 septimo
1026 2812 1129 2878 Fidei·

120 2906 367 2970 oommissorum
393 2904 443 2992 (P.
462 2901 529 2990 22).
554 2941 592 2952 —
617 2903 789 2970 Iavolenus
812 2925 894 2986 eum,
917 2901 973 2987 qui
995 2905 1129 2988 rogatus

120 2996 197 3079 post
220 2993 328 3058 decem
351 3015 452 3059 annos
476 2996 644 3059 restituere
671 2993 840 3078 pecuniam
863 2996 939 3056 unte
967 2992 1052 3056 diem
1079 3014 1130 3057 re-

121 3084 289 3164 stituerat,
321 3082 501 3166 respondit,
539 3084 567 3147 si
598 3090 730 3166 propter
762 3079 917 3166 capientis
949 3103 1129 3167 personum,

122 3171 208 3257 quod
230 3192 299 3235 rem
323 3170 515 3236 familiarem
538 3172 621 3236 tueri
645 3194 711 3235 non
732 3174 857 3256 posset,
880 3172 914 3234 in
937 3171 1022 3234 diem
1042 3170 1130 3235 fidei-

121 3259 330 3325 commissum
349 3261 495 3325 relietum
514 3261 667 3344 probetur
686 3264 719 3325 et
736 3261 902 3344 perditum
928 3259 957 3323 ei
981 3259 1013 3322 id
1035 3259 1129 3323 heres

123 3353 199 3414 ante
232 3348 317 3412 diem
349 3348 557 3431 restituisset,
594 3351 683 3414 nullo
715 3350 810 3414 modo
842 3349 1014 3412 liberatum
1047 3368 1130 3427 ess03

122 3437 210 3524 quod
237 3437 267 3501 si
293 3440 420 3522 tempus
451 3437 578 3502 heredis
606 3459 703 3502 eausa
730 3440 941 3523 prorogatum
969 3439 1067 3518 esset,
1093 3439 1131 3498 ut

62 3579 69 3588 '
195 3602 278 3659 11o.
297 3602 371 3659 uae.
444 3601 529 3657 rm.
546 3600 632 3657 eous.
