2570 3904
165 187 207 251 26
236 186 282 241 ΙΙΙ.
299 186 375 241 GAII
389 186 536 240 CLAUDII
546 187 571 242 N
573 185 671 242 ERON
673 229 680 242 .
692 186 837 241 GALBAE
846 187 954 244 TEMP.
964 187 1060 244 IURlS
1071 188 1177 246 CONS.

163 356 263 415 insula
290 355 322 413 in
350 374 408 431 quo
436 355 613 433 cucurrerit,
640 374 719 414 unus
746 356 871 434 quisque
898 357 1020 416 modum
1042 357 1177 418 fluminis

163 444 285 503 maioris
309 462 469 520 agnoscere
493 444 594 521 debet,
617 448 648 503 et
671 465 735 504 eam
759 447 889 504 insulam
911 446 974 520 ipse
999 446 1055 505 sibi
1080 446 1177 506 vin'di-

167 532 260 616 cabit,
287 533 373 592 cuius
395 536 509 592 terram
530 534 741 609 tempestative
763 535 1007 611 praeoccupavit3
1034 536 1179 611 quoniam

165 640 225 681 non
243 622 422 697 possessoris
440 623 632 699 neglegentia
650 623 702 682 sed
720 624 910 698 tempestatis
925 624 1067 683 violentia
1085 643 1179 700 appa·

161 714 210 770 ret
232 703 412 787 abreptum'

430 854 435 864 ,
537 794 586 860 De
601 796 801 878 possessione.

252 920 302 983 17.
330 918 369 982 D.
387 920 441 998 41,
459 920 489 1002 2,
509 922 537 1001 1,
552 917 582 983 5.
628 917 750 983 Paulus
774 918 860 983 libro
883 920 1175 1004 quinquagensimo

161 1013 277 1093 quarto
301 1009 341 1072 ad
365 1008 507 1072 edietum
531 1005 580 1093 (P.
596 1004 685 1092 657).
707 1044 752 1055 —
775 1008 1023 1092 ..adquirimus
1046 1031 1175 1093 posses·

161 1097 285 1162 sionem
307 1119 366 1182 per
389 1119 517 1161 servum
542 1101 598 1160 aut
615 1096 728 1179 filium,
751 1096 806 1181 qui
825 1097 857 1160 in
875 1100 1038 1181 potestate
1058 1102 1116 1180 est,
1141 1103 1176 1162 et

160 1185 289 1270 quidem
314 1208 424 1250 carum
447 1207 568 1264 rerum,
597 1207 676 1268 quas
700 1185 906 1269 peculiariter
928 1190 1049 1269 tenent,
1073 1187 1174 1252 etiam

158 1275 360 1359 ignorantes,
393 1276 476 1339 siout
507 1271 628 1338 Sabino
663 1280 696 1339 et
723 1272 835 1339 Cassio
855 1275 1063 1360 ...placuit‚
1096 1276 1174 1360 quia

157 1369 271 1428 nostra
294 1364 463 1428 voluntate
486 1363 721 1448 intellegantur
741 1363 916 1447 possidere,
940 1365 996 1449 qui
1014 1363 1060 1428 eis
1078 1386 1174 1447 pecu·

159 1453 239 1517 lium
262 1453 381 1517 habere
404 1451 655 1536 permiserimus.

467 1646 494 1703 2.
524 1642 572 1700 Ad
594 1643 643 1702 ius
666 1644 867 1704 honorarium.

422 1752 473 1817 De
494 1754 563 1818 iure
584 1755 710 1818 domum
732 1755 901 1819 revocandi.

248 1867 298 1933 18.
321 1868 360 1933 D.
374 1868 449 1954 5,1‚
464 1870 516 1952 24,
528 1870 558 1933 2.
594 1867 684 1933 Idem
700 1867 760 1951 (sc.
774 1864 910 1955 Paulus)
930 1869 1013 1934 libro
1029 1869 1172 1953 septimo

142 1956 281 2044 ,decimo
306 1958 346 2022 ad
365 1956 530 2022 Plautium
554 1956 603 2040 (P.
619 1956 742 2042 12312).
770 1995 807 2005 —
834 1959 907 2022 ..si
930 1958 1114 2042 postulatur
1136 1961 1173 2024 in

156 2067 225 2110 rem
250 2047 335 2112 actio
360 2046 514 2111 adversus
538 2046 692 2131 legatum,
716 2047 871 2132 numquid
890 2047 996 2111 danda
1015 2046 1067 2129 sit,
1091 2069 1173 2132 quo-

155 2134 243 2199 niam
264 2157 302 2199 cx
319 2136 483 2220 praesenti
501 2135 705 2219 possessione
724 2135 804 2199 haec
823 2140 907 2200 actio
927 2135 998 2200 cst‘?
1036 2133 1173 2202 Cassius

155 2224 323 2307 respondit
341 2225 386 2288 sio
405 2223 608 2304 servandum,
627 2227 673 2304 ut,
692 2223 720 2287 si
739 2223 937 2289 subducatur
952 2225 1171 2291 ministerium

156 2313 194 2396 ei,
218 2335 283 2376 non
308 2312 352 2376 sit
376 2311 578 2377 concedenda
602 2312 697 2393 aetio,
721 2313 847 2377 sivero
873 2334 912 2376 cx
935 2313 1047 2376 multis
1068 2315 1170 2378 servis

155 2401 194 2465 de
218 2423 283 2466 uno
307 2411 438 2486 agatur,
461 2423 525 2465 non
550 2403 593 2464 sit
617 2400 801 2465 inhibenda.

293 2579 353 2661 Qui
374 2580 440 2644 uisi
457 2599 516 2661 pro
539 2581 629 2644 certis
647 2580 789 2661 personis
810 2599 849 2643 ue
866 2579 1030 2660 postulent.

242 2709 278 2769 D.
300 2713 329 2782 3,
348 2713 414 2787 2,1
448 2709 600 2769 Praetoris
631 2709 724 2769 verba
755 2708 870 2768 dicunt:
903 2703 927 2766 ³.
947 2752 982 2770 ..
1010 2709 1062 2784 qui
1093 2711 1170 2770 artis

152 2798 286 2857 ludicrae
308 2799 562 2874 pronuntiandive
586 2816 677 2858 causa
699 2798 731 2856 in
754 2816 891 2857 scaenam
912 2790 1079 2872 prodierit'

244 2918 294 2980 19.
319 2916 356 2980 Ι).
371 2919 401 2998 3,
415 2919 445 2998 2,
459 2918 537 2999 4pr.
573 2915 735 3000 Ulpianus
754 2917 838 2981 libro
858 2920 950 2980 sexto
970 2916 1010 2980 ad
1028 2917 1171 2983 edictum

152 3000 201 3089 (P.
217 3001 322 3090 2791').
348 3042 385 3052 -
411 3006 565 3069 Athletas
590 3054 623 3068 ..
648 3002 785 3069 Sabinus
813 3009 846 3067 et
874 3003 1005 3070 Cassius
1033 3027 1169 3090 respon·

152 3092 269 3156 derunt
300 3094 431 3157 omnino
465 3098 568 3156 artem
600 3091 755 3156 ludicram
788 3114 853 3157 non
886 3092 1004 3177 faeere3
1037 3095 1168 3161 virtutis

152 3181 239 3244 enim
263 3182 369 3265 gratia
392 3182 454 3245 hoc
476 3180 591 3245 facere.
705 3257 715 3278 ,

493 3347 540 3405 De
561 3351 671 3420 recepto
695 3348 824 3406 arbitrio.

134 3419 136 3425 Ι
241 3457 293 3521 20.
325 3455 365 3521 D.
384 3458 414 3540 4,
433 3458 464 3543 8,
480 3458 534 3523 40.
579 3456 776 3540 Pomponius
809 3457 894 3523 libro
926 3457 1094 3522 undecimo
1128 3479 1168 3522 ex

152 3542 264 3610 Variis
274 3545 483 3612 Lectionibus
494 3545 544 3632 (P.
553 3544 642 3634 832).
653 3583 695 3596 --
706 3545 839 3612 Arbiter
849 3545 990 3611 calendis
1003 3544 1167 3612 Ianuariis
