2568 3912
252 233 285 286 II.
304 232 544 288 INCERTORUM
564 231 793 288 SENTENTIAE
812 233 859 287 ET
877 231 984 286 LIBRI.
1057 233 1122 298 559

114 400 149 461 01
171 397 342 480 ignorante
367 397 550 461 edversario
574 396 789 461 constituitur.
836 397 912 481 quin
931 397 1030 462 etiam
1049 402 1124 464 sunt

115 487 171 570 qui
195 489 311 571 putant
335 508 407 550 eum
433 507 558 570 quoque
587 489 827 568 procuratorem
850 486 958 569 videri,
983 487 1033 553 cui
1056 509 1124 552 101

114 576 159 639 sit
177 575 374 658 mandatum,
398 574 426 638 si
445 575 540 639 modo
560 575 646 639 bone
663 573 725 638 fide
746 573 877 640 accedat
895 574 936 639 ad
954 577 1122 661 negotium

114 667 148 728 et
171 668 283 728 caveat
305 667 411 728 ratam
434 685 502 727 rem
526 663 691 727 dominum
714 662 910 728 habiturum.

204 779 277 843 151.
323 778 362 843 Ι).
386 779 415 858 3,
440 780 469 862 3,
495 781 521 843 1.
567 777 726 861 Ulpianus
759 777 842 842 libro
865 799 951 842 1010
975 778 1017 843 ad
1039 780 1122 845 edic-

114 870 192 933 tum.
214 904 251 914 -
346 867 492 951 quamvis
512 866 650 952 quidam,
669 870 707 931 ut
720 865 918 949 Pomponius
1001 868 1123 952 scribit,

112 977 178 1020 101
207 959 323 1040 putent
350 955 445 1021 unius
473 957 520 1020 rei
543 955 730 1020 mandatum
755 955 983 1039 suscipientem
1008 979 1122 1038 procu·

112 1048 256 1110 retorem
276 1066 354 1128 esse,
372 1044 466 1110 sicuti
484 1067 525 1109 ne
539 1045 567 1108 is
587 1044 724 1127 quidem,
745 1044 799 1128 qui
818 1066 887 1108 rem
901 1045 1122 1128 perferendam

113 1133 164 1197 vel
189 1133 361 1217 epistulam
385 1133 436 1198 rel
459 1133 608 1197 nuntium
633 1132 856 1216 perferendum
876 1135 1027 1216 suscepit,
1050 1156 1122 1217 prc-

112 1221 181 1307 prie
205 1223 396 1306 appellatur.

350 1400 438 1481 Quod
459 1404 555 1464 metus
578 1419 671 1464 ceusu
691 1403 807 1481 pastum
830 1400 894 1464 erit

204 1525 276 1591 152.
312 1524 351 1589 D.
375 1525 407 1609 4,
425 1524 455 1607 2,
474 1524 504 1605 9,
524 1524 553 1588 2.
599 1523 757 1606 Ulpianus
781 1524 864 1588 libro
889 1523 1058 1588 undecimo
1083 1524 1122 1588 ad

113 1613 327 1678 01101111.-
347 1663 397 1678 ...
420 1612 619 1696 Pomponius
644 1613 755 1676 scribit
778 1612 933 1696 quosdam
953 1661 983 1676 ..
1007 1617 1122 1697 putare

113 1703 213 1767 etiam
237 1703 320 1766 servi
342 1703 628 1765 manumissionem
648 1703 697 1764 vel
722 1700 859 1766 aedificii
878 1701 1124 1783 depositionem,

113 1813 211 1874 quarn
231 1792 302 1874 quis
326 1795 456 1856 coactus
475 1790 561 1872 fecit,
586 1790 626 1853 ad
646 1791 883 1854 restitutionem
906 1789 1001 1853 huius
1027 1790 1122 1854 edicti

112 1880 342 1964 porrigendam
367 1902 444 1945 esse.

205 1985 277 2051 153.
325 1986 362 2054 D.
392 1988 423 2069 4,
451 1987 480 2070 2,
510 1987 560 2066 14,
588 1983 619 2050 5.
663 1983 823 2068 Ulpianus
846 1985 930 2049 libro
953 1985 1121 2051 undecimo

115 2075 155 2140 ad
179 2075 327 2140 edictum.
348 2113 386 2122 —
414 2075 590 2160 ..quidam
614 2078 731 2159 putant
754 2074 920 2139 bonafide
944 2080 1121 2159 emptorem

113 2166 297 2248 absequi
324 2186 392 2228 rem
420 2164 530 2228 intulit
558 2166 797 2248 comparantem
827 2186 892 2229 101
928 2164 1031 2227 teneri
1062 2185 1121 2227 nec

112 2275 186 2318 eum
212 2255 267 2336 qui
291 2253 375 2317 dono
399 2253 522 2335 accepit
545 2255 595 2317 vel
620 2253 671 2318 cui
693 2274 744 2315 res
768 2252 877 2336 legate
900 2254 958 2318 est.

202 2382 237 2441 cf.
261 2401 289 2457 p.
314 2382 386 2440 241.

493 2490 543 2555 Dc
564 2491 632 2555 dolo
653 2491 745 2555 malo.

163 2594 165 2597 Ι
205 2615 276 2680 154.
322 2614 361 2679 D.
384 2616 415 2698 4,
438 2615 468 2697 3,
493 2614 543 2697 18,
561 2614 590 2678 5.
636 2613 755 2677 Paulus
783 2613 866 2677 libro
890 2612 1057 2676 undecimo
1082 2613 1122 2676 ad

112 2705 262 2770 edictum.
293 2741 334 2750 -
369 2701 404 2768 si
437 2725 579 2786 servum,
616 2724 708 2788 quem
739 2707 774 2766 tu
807 2701 886 2766 milri
917 2703 1122 2785 promiseras,

114 2794 197 2858 alius
222 2792 385 2876 occiderit,
408 2792 446 2856 de
469 2793 542 2856 dolo
567 2793 653 2855 malo
676 2792 834 2855 actionem
853 2789 978 2873 <mihi>
996 2789 1028 2853 in
1048 2813 1121 2855 eum

113 2883 252 2946 dandam
273 2881 466 2967 plerique..
486 2884 612 2965 putant,
636 2881 765 2964 quintu
784 2901 803 2943 a
822 2901 872 2944 me
892 2879 1048 2944 liberatus
1068 2881 1122 2946 sis.

449 3076 498 3142 Dc
521 3077 617 3158 cupite
638 3077 776 3140 minutas.
873 3100 876 3110 ¹

207 3201 278 3268 155.
323 3201 362 3266 D.
393 3202 443 3285 15,
473 3203 501 3283 1,
528 3201 580 3265 42.
630 3199 720 3264 Idem
749 3198 805 3286 (sc.
835 3198 1009 3284 Ulpianus)
1037 3200 1120 3264 libro

114 3291 301 3357 duodecimo
326 3293 365 3354 ad
389 3292 537 3356 edictum.
561 3289 664 3354 -In
689 3290 914 3374 adrogatorem
933 3290 971 3352 de
995 3289 1121 3372 peculio

113 3381 275 3445 actionem
299 3379 435 3444 dandam
458 3379 590 3464 quidam
687 3383 810 3462 putant.

204 3503 351 3586 ‘quamvis
376 3507 503 3566 Sabinus
527 3511 558 3566 et
581 3505 700 3566 (lessius
729 3525 764 3566 ex
788 3510 856 3565 ante
888 3508 973 3582 gesto
1005 3507 1041 3562 de
1069 3524 1121 3578 pe·

113 3599 195 3659 01110
220 3597 366 3656 actionem
388 3614 448 3654 101
471 3615 535 3656 esse
559 3595 686 3654 dandam
710 3587 899 3654 existiment'.

1177 3728 1219 3735 ....
