2570 3904
114 1070 190 1168 ΠΙ.
227 1069 346 1168 suu
378 1068 604 1168 curuos
634 1003 1122 1236 serenissimus

17 1235 19 1244 ’
198 1245 432 1345 osseus
465 1246 709 1345 visuum
746 1225 1049 1402 inpressu

940 1404 948 1418 θ
991 1417 992 1420 .

392 1423 539 1523 Hills
578 1423 844 1523 CONSULTI

207 1646 328 1705 Sueten.
356 1643 450 1724 calig.
480 1647 531 1705 34.
588 1645 633 1704 De
664 1645 739 1705 iuris
769 1691 775 1704 .
801 1692 807 1704 .
839 1648 995 1722 consultis,
1036 1633 1123 1725 iluasi

116 1734 259 1794 scientiae
289 1753 392 1794 eorum
419 1753 536 1794 omnem
565 1753 652 1793 usum
680 1734 847 1795 aboliturus
875 1754 962 1812 saepe
989 1737 1123 1811 iactavit,

115 1841 147 1883 se
179 1823 349 1883 mehercule
385 1823 575 1897 effecturum,
610 1843 648 1882 ne
683 1823 756 1900 quid
791 1824 971 1900 respondere
1006 1826 1123 1902 possint

113 1915 235 1989 praeter
258 1931 335 1972 eum.

206 2001 318 2061 Seneca
357 2001 388 2059 in
429 2001 668 2078 apocolocyntosi
702 2003 743 2059 12
786 1993 941 2082 (Petronii
982 2006 1038 2064 sal.
1076 2004 1121 2064 ed.

113 2090 282 2150 Buecheler
303 2109 332 2166 p.
353 2080 432 2170 234)
459 2090 496 2148 de
523 2108 625 2148 rerum
653 2092 722 2166 posi
745 2087 864 2149 Claudii
887 2094 1015 2151 mortem
1038 2095 1122 2153 statu

113 2181 232 2239 narrat:
268 2172 399 2255 ‘Agatho
423 2184 455 2237 et
476 2177 564 2254 pauci
587 2177 729 2238 causidici
751 2178 923 2256 plorabam,
953 2181 1005 2240 sed
1033 2182 1121 2257 plane

115 2287 151 2328 ex
174 2267 281 2326 animo.
327 2267 531 2327 iurisconsulti
554 2285 590 2326 ex
617 2266 748 2326 tenebris
771 2268 984 2344 procedebant,
1007 2269 1122 2350 pallidi,

113 2356 253 2435 graciles,
275 2355 325 2414 vix
348 2356 477 2415 animam
499 2355 653 2429 habentes,
676 2359 820 2432 tanquam
839 2357 976 2433 quitum
994 2358 1121 2418 maxime

113 2445 335 2506 reviviscerent.
372 2463 408 2504 ex
430 2444 476 2502 his
496 2461 572 2507 unus
590 2463 659 2504 cum
677 2445 801 2524 vidisset
819 2445 919 2520 capita
937 2447 1121 2507 conferentes

115 2538 146 2594 et
173 2533 311 2593 fortunas
339 2551 409 2593 suas
437 2533 626 2608 deplorantes
656 2533 833 2609 causidicos,
866 2534 980 2594 accedit
1007 2537 1039 2594 et
1065 2535 1121 2594 sit:

114 2622 251 2683 dicebam
274 2622 371 2683 vobis:
394 2641 453 2681 non
475 2639 592 2698 semper
616 2621 787 2681 Saturnalia
809 2616 917 2681 erunt'.

115 2799 139 2846 1.
160 2790 303 2847 Curtilius.
322 2821 355 2832 -
380 2797 405 2846 2.
426 2790 526 2846 Varius
546 2791 688 2846 Lucullus.
711 2820 745 2830 -
769 2795 794 2844 8.
817 2787 854 2843 Μ.
875 2787 1006 2844 Cocceius
1027 2789 1121 2847 Nerva

113 2862 186 2919 111.
207 2893 241 2902 —
261 2867 286 2917 4.
306 2863 335 2918 G.
351 2861 461 2918 Cassius
478 2860 628 2932 Longinus.
649 2891 682 2900 -
701 2864 726 2914 5.
744 2859 853 2917 Pedius.
872 2890 906 2900 -
917 2865 950 2918 ·6.
969 2861 1120 2932 Longinus.

113 2965 147 2975 -
167 2940 192 2989 7.
213 2933 353 2988 Proculus.
369 2965 402 2974 -
422 2939 447 2990 8.
462 2931 577 2988 Urseius
591 2932 687 2988 Ferox.
702 2963 736 2972 -
751 2935 775 2988 9.
790 2929 947 2990 Atilicinus.
962 2963 995 2973 ·-
1012 2938 1052 2990 10.
1067 2933 1120 2989 ru-

387 3004 478 3060 fidins.
493 3008 577 3060 -11.
597 3003 728 3060 Caninius
746 3001 868 3058 Rebilus.

462 3236 496 3316 l.
525 3239 775 3314 claumos

201 3383 278 3445 iuris
297 3386 449 3446 consultus
463 3385 592 3464 ignotus,
611 3385 669 3444 nisi
682 3385 760 3460 quod
774 3384 917 3444 Proculus
932 3387 962 3444 el
974 3383 1119 3460 Ulpianus

111 3474 175 3534 eius
205 3473 370 3535 sententias
398 3475 535 3553 laudant,
563 3474 671 3550 quibus
700 3473 855 3532 sententiis
882 3488 1025 3546 responsa
1051 3486 1119 3526 con·

110 3563 200 3624 lineri
222 3561 371 3623 videnlur.
895 3649 910 3683 *

874 3655 888 3700 1
