2602 3906
428 233 451 284 a.
475 228 684 286 averanus
702 229 849 286 narseus
1076 231 1141 296 447
1181 201 1192 222 ’

221 426 271 493 De
293 429 441 510 emptione
463 429 633 493 venditione
654 433 683 493 et
703 430 740 493 de
760 429 907 494 mandato
930 430 1056 495 emendi

409 549 457 608 De
478 551 564 623 fandi
587 551 698 610 emendi
719 551 864 610 mandato.

225 658 277 724 37.
300 657 546 741 D.17,1‚36pr.
578 659 747 724 Iavolenus
760 659 845 724 libro
860 659 997 743 septimo
1013 682 1051 725 cx
1066 659 1144 727 Oas-

139 749 196 814 sio.
207 784 247 794 —-
259 747 313 832 (D.
326 749 376 831 17,
389 750 416 830 1,
426 748 479 813 35.
502 746 654 812 Neratius
662 747 745 813 libro
755 749 867 832 quinto
875 750 1144 814 Membranarum.

139 835 174 903 si
200 836 347 918 fundum,
379 837 435 921 qui
462 857 501 900 ex
528 843 620 921 parte
648 841 723 901 tuus
751 841 814 922 est,
843 837 992 902 mandavi
1019 837 1081 902 tibi
1108 841 1145 902 ut

138 947 259 991 emeres
278 924 367 1009 mihi,
386 947 495 990 veram
515 933 565 991 est
582 926 772 990 mandatum
789 947 884 1010 posse
898 925 945 991 ita
959 927 1148 1010 consistere,

137 1018 173 1080 ut
194 1015 275 1079 mihi
299 1015 412 1079 ceteris
431 1015 580 1097 partibus
599 1015 773 1099 redemptis
792 1015 890 1079 etiam
908 1019 998 1079 tuam
1018 1021 1145 1099 partem

136 1107 302 1188 praestare
326 1102 453 1168 debeas.
495 1103 550 1167 sed
569 1104 597 1168 si
616 1103 743 1186 quidem
763 1107 851 1169 certo
870 1104 975 1188 pretio
995 1103 1146 1169 emendas
1257 1105 1261 1112 '

138 1214 192 1256 eas
221 1191 454 1274 mandaverim,
481 1193 731 1275 quanticumque
759 1194 896 1257 aliorum
922 1196 1031 1278 partes
1057 1193 1145 1257 rede·

136 1281 249 1365 meria,
281 1281 328 1344 sic
358 1285 390 1344 ct
416 1283 472 1368 tua
499 1303 575 1364 pars
604 1280 817 1363 coartabitur,
849 1286 886 1346 ut
912 1303 976 1346 non
1004 1281 1147 1346 abundet

137 1369 284 1435 mandati
312 1369 539 1454 quantitatem,
568 1370 602 1434 in
631 1392 727 1454 quam
754 1371 815 1435 tibi
843 1370 1012 1434 emendum
1040 1373 1146 1435 totum

138 1457 301 1524 mandavi.
323 1458 374 1522 sin
393 1461 501 1523 autem
520 1459 610 1523 nullo
629 1463 716 1523 certo
732 1459 1027 1543 pretioeonstituto
1042 1480 1146 1523 emere

138 1545 200 1612 tibi
223 1548 441 1611 mandaverim
462 1553 561 1633 tuque
584 1569 622 1611 ex
645 1547 781 1612 diversis
804 1546 916 1631 pretiis
939 1551 1045 1632 partes
1065 1550 1147 1612 oete·

138 1657 247 1702 rorum
270 1635 455 1718 redemeris,
483 1640 627 1700 stiuam
651 1640 776 1720 partem
800 1635 861 1702 viri
886 1636 964 1701 boni
988 1637 1148 1702 arbitratu

139 1723 308 1790 aestimato
337 1725 440 1808 pretio
468 1723 539 1789 dari
568 1722 724 1812 oportet),
751 1726 797 1790 ita
824 1731 859 1789 nt
885 1745 987 1790 omnes
1008 1745 1147 1790 sammaa

138 1815 270 1878 nramres
300 1818 329 1879 et
358 1815 492 1879 minores
522 1819 670 1879 eoooeroet
699 1819 728 1879 et
758 1815 804 1878 ita
829 1815 1003 1897 portimem
1034 1814 1062 1878 ei
1093 1814 1148 1898 qni

138 1903 322 1968 mandatnm
348 1905 478 1986 ancipit
498 1907 638 1985 praestet.
688 1905 771 1985 qnod
795 1907 824 1968 et
844 1903 983 1985 pieriam
1004 1903 1147 1984 probam.

228 1992 279 2058 38.
298 1990 338 2055 D.
351 1990 426 2055 ibid.
442 1994 503 2072 51.
518 2029 560 2038 -
574 1991 681 2058 Simili
699 1993 787 2057 modo
805 1996 834 2056 et
850 1993 885 2056 in
902 1992 961 2057 itia
972 1992 1077 2077 speeie,
1095 1991 1149 2057 eibi

140 2085 217 2145 certo
248 2082 348 2163 pretio
385 2080 441 2146 tdri
476 2102 571 2146 emere
602 2082 752 2146 mandavi
782 2085 810 2146 et
841 2081 980 2146 aliarum
1007 2082 1158 2164 partiam

139 2170 263 2235 nomine
289 2171 440 2235 commode
461 2171 614 2253 nepotinm
633 2171 755 2252 pessisti
777 2174 805 2235 et
827 2170 921 2236 oiiins
943 2171 1063 2251 emeris,
1086 2190 1148 2252 pro

140 2263 195 2322 tna
220 2263 312 2340 porte
343 2263 464 2323 tantam
496 2260 551 2324 titi
571 2264 764 2343 praestatur,
796 2261 906 2341 quanti
937 2261 1059 2325 interest
1085 2264 1149 2344 tao,

139 2347 301 2412 dnmmodo
332 2348 420 2412 intro
450 2348 485 2412 id
510 2349 658 2431 pretinm,
689 2350 772 2431 qnod
796 2349 943 2413 mundae
970 2349 1148 2413 continetnr.

139 2436 215 2518 qnid
235 2437 317 2500 enim
338 2437 398 2520 fiet,
420 2437 449 2502 si
470 2438 577 2520 mipno
595 2437 695 2519 pretio
716 2436 759 2518 iii,
781 2457 850 2502 cnm
870 2437 980 2518 qnibris
998 2437 1053 2500 aaa·
1070 2456 1148 2500 oom-

140 2525 245 2590 mnnis
265 2523 384 2606 fnndns
406 2529 480 2608 erat,
502 2546 566 2590 rem
584 2525 700 2590 abicere
716 2525 762 2590 oei
779 2525 952 2590 necessitate
969 2525 1014 2589 rei
1029 2523 1149 2605 famdi·

140 2614 208 2678 aris
231 2613 278 2679 oei
299 2613 366 2678 otia
388 2634 482 2680 cansa
505 2613 703 2698 coperentnr?
749 2633 811 2678 non
833 2615 927 2678 etium
950 2619 983 2677 tn
1004 2614 1048 2678 ad
1069 2613 1150 2676 idem

141 2703 337 2785 dispendium
359 2703 522 2768 deduceris.
562 2703 615 2768 sed
635 2723 688 2767 neo
710 2702 829 2767 tnanm
852 2702 909 2766 titi
926 2721 963 2766 en
980 2701 1038 2766 tao
1055 2720 1150 2767 cansa

140 2791 302 2874 adoniram
336 2791 433 2876 detes,
464 2812 533 2856 cnm
559 2792 742 2855 mandatnm
765 2791 938 2873 protnitnm
965 2809 1027 2856 esse
1052 2789 1150 2868 debet·

127 2901 235 2964 *neone
256 2881 343 2946 enim
365 2881 421 2945 tati
442 2881 660 2946 concedendam
678 2884 722 2944 est
732 2883 860 2962 propter
877 2878 931 2944 hoo
948 2879 1150 2945 venditionem

141 2970 296 3052 inpedire,
319 2972 400 3052 qieod
416 2970 632 3037 animosiorem
651 2969 717 3034 eins
734 2970 780 3034 rei
797 2972 959 3052 emptorem
977 2988 1150 3052 essequam

142 3059 199 3124 titi
220 3059 402 3124 mandatam
424 3064 469 3125 est
488 3059 666 3142 capnooeris.

233 3148 284 3213 39.
311 3147 351 3213 D.
364 3147 439 3213 ibid.
453 3150 474 3229 ξ
488 3148 518 3212 2.
532 3185 575 3195 -
591 3147 679 3230 Quod
694 3148 724 3212 si
738 3147 882 3231 fandnm,
904 3148 958 3230 qni
972 3167 1029 3230 per
1045 3151 1150 3230 partes

142 3237 236 3315 oenit,
264 3237 423 3302 anaidem
449 3238 504 3302 titi
528 3238 735 3318 mandassem,
762 3238 815 3302 sed
835 3237 951 3319 itai
915 3241 951 3300 at
974 3257 1038 3301 non
1060 3237 1151 3301 aliter

142 3326 290 3391 mandato
309 3330 420 3405 anaor,
442 3347 536 3409 paam
552 3328 582 3391 ci
601 3331 696 3391 totam
711 3325 846 3407 fandnm
863 3345 986 3409 emeres,
1008 3326 1037 3390 si
1055 3330 1151 3389 totam

143 3435 239 3482 emere
265 3434 328 3480 non
349 3417 505 3502 potueris:
532 3417 567 3479 in
588 3415 734 3497 portitores
760 3415 893 3479 emendis
919 3414 976 3479 rat
998 3415 1152 3515 nepotimn

140 3523 282 3589 passeres,
316 3505 379 3569 sive
413 3504 598 3571 totamm
585 3525 621 3568 m
652 3523 684 3567 eo
708 3501 806 3583 fando
831 3507 955 3584 partem
988 3502 1049 3566 siae
1079 3521 1153 3581 non,

144 3599 174 3659 et
198 3595 322 3672 eveniet,
349 3594 423 3657 nt
409 3613 439 3659 ec
465 3593 514 3658 oni
540 3592 599 3657 tote
620 3592 804 3655 mandatnm
825 3592 932 3654 datam
955 3594 998 3654 esi
1014 3586 1151 3669 periente
