2570 3904
394 197 418 245 4.
439 191 468 245 C.
484 189 627 246 euscius
647 191 832 248 LONGINUS
1077 194 1120 259 49

109 354 222 422 Celsus
256 354 368 419 scribit
395 353 499 439 magis
527 354 719 438 supellectili
746 354 987 420 adnumeranda
1015 360 1048 420 et
1074 357 1122 422 ita

110 443 266 510 Sabinum
289 447 323 508 et
345 441 494 508 Cassium
516 446 640 526 putare.

482 635 529 692 De
546 651 626 708 pena
648 636 750 708 ἱεραῖσι.

197 755 251 819 49.
275 752 489 838 D.33,9,5pr.
531 752 649 816 Paulus
668 753 752 818 libro
772 758 885 836 quarto
905 755 945 818 ad
965 753 1121 821 Sabinum

111 843 159 926 (P.
171 841 282 928 1677).
301 879 345 890 -
362 841 438 907 Non
456 862 552 906 omne
571 841 656 924 quod
675 842 799 905 bibitur
816 842 850 905 in
868 864 952 926 penu
971 843 1121 910 habetur:

112 931 234 1016 alioqui
257 952 386 995 necesse
409 935 469 1015 est,
491 934 528 994 ut
551 930 661 995 omnia
682 930 915 995 medicamenta
935 953 1015 1015 quae
1035 934 1122 998 bibe·

111 1025 222 1085 rentur
250 1021 484 1085 contineantur.
529 1017 636 1101 itaque
665 1040 702 1082 ea
730 1019 858 1082 demum
885 1022 1014 1103 penoris
1043 1043 1122 1107 esse,

112 1131 191 1194 quae
212 1109 320 1174 alendi
339 1131 435 1173 causa
453 1107 648 1187 biberentur,
668 1129 731 1191 quo
746 1107 780 1172 in
793 1129 926 1173 numero
942 1109 1121 1175 antidotum

113 1221 178 1264 non
202 1201 260 1262 est.
307 1201 339 1260 et
362 1219 438 1261 sane
461 1218 536 1260 vere
559 1194 690 1260 Cassius
714 1196 823 1260 sensit

459 1399 506 1455 De
525 1399 645 1471 pecarnis
668 1397 776 1470 topatio.

199 1518 252 1584 50.
281 1517 320 1582 D.
335 1517 387 1592 34,
402 1518 432 1597 2,
447 1516 498 1597 19,
515 1516 564 1581 19.
604 1514 765 1599 Ulpianus
783 1514 866 1580 libro
885 1516 1062 1582 vicensimo
1082 1518 1120 1582 ad

12 1591 14 1660 i
112 1606 266 1672 Sabinum
286 1605 335 1691 (P.
344 1605 455 1689 2606).
475 1641 517 1650 -
535 1603 681 1670 Murrina
704 1652 731 1667 ..
753 1626 830 1668 vasa
849 1605 883 1668 in
902 1606 1037 1690 gemmis
1057 1629 1123 1672 non

12 1703 13 1730 ¹
112 1718 180 1761 csse
204 1693 337 1760 Cassius
361 1693 481 1758 scribit.

212 1896 259 1954 De
280 1899 356 1954 ceste
377 1895 483 1954 mundo
505 1896 682 1954 ornamentis
704 1895 891 1955 muliebribus
913 1897 1020 1970 tepetis.

200 2013 252 2080 51.
277 2013 316 2077 D.
331 2015 384 2097 34,
397 2014 427 2090 2,
442 2013 471 2078 8.
515 2010 605 2076 Idem
629 2009 687 2098 (sc.
706 2009 841 2100 Paulus)
864 2013 948 2079 libro
971 2037 1057 2081 nono
1083 2016 1123 2080 ad

112 2103 275 2168 Plautium
301 2101 351 2184 (P.
371 2099 479 2187 1171).
504 2136 542 2146 -
568 2100 715 2165 Plautius
742 2151 748 2164 .
772 2101 888 2166 Mulier
915 2102 962 2167 ita
989 2103 1124 2188 legavit:

113 2191 267 2277 ‘quisquis
291 2190 372 2255 mibi
394 2191 487 2254 heres
511 2190 581 2269 erit,
604 2189 708 2254 Titiae
732 2197 855 2255 vestem
880 2189 1012 2276 [meam]
1033 2215 1123 2257 mun-

114 2279 186 2346 dum
197 2286 449 2362 ornamentaque
459 2278 631 2342 muliebria
640 2278 775 2344 damnas
787 2283 856 2346 esto
867 2279 965 2346 dare?
989 2279 1123 2347 Cassius

114 2370 167 2454 ait,
187 2371 213 2434 si
233 2391 300 2433 non
319 2372 488 2452 appareret
507 2368 582 2451 quid
600 2367 765 2451 sensisset,
784 2389 913 2433 omnem
932 2374 1056 2434 vestem
1076 2391 1123 2434 se·

113 2458 249 2524 cundum
273 2458 372 2521 verba
394 2456 583 2521 testamenti
604 2457 748 2540 legatam
771 2457 883 2522 videri.

200 2579 237 2638 u.
251 2578 335 2637 Paul.
351 2577 379 2653 s.
395 2579 428 2656 3,
444 2580 476 2652 a,
491 2579 542 2637 sc.

479 2755 525 2814 De
544 2755 626 2813 libris
649 2755 756 2828 tepetis.

201 2874 253 2938 52.
276 2873 316 2937 D.
330 2874 382 2951 32,
396 2875 438 2939 52
447 2897 493 2957 pr.
533 2872 692 2958 Ulpianus
709 2871 793 2937 libro
812 2872 986 2938 vicensimo
1007 2877 1123 2958 quarto

114 2963 153 3027 ad
182 2960 337 3026 Sabinum
366 2959 415 3048 (P.
436 2958 548 3049 2661).
576 2999 618 3008 -
727 2960 826 3026 Gaius
850 2957 996 3026 Cassius
1011 2963 1124 3030 scribit

114 3051 221 3116 deberi
244 3054 277 3114 et
300 3051 503 3116 membranas
527 3050 619 3116 libris
642 3050 767 3135 legatis.

200 3171 285 3229 Paul.
303 3170 331 3231 S.
347 3174 376 3245 3,
392 3175 420 3251 6,
435 3173 485 3231 87.
530 3171 629 3230 Libris
652 3172 760 3248 legatis
784 3214 835 3230 ...
858 3173 1048 3232 membranae
1072 3217 1100 3233 ..
1116 3219 1124 3234 .

113 3260 305 3320 continentur
329 3306 334 3318 .
350 3306 357 3319 .
373 3308 378 3319 .

202 3369 254 3434 53.
275 3369 314 3434 D.
324 3369 400 3434 ibid.
410 3372 429 3450 ξ
440 3371 468 3434 3.
484 3368 645 3434 —Libris
661 3419 684 3434 ..
698 3370 815 3453 legatis
830 3369 1042 3435 bibliothecas
1057 3392 1124 3435 non

115 3458 272 3523 contineri
295 3457 434 3523 Sabinus
462 3458 582 3524 scribit.
627 3459 712 3522 idem
740 3460 773 3520 et
796 3455 939 3538 Cassius3
967 3458 1015 3521 ait
1038 3458 1123 3520 enim

114 3548 317 3612 membranas
346 3569 426 3631 quae
452 3547 588 3631 scriptae
612 3547 690 3629 sint,
718 3543 889 3620 contineri,
918 3545 1037 3626 <puras
1059 3563 1124 3605 non

167 3661 262 3710 Iurispr.
276 3661 394 3702 antehadr.
408 3660 456 3701 rell.
471 3661 505 3701 cd.
519 3659 619 3699 Brcmcr.
641 3658 672 3708 H,
682 3659 701 3696 2.
897 3651 914 3696 4
