2602 3906
290 209 310 261 Ι.
331 206 508 262 VETERUM
528 206 757 262 sannunnmu
776 207 823 262 ΕΤ
840 207 946 263 LIBRI.
1058 209 1121 274 517

317 369 355 434 Si
377 390 497 435 mensor
517 370 635 450 fulsum
657 373 780 436 modurn
803 371 924 438 onore.

204 486 255 551 63.
283 485 324 550 D.
353 486 403 566 11,
431 486 461 570 6,
493 487 510 550 l
542 507 588 569 pr.
642 485 801 569 Ulpianus
834 487 918 552 libro
952 488 1123 554 vicensimo
1256 559 1259 568 ,

115 578 230 659 quarto
262 576 301 638 ad
331 575 479 639 edictum.
505 611 543 620 —
569 573 732 639 Adversus
760 597 947 641 mensorem·
972 598 1123 661 agrorum

112 669 244 748 praetor
267 664 301 728 in
322 664 445 728 factum
469 664 628 728 actionem
651 665 822 748 proposuit
918 665 989 730 ideo
1014 671 1122 730 autem

112 753 196 817 hanc
216 753 376 818 actionem
395 751 574 836 proposuit,
598 753 756 836 quianon
777 753 979 818 crediderunt
998 759 1122 820 1161111

112 842 197 906 inter
233 841 333 906 talam
371 863 540 924 personam
577 841 770 905 locationem
808 845 840 906 et
877 842 1123 908 conductionem

112 952 192 1011 1111,
222 930 278 995 116
306 931 411 1014 magis
439 951 570 1014 operam
598 930 744 995 beneficii
771 932 841 995 loco
864 931 1013 1014 praeberi
1035 936 1068 996 et
1090 932 1123 998 id

111 1019 196 1104 quod
221 1019 314 1084 datur
338 1021 376 1102 ei,
405 1019 445 1083 ad
473 1019 739 1084 remunerandum
763 1019 833 1084 dari
860 1024 893 1083 et
920 1020 994 1083 inde
1022 1020 1121 1086 hono·

112 1109 234 1172 rarium
258 1108 423 1193 appellari.

521 1195 718 1261 Commodat.

201 1303 252 1367 64.
280 1302 320 1369 D.
349 1303 400 1388 13,
430 1304 459 1386 6,
492 1302 522 1388 5,
554 1304 583 1367 9.
639 1302 799 1386 Ulpianus
832 1302 915 1367 libro
947 1303 1122 1368 vicensimo

112 1395 227 1457 octavo
261 1392 300 1456 ad
333 1392 482 1456 edictum.
518 1428 556 1439 -
590 1414 787 1476 ...equam
818 1392 879 1456 tibi
912 1391 1124 1477 commodavi,

110 1503 207 1565 quam
239 1480 348 1565 pullus
381 1480 609 1545 comitabatur:
643 1482 740 1545 etiarn
771 1481 852 1565 pulli
884 1484 915 1545 61
943 1480 1122 1545 custodiam

110 1573 276 1650 praestare
301 1569 414 1634 debere
437 1576 560 1633 veteres
584 1570 824 1654 responderunt.

201 1657 252 1722 65.
276 1657 314 1721 D.
336 1658 412 1723 ibid.
431 1658 495 1738 §tt
517 1695 554 1704 -
577 1708 607 1725 ..
631 1681 674 1722 an
698 1659 794 1722 etiam
817 1658 959 1722 hominis
983 1679 1122 1723 commo·

112 1745 180 1811 dati
207 1747 353 1812 custodia
376 1751 570 1830 praestetur,
599 1747 685 1832 apud
708 1750 831 1811 veteres
855 1746 1039 1812 dubitatum
1063 1752 1122 1811 est.

202 1836 252 1901 66.
290 1835 328 1900 D.
356 1836 431 1900 ibid.
462 1837 481 1916 ξ
508 1838 557 1901 11.
589 1872 625 1882 -
657 1885 690 1900 ..
721 1834 906 1920 videndum,
938 1835 972 1900 in
1005 1836 1120 1919 quibus

112 1924 279 2010 speciebus
303 1924 498 1989 commodati
521 1925 606 1990 actio
630 1925 736 1990 locum
758 1924 885 1990 habeat.
918 1929 950 1990 et
970 1929 1019 1990 116
1037 1926 1121 2010 apud

112 2018 237 2078 1161111
261 2013 299 2077 61
322 2014 417 2078 huius
440 2013 529 2078 modi
552 2015 718 2099 speciebus
742 2012 932 2079 dubitatum.
977 2019 979 2026 “

518 2155 567 2220 De
585 2156 712 2238 peculio.

199 2264 251 2327 67.
283 2261 321 2326 D.
355 2262 406 2347 15,
439 2271 468 2345 1,
499 2263 551 2339 40,
587 2263 612 2326 1.
668 2261 852 2328 Marcianus
884 2263 968 2328 libro
1007 2264 1120 2348 quinto

110 2351 317 2435 Regularum.
339 2385 377 2398 -
398 2349 565 2426 Quomodo
585 2352 795 2434 ..peculium
818 2355 972 2433 nascitur,
995 2354 1121 2436 quaesi·

110 2445 183 2504 tum
216 2446 274 2505 est.
319 2448 352 2505 et
384 2441 432 2504 ita
459 2445 583 2504 veteres
613 2439 825 2523 distinguunt,
854 2441 880 2504 si
909 2441 942 2504 id
970 2441 1121 2524 adquisiit

112 2551 222 2594 servus
247 2530 331 2613 quod
355 2529 503 2593 dominus
527 2550 655 2592 necesse
679 2550 745 2592 non
767 2527 867 2592 habet
890 2532 1065 2612 praestare,
1087 2529 1121 2592 id

110 2639 183 2682 esse
206 2618 376 2703 peculium,
399 2618 426 2681 si
451 2639 526 2682 vero
551 2617 676 2680 tunicas
696 2621 752 2680 aut
770 2616 891 2700 aliquid
912 2616 1015 2681 simile
1035 2617 1121 2701 quod

111 2707 141 2771 ei
161 2706 309 2771 dominus
328 2728 458 2770 necesse
478 2706 575 2769 habet
594 2709 767 2789 praestare,
786 2727 850 2769 non
866 2727 935 2769 esse
949 2705 1118 2789 peculium.

457 2848 506 2914 De
523 2849 778 2929 praedicatoribus.

199 2956 250 3020 68.
275 2954 312 3020 D.
327 2955 381 3038 50,
393 2955 443 3037 16,
453 2955 495 3019 39
506 2977 552 3038 pr.
585 2954 704 3018 Paulus
727 2954 811 3019 libro
831 2955 1119 3040 quinquagensimo

109 3044 207 3110 tertio
235 3043 276 3108 ad
304 3044 453 3110 edictum.
484 3080 522 3090 -
553 3041 782 3128 subsignatum
805 3042 933 3129 dicitur,
964 3045 1049 3128 quod
1077 3045 1119 3109 ab

110 3133 218 3217 aliquo
247 3134 472 3216 subsignatum
501 3137 565 3216 est3
599 3155 676 3198 nam
707 3137 832 3198 1161111
865 3134 1119 3219 subsignationis

110 3223 209 3286 verbo
233 3244 292 3305 pro
317 3220 535 3305 adscriptione
558 3221 607 3285 uti
630 3221 786 3288 solebant.

332 3362 394 3443 Qui
414 3363 626 3444 fraudationis
648 3384 743 3430 conso
766 3365 905 3431 latitabit.

178 3479 249 3560 Ι69.
274 3478 312 3543 D.
336 3479 389 3562 42,
412 3481 442 3564 4,
467 3481 495 3562 7,
521 3481 570 3545 13.
607 3478 767 3564 Ulpianus
792 3480 875 3545 libro
899 3480 1117 3564 quinquagen-

108 3567 191 3633 simo
227 3589 314 3634 nono
352 3569 391 3632 ad
429 3568 577 3632 edictum.
617 3603 653 3614 -
692 3590 817 3634 ..eum
842 3567 953 3652 ..qui
984 3568 1019 3630 in
1047 3565 1117 3628 foro
