2568 3912
197 217 231 272 Π.
248 215 489 272 INCERTORUM
508 215 736 272 SENTENTIAE
754 217 800 271 ΕΤ
817 216 922 273 LIBRI.
1003 218 1068 282 555

55 381 158 446 alveis
195 380 314 443 nostris
354 381 482 444 evolant
518 383 551 444 et
588 380 760 445 secundum
804 381 1067 446 consuetudinem

56 469 204 553 redeunt,
226 490 246 533 a
269 469 363 533 nobis
388 468 553 552 possideri.

146 572 181 632 cf.
205 569 271 630 Gai.
299 572 328 648 2,
348 573 398 632 68.
668 638 685 672 ⁸

149 673 218 738 126.
249 671 318 737 Gai.
333 673 446 756 4153.
461 710 505 719 —
519 724 526 737 .
541 723 548 737 .
566 673 710 755 plerique
727 677 845 756 putant
863 674 970 738 animo
990 695 1068 758 quo·

55 784 118 848 que
150 762 282 826 retineri
309 761 581 845 possessio<nem,
604 761 637 824 id
661 765 768 825 estut
792 762 939 845 quamvis
962 784 1066 847 neque

53 851 120 935 ipsi
143 851 243 915 simus
267 850 301 913 in
324 851 547 934 possessione>
569 871 673 934 neque
691 859 802 915 nostro
822 851 952 915 nomine
974 851 1066 935 alius,

52 945 165 1006 tamen
202 939 230 1003 si
262 959 327 1002 non
361 937 589 1022 relinquendae
621 939 833 1022 possessionis
866 939 975 1004 animo
1009 941 1064 1004 sed

51 1034 168 1114 postea
200 1026 360 1092 reversuri
390 1028 466 1091 inde
493 1027 747 1111 discesserimus,
774 1029 912 1093 retinere
939 1049 1066 1113 posses·

52 1118 178 1182 sionem
202 1117 375 1180 uideamur.

145 1206 218 1270 127.
242 1204 281 1269 D.
295 1205 348 1286 41,
362 1204 392 1287 2,
407 1205 436 1286 3,
451 1206 480 1269 4.
524 1203 643 1270 Paulus
666 1205 749 1270 libro
774 1205 1064 1291 quinquagensimo

52 1299 171 1382 quarto
198 1293 239 1358 ad
264 1291 414 1360 edictum.
444 1329 488 1340 —
515 1293 566 1358 Ex
589 1293 732 1378 pluribus
761 1295 867 1359 causis
899 1293 1065 1379 possidere

50 1382 192 1449 eandem
214 1404 283 1447 rem
306 1404 486 1466 possumus,
509 1385 546 1446 ut
569 1382 699 1467 quidam
721 1387 839 1466 putant
862 1387 986 1447 etcum
1009 1384 1063 1466 qui

51 1469 341 1554 usucapere1pr0
365 1475 510 1555 emptore
534 1475 566 1534 et
588 1493 648 1555 pro
672 1493 730 1536 suo
754 1471 918 1555 possidere

146 1560 218 1625 128.
251 1559 371 1625 Seneca
395 1582 444 1642 ep.
469 1561 519 1642 79,
538 1561 569 1624 6.
590 1597 635 1607 -
661 1557 792 1645 Negant
818 1559 898 1625 iuris
924 1559 1063 1624 consulti

48 1648 230 1736 quidquam
254 1649 417 1731 publicum
440 1671 500 1713 usu
524 1649 595 1732 capi
617 1670 722 1730 posse.

148 1737 219 1803 129.
241 1735 362 1802 Seneca
384 1737 423 1802 de
447 1736 550 1802 benef.
569 1737 599 1816 6,
614 1737 643 1801 5.
668 1772 709 1783 -
734 1736 817 1801 luris
842 1737 1062 1802 consultorum

50 1828 132 1893 illae
151 1826 289 1908 ineptiae
309 1830 384 1890 sunt
402 1829 524 1909 acutae,
547 1825 601 1909 qui
619 1824 830 1890 hereditatem
848 1829 970 1910 negant
987 1848 1061 1890 usu·

48 1915 127 2000 capi
150 1935 253 1998 posse,
277 1915 332 1979 sed
355 1914 493 1998 <posse>
516 1937 553 1978 ea
577 1935 658 1997 quae
681 1915 715 1979 iu
738 1913 915 1979 hereditate
935 1918 1018 1979 sunt

146 2013 218 2078 130.
242 2010 280 2076 D.
290 2013 342 2093 41,
352 2012 382 2093 5,
392 2013 422 2077 3.
453 2011 649 2094 Pomponius
669 2012 754 2077 libro
773 2013 947 2077 vicensimo
962 2013 1059 2076 tertio

51 2103 95 2167 ad
117 2099 271 2177 Quintum
294 2101 445 2166 Mucium.
467 2100 674 2185 —Plerique
697 2105 899 2185 putaverunt,
923 2102 951 2164 si
970 2101 1062 2165 heres

51 2193 118 2256 sim
152 2192 184 2255 et
211 2194 323 2274 putem
350 2212 418 2253 rem
447 2190 587 2274 aliquam
616 2212 654 2254 ex
681 2189 858 2254 hereditate
886 2212 954 2254 esse
983 2212 1064 2274 quae

51 2301 120 2344 non
144 2279 199 2351 sit,
224 2299 318 2363 posse
342 2300 393 2343 me
415 2300 599 2362 usucapere.

145 2368 217 2432 131.
241 2365 279 2432 D.
302 2368 355 2446 41,
369 2369 399 2450 2,
413 2367 443 2451 3,
457 2367 486 2431 3.
524 2366 642 2432 Paulus
665 2368 749 2432 libro
774 2367 1063 2453 quinquagensimo

49 2461 172 2543 quarto
197 2455 237 2521 ad
260 2456 409 2521 edictum.
433 2489 475 2502 -
570 2454 690 2520 Brutus
714 2460 747 2520 et
770 2455 923 2520 Manilius
946 2458 1063 2538 putant

52 2569 129 2612 eum
143 2545 200 2630 qui
214 2545 348 2609 fundum
366 2565 425 2610 amu
439 2545 535 2628 cepit,
549 2544 646 2608 etiam
660 2544 871 2608 thensaurum
886 2545 1064 2628 cepisse...

50 2635 183 2721 quidam
212 2637 329 2717 putant
357 2630 467 2697 Sabini
496 2632 689 2697 senteutiam
720 2633 875 2697 veriorem
906 2654 975 2696 esse
1007 2653 1065 2696 nec

51 2723 137 2790 alias
161 2745 233 2787 eum
261 2723 317 2806 qui
345 2723 408 2787 soit
432 2721 610 2806 possidere,
639 2721 703 2785 nisi
731 2722 759 2785 si
784 2723 855 2785 loco
879 2724 986 2785 motus
1012 2720 1063 2803 sit,

49 2813 131 2898 quia
153 2833 219 2876 non
243 2811 286 2875 sit
309 2811 368 2875 sub
393 2810 538 2875 custodia
560 2814 684 2875 nostra.

146 2900 231 2965 132?
259 2900 298 2965 D.
312 2901 365 2982 41,
378 2900 409 2984 4,
423 2901 453 2983 2,
468 2899 497 2964 9.
533 2897 654 2963 Paulus
671 2899 755 2963 libro
775 2897 1064 2982 quinquagensimo

50 2993 172 3076 quarto
187 2989 228 3054 ad
243 2989 391 3053 edictum.
409 3023 447 3034 -
463 2985 709 3053 Procuratorem
727 3037 735 3052 .
750 3037 766 3068 .,
785 2986 893 3071 quiex
908 2988 1065 3071 auctione,

51 3101 152 3164 quam
179 3077 334 3141 mandatu
361 3076 484 3142 domini
507 3076 599 3160 facit,
630 3075 756 3159 emerit,
779 3076 923 3160 plerique
946 3080 1065 3160 putant

51 3167 208 3232 utilitati·
232 3187 329 3230 causa
351 3188 411 3250 pro
435 3170 579 3249 emptore
603 3169 842 3250 usucapturum.

145 3256 217 3320 133.
242 3254 280 3319 D.
294 3254 346 3334 41,
362 3255 392 3336 2,
408 3257 436 3338 1,
448 3255 500 3320 22.
531 3253 652 3319 Paulus
671 3254 755 3320 libro
775 3254 1064 3338 quinquagensimo

52 3349 169 3429 quarto
189 3344 230 3408 ad
250 3343 398 3408 edictum.
419 3379 460 3390 —
480 3392 510 3408 ..
546 3342 654 3409 Nerva
676 3344 763 3408 filius
783 3344 837 3426 ait,
860 3364 917 3426 per
936 3364 1063 3406 servum

52 3455 135 3518 quae
159 3431 364 3517 peculiariter
387 3432 597 3516 adquisierint
615 3432 672 3518 (sc.
691 3427 891 3516 municipes),
910 3435 943 3494 et
961 3429 1063 3512 possi-

126 3602 139 3644 1
160 3589 208 3646 Fr.
228 3590 338 3644 etcum
357 3588 406 3658 qui
424 3588 583 3659 usuceperit
601 3590 638 3642 et.
