<?xml version="1.0" encoding="UTF-8"?>
<!DOCTYPE html PUBLIC "-//W3C//DTD XHTML 1.0 Transitional//EN"
    "http://www.w3.org/TR/xhtml1/DTD/xhtml1-transitional.dtd">
<html xmlns="http://www.w3.org/1999/xhtml" xml:lang="en" lang="en">
 <head>
  <title>
</title>
<meta http-equiv="Content-Type" content="text/html;charset=utf-8" />
  <meta name='ocr-system' content='tesseract 3.04.00' />
  <meta name='ocr-capabilities' content='ocr_page ocr_carea ocr_par ocr_line ocrx_word'/>
</head>
<body>
  <div class='ocr_page' id='page_1' title='image "./iurisprudentiae03bremgoog_0269.png"; bbox 0 0 2580 3900; ppageno 0'>
   <div class='ocr_carea' id='block_1_1' title="bbox 294 194 1100 284">
    <p class='ocr_par' dir='ltr' id='par_1_1' title="bbox 294 194 1100 284">
     <span class='ocr_line' id='line_1_1' title="bbox 294 194 1100 284; baseline 0.017 -30"><span class='ocrx_word' id='word_1_1' title='bbox 294 205 320 255; x_wconf 86' lang='lat' dir='ltr'><strong>c.</strong></span> <span class='ocrx_word' id='word_1_2' title='bbox 339 194 579 257; x_wconf 74' lang='lat' dir='ltr'>PUTEOLANUS</span> <span class='ocrx_word' id='word_1_3' title='bbox 597 229 633 284; x_wconf 85' lang='lat'><strong>.··</strong></span> <span class='ocrx_word' id='word_1_4' title='bbox 652 207 677 255; x_wconf 79' lang='lat' dir='ltr'><strong>r.</strong></span> <span class='ocrx_word' id='word_1_5' title='bbox 695 199 892 256; x_wconf 69' lang='lat' dir='ltr'><strong>cinereus</strong></span> <span class='ocrx_word' id='word_1_6' title='bbox 1034 197 1100 267; x_wconf 82' lang='lat'><strong>239</strong></span> 
     </span>
    </p>
   </div>
   <div class='ocr_carea' id='block_1_2' title="bbox 92 362 1100 698">
    <p class='ocr_par' dir='ltr' id='par_1_2' title="bbox 92 362 1100 698">
     <span class='ocr_line' id='line_1_2' title="bbox 93 362 1100 452; baseline 0 -22"><span class='ocrx_word' id='word_1_7' title='bbox 93 362 198 452; x_wconf 86' lang='lat' dir='ltr'><strong>toris),</strong></span> <span class='ocrx_word' id='word_1_8' title='bbox 226 365 295 431; x_wconf 86' lang='lat' dir='ltr'><strong>sive</strong></span> <span class='ocrx_word' id='word_1_9' title='bbox 321 364 351 430; x_wconf 88' lang='lat' dir='ltr'><strong>ei</strong></span> <span class='ocrx_word' id='word_1_10' title='bbox 373 365 526 431; x_wconf 78' lang='lat' dir='ltr'><strong>mandavi</strong></span> <span class='ocrx_word' id='word_1_11' title='bbox 547 367 585 428; x_wconf 93' lang='lat' dir='ltr'><strong>ut</strong></span> <span class='ocrx_word' id='word_1_12' title='bbox 607 363 836 448; x_wconf 70' lang='lat' dir='ltr'><strong>pacisceretur,</strong></span> <span class='ocrx_word' id='word_1_13' title='bbox 864 365 932 430; x_wconf 86' lang='lat' dir='ltr'><strong>sive</strong></span> <span class='ocrx_word' id='word_1_14' title='bbox 956 367 1100 431; x_wconf 92' lang='lat' dir='ltr'><strong>omnium</strong></span> 
     </span>
     <span class='ocr_line' id='line_1_3' title="bbox 92 452 1099 538; baseline 0.001 -20"><span class='ocrx_word' id='word_1_15' title='bbox 92 477 193 520; x_wconf 87' lang='lat' dir='ltr'><strong>rerum</strong></span> <span class='ocrx_word' id='word_1_16' title='bbox 217 475 364 519; x_wconf 89' lang='lat' dir='ltr'><strong>mearum</strong></span> <span class='ocrx_word' id='word_1_17' title='bbox 386 457 578 538; x_wconf 84' lang='lat' dir='ltr'><strong>procurator</strong></span> <span class='ocrx_word' id='word_1_18' title='bbox 595 454 672 538; x_wconf 86' lang='lat' dir='ltr'><strong>fuit,</strong></span> <span class='ocrx_word' id='word_1_19' title='bbox 695 458 731 518; x_wconf 91' lang='lat' dir='ltr'><strong>ut</strong></span> <span class='ocrx_word' id='word_1_20' title='bbox 749 457 782 518; x_wconf 89' lang='lat' dir='ltr'><strong>et</strong></span> <span class='ocrx_word' id='word_1_21' title='bbox 799 452 997 519; x_wconf 84' lang='lat' dir='ltr'><strong>Puteolanus</strong></span> <span class='ocrx_word' id='word_1_22' title='bbox 1016 454 1099 520; x_wconf 90' lang='lat' dir='ltr'><strong>libro</strong></span> 
     </span>
     <span class='ocr_line' id='line_1_4' title="bbox 92 542 1100 628; baseline 0.001 -20"><span class='ocrx_word' id='word_1_23' title='bbox 92 545 193 628; x_wconf 78' lang='lat' dir='ltr'><strong>primo</strong></span> <span class='ocrx_word' id='word_1_24' title='bbox 217 543 488 610; x_wconf 84' lang='lat' dir='ltr'><strong>Adsessuriorum</strong></span> <span class='ocrx_word' id='word_1_25' title='bbox 511 543 639 628; x_wconf 86' lang='lat' dir='ltr'><strong>scribit,</strong></span> <span class='ocrx_word' id='word_1_26' title='bbox 659 559 733 608; x_wconf 87' lang='lat' dir='ltr'><strong>curn</strong></span> <span class='ocrx_word' id='word_1_27' title='bbox 759 542 883 628; x_wconf 80' lang='lat' dir='ltr'><strong>placuit</strong></span> <span class='ocrx_word' id='word_1_28' title='bbox 904 565 979 608; x_wconf 86' lang='lat' dir='ltr'><strong>eum</strong></span> <span class='ocrx_word' id='word_1_29' title='bbox 1002 543 1100 618; x_wconf 86' lang='lat' dir='ltr'><strong>etiam</strong></span> 
     </span>
     <span class='ocr_line' id='line_1_5' title="bbox 92 631 582 698; baseline 0.002 -2"><span class='ocrx_word' id='word_1_30' title='bbox 92 649 156 697; x_wconf 84' lang='lat' dir='ltr'><strong>rem</strong></span> <span class='ocrx_word' id='word_1_31' title='bbox 178 633 213 696; x_wconf 87' lang='lat' dir='ltr'><strong>in</strong></span> <span class='ocrx_word' id='word_1_32' title='bbox 236 632 395 698; x_wconf 85' lang='lat' dir='ltr'><strong>iudicium</strong></span> <span class='ocrx_word' id='word_1_33' title='bbox 417 631 582 698; x_wconf 87' lang='lat' dir='ltr'><strong>deducere.</strong></span> 
     </span>
    </p>
   </div>
   <div class='ocr_carea' id='block_1_3' title="bbox 515 805 674 820">
    <p class='ocr_par' dir='ltr' id='par_1_3' title="bbox 515 805 674 820">
     <span class='ocr_line' id='line_1_6' title="bbox 515 805 674 820; baseline 0.013 -2"><span class='ocrx_word' id='word_1_34' title='bbox 515 805 674 820; x_wconf 64' lang='lat' dir='ltr'>n—S-——</span> 
     </span>
    </p>
   </div>
   <div class='ocr_carea' id='block_1_4' title="bbox 435 931 760 1014">
    <p class='ocr_par' dir='ltr' id='par_1_4' title="bbox 435 931 760 1014">
     <span class='ocr_line' id='line_1_7' title="bbox 435 931 760 1014; baseline -0.015 0"><span class='ocrx_word' id='word_1_35' title='bbox 435 931 475 1014; x_wconf 76' lang='grc'><strong>7.</strong></span> <span class='ocrx_word' id='word_1_36' title='bbox 504 935 760 1011; x_wconf 75' lang='lat' dir='ltr'><strong>GAMPANUS</strong></span> 
     </span>
    </p>
   </div>
   <div class='ocr_carea' id='block_1_5' title="bbox 41 1081 1101 1428">
    <p class='ocr_par' dir='ltr' id='par_1_5' title="bbox 41 1081 1101 1428">
     <span class='ocr_line' id='line_1_8' title="bbox 175 1081 1100 1162; baseline 0.002 -22"><span class='ocrx_word' id='word_1_37' title='bbox 175 1082 406 1143; x_wconf 84' lang='lat' dir='ltr'><strong>iurisconsultus</strong></span> <span class='ocrx_word' id='word_1_38' title='bbox 435 1101 453 1140; x_wconf 86' lang='lat' dir='ltr'><strong>a</strong></span> <span class='ocrx_word' id='word_1_39' title='bbox 475 1083 640 1158; x_wconf 91' lang='lat' dir='ltr'><strong>Pomponio</strong></span> <span class='ocrx_word' id='word_1_40' title='bbox 669 1086 701 1143; x_wconf 92' lang='lat' dir='ltr'><strong>et</strong></span> <span class='ocrx_word' id='word_1_41' title='bbox 722 1081 850 1141; x_wconf 78' lang='lat' dir='ltr'><strong>Valente</strong></span> <span class='ocrx_word' id='word_1_42' title='bbox 873 1081 1022 1162; x_wconf 86' lang='lat' dir='ltr'><strong>laudatus,</strong></span> <span class='ocrx_word' id='word_1_43' title='bbox 1050 1085 1100 1159; x_wconf 86' lang='lat' dir='ltr'><strong>qui</strong></span> 
     </span>
     <span class='ocr_line' id='line_1_9' title="bbox 92 1170 1100 1250; baseline -0.001 -19"><span class='ocrx_word' id='word_1_44' title='bbox 92 1171 124 1231; x_wconf 91' lang='lat' dir='ltr'><strong>de</strong></span> <span class='ocrx_word' id='word_1_45' title='bbox 152 1172 220 1250; x_wconf 81' lang='lat' dir='ltr'><strong>lege</strong></span> <span class='ocrx_word' id='word_1_46' title='bbox 248 1171 336 1231; x_wconf 82' lang='lat' dir='ltr'><strong>Aelia</strong></span> <span class='ocrx_word' id='word_1_47' title='bbox 362 1170 468 1231; x_wconf 82' lang='lat' dir='ltr'><strong>Sentia</strong></span> <span class='ocrx_word' id='word_1_48' title='bbox 499 1171 575 1231; x_wconf 79' lang='lat' dir='ltr'><strong>dixit</strong></span> <span class='ocrx_word' id='word_1_49' title='bbox 607 1176 637 1231; x_wconf 86' lang='lat' dir='ltr'><strong>et</strong></span> <span class='ocrx_word' id='word_1_50' title='bbox 668 1171 754 1231; x_wconf 87' lang='lat' dir='ltr'><strong>libris</strong></span> <span class='ocrx_word' id='word_1_51' title='bbox 786 1170 949 1231; x_wconf 82' lang='lat' dir='ltr'><strong>scribendis</strong></span> <span class='ocrx_word' id='word_1_52' title='bbox 979 1189 1100 1248; x_wconf 83' lang='lat' dir='ltr'><strong>operam</strong></span> 
     </span>
     <span class='ocr_line' id='line_1_10' title="bbox 90 1259 1101 1338; baseline 0.001 -19"><span class='ocrx_word' id='word_1_53' title='bbox 90 1261 183 1334; x_wconf 83' lang='lat' dir='ltr'><strong>dedit,</strong></span> <span class='ocrx_word' id='word_1_54' title='bbox 214 1263 348 1320; x_wconf 80' lang='lat' dir='ltr'><strong>cetarum</strong></span> <span class='ocrx_word' id='word_1_55' title='bbox 370 1261 457 1320; x_wconf 87' lang='lat' dir='ltr'><strong>nobis</strong></span> <span class='ocrx_word' id='word_1_56' title='bbox 480 1261 617 1338; x_wconf 80' lang='lat' dir='ltr'><strong>ignotus,</strong></span> <span class='ocrx_word' id='word_1_57' title='bbox 639 1261 692 1320; x_wconf 88' lang='lat' dir='ltr'><strong>sod</strong></span> <span class='ocrx_word' id='word_1_58' title='bbox 716 1259 894 1336; x_wconf 84' lang='lat' dir='ltr'><strong>Oapuensis,</strong></span> <span class='ocrx_word' id='word_1_59' title='bbox 916 1264 953 1320; x_wconf 91' lang='lat' dir='ltr'><strong>ut</strong></span> <span class='ocrx_word' id='word_1_60' title='bbox 975 1264 1101 1337; x_wconf 88' lang='lat' dir='ltr'><strong>apparet</strong></span> 
     </span>
     <span class='ocr_line' id='line_1_11' title="bbox 41 1346 599 1428; baseline 0.002 -19"><span class='ocrx_word' id='word_1_61' title='bbox 41 1366 47 1378; x_wconf 84' lang='lat'><em>·</em></span> <span class='ocrx_word' id='word_1_62' title='bbox 90 1353 119 1409; x_wconf 89' lang='lat' dir='ltr'><strong>et</strong></span> <span class='ocrx_word' id='word_1_63' title='bbox 138 1349 243 1428; x_wconf 88' lang='lat' dir='ltr'><strong>primi,</strong></span> <span class='ocrx_word' id='word_1_64' title='bbox 267 1352 302 1409; x_wconf 85' lang='lat' dir='ltr'><strong>ut</strong></span> <span class='ocrx_word' id='word_1_65' title='bbox 322 1346 456 1425; x_wconf 80' lang='lat' dir='ltr'><strong>videtur,</strong></span> <span class='ocrx_word' id='word_1_66' title='bbox 477 1349 599 1410; x_wconf 80' lang='lat' dir='ltr'><strong>saecuti.</strong></span> 
     </span>
    </p>
   </div>
   <div class='ocr_carea' id='block_1_6' title="bbox 315 1519 880 1609">
    <p class='ocr_par' dir='ltr' id='par_1_6' title="bbox 315 1519 880 1609">
     <span class='ocr_line' id='line_1_12' title="bbox 315 1519 880 1609; baseline 0.005 -24"><span class='ocrx_word' id='word_1_67' title='bbox 315 1519 756 1609; x_wconf 79' lang='lat' dir='ltr'><strong>Fidoicommissorum(‘?)</strong></span> <span class='ocrx_word' id='word_1_68' title='bbox 780 1527 880 1589; x_wconf 88' lang='lat' dir='ltr'><strong>libri.</strong></span> 
     </span>
    </p>
   </div>
   <div class='ocr_carea' id='block_1_7' title="bbox 91 1650 1101 1819">
    <p class='ocr_par' dir='ltr' id='par_1_7' title="bbox 91 1650 1101 1819">
     <span class='ocr_line' id='line_1_13' title="bbox 179 1650 1100 1730; baseline -0.003 -18"><span class='ocrx_word' id='word_1_69' title='bbox 179 1651 256 1712; x_wconf 83' lang='lat' dir='ltr'><strong>Onm</strong></span> <span class='ocrx_word' id='word_1_70' title='bbox 283 1653 453 1730; x_wconf 77' lang='lat' dir='ltr'><strong>fragmenta</strong></span> <span class='ocrx_word' id='word_1_71' title='bbox 479 1671 515 1712; x_wconf 88' lang='lat' dir='ltr'><strong>ex</strong></span> <span class='ocrx_word' id='word_1_72' title='bbox 539 1650 682 1729; x_wconf 76' lang='lat' dir='ltr'><strong>Campani</strong></span> <span class='ocrx_word' id='word_1_73' title='bbox 706 1651 791 1712; x_wconf 88' lang='lat' dir='ltr'><strong>libris</strong></span> <span class='ocrx_word' id='word_1_74' title='bbox 814 1655 935 1712; x_wconf 83' lang='lat' dir='ltr'><strong>servata</strong></span> <span class='ocrx_word' id='word_1_75' title='bbox 958 1651 996 1711; x_wconf 89' lang='lat' dir='ltr'><strong>ad</strong></span> <span class='ocrx_word' id='word_1_76' title='bbox 1018 1651 1100 1710; x_wconf 89' lang='lat' dir='ltr'><strong>fidei-</strong></span> 
     </span>
     <span class='ocr_line' id='line_1_14' title="bbox 91 1739 1101 1819; baseline -0.001 -18"><span class='ocrx_word' id='word_1_77' title='bbox 91 1741 247 1802; x_wconf 78' lang='lat' dir='ltr'><strong>commissa</strong></span> <span class='ocrx_word' id='word_1_78' title='bbox 273 1742 458 1819; x_wconf 87' lang='lat' dir='ltr'><strong>portineant,</strong></span> <span class='ocrx_word' id='word_1_79' title='bbox 485 1741 522 1801; x_wconf 88' lang='lat' dir='ltr'><strong>de</strong></span> <span class='ocrx_word' id='word_1_80' title='bbox 550 1743 608 1801; x_wconf 87' lang='lat' dir='ltr'><strong>hae</strong></span> <span class='ocrx_word' id='word_1_81' title='bbox 634 1760 667 1800; x_wconf 89' lang='lat' dir='ltr'><strong>re</strong></span> <span class='ocrx_word' id='word_1_82' title='bbox 695 1760 764 1800; x_wconf 88' lang='lat' dir='ltr'><strong>eum</strong></span> <span class='ocrx_word' id='word_1_83' title='bbox 789 1739 941 1818; x_wconf 83' lang='lat' dir='ltr'><strong>scripsisse</strong></span> <span class='ocrx_word' id='word_1_84' title='bbox 964 1741 1101 1801; x_wconf 86' lang='lat' dir='ltr'><strong>conicias.</strong></span> 
     </span>
    </p>
   </div>
   <div class='ocr_carea' id='block_1_8' title="bbox 253 1895 937 1980">
    <p class='ocr_par' dir='ltr' id='par_1_8' title="bbox 253 1895 937 1980">
     <span class='ocr_line' id='line_1_15' title="bbox 253 1895 937 1980; baseline -0.003 -18"><span class='ocrx_word' id='word_1_85' title='bbox 253 1895 304 1962; x_wconf 86' lang='lat' dir='ltr'><strong>De</strong></span> <span class='ocrx_word' id='word_1_86' title='bbox 327 1895 464 1962; x_wconf 78' lang='lat' dir='ltr'><strong>libertate</strong></span> <span class='ocrx_word' id='word_1_87' title='bbox 479 1917 540 1980; x_wconf 83' lang='lat' dir='ltr'><strong>per</strong></span> <span class='ocrx_word' id='word_1_88' title='bbox 561 1897 830 1978; x_wconf 77' lang='lat' dir='ltr'><strong>fideicommissum</strong></span> <span class='ocrx_word' id='word_1_89' title='bbox 852 1897 937 1962; x_wconf 81' lang='lat' dir='ltr'><strong>doto.</strong></span> 
     </span>
    </p>
   </div>
   <div class='ocr_carea' id='block_1_9' title="bbox 86 1995 1111 3513">
    <p class='ocr_par' dir='ltr' id='par_1_9' title="bbox 88 1995 1101 2426">
     <span class='ocr_line' id='line_1_16' title="bbox 179 1995 1100 2089; baseline 0 -21"><span class='ocrx_word' id='word_1_90' title='bbox 179 2004 207 2068; x_wconf 92' lang='lat'><strong>1.</strong></span> <span class='ocrx_word' id='word_1_91' title='bbox 237 1995 276 2069; x_wconf 88' lang='lat' dir='ltr'><strong>D.</strong></span> <span class='ocrx_word' id='word_1_92' title='bbox 294 2003 347 2089; x_wconf 88' lang='lat'><strong>40,</strong></span> <span class='ocrx_word' id='word_1_93' title='bbox 366 2002 398 2087; x_wconf 85' lang='lat'><strong>5,</strong></span> <span class='ocrx_word' id='word_1_94' title='bbox 411 2004 463 2086; x_wconf 85' lang='lat'><strong>34,</strong></span> <span class='ocrx_word' id='word_1_95' title='bbox 479 2005 507 2069; x_wconf 90' lang='lat'><strong>1.</strong></span> <span class='ocrx_word' id='word_1_96' title='bbox 545 2001 743 2087; x_wconf 81' lang='lat' dir='ltr'><strong>Pomponius</strong></span> <span class='ocrx_word' id='word_1_97' title='bbox 770 2000 854 2069; x_wconf 92' lang='lat' dir='ltr'><strong>libro</strong></span> <span class='ocrx_word' id='word_1_98' title='bbox 877 2003 974 2069; x_wconf 89' lang='lat' dir='ltr'><strong>tertio</strong></span> <span class='ocrx_word' id='word_1_99' title='bbox 997 2001 1100 2069; x_wconf 85' lang='lat' dir='ltr'><strong>Fidei·</strong></span> 
     </span>
     <span class='ocr_line' id='line_1_17' title="bbox 90 2089 1101 2180; baseline 0 -22"><span class='ocrx_word' id='word_1_100' title='bbox 90 2093 335 2158; x_wconf 88' lang='lat' dir='ltr'><strong>commissorum</strong></span> <span class='ocrx_word' id='word_1_101' title='bbox 367 2089 416 2180; x_wconf 91' lang='lat' dir='ltr'><strong>(P.</strong></span> <span class='ocrx_word' id='word_1_102' title='bbox 435 2090 525 2180; x_wconf 65' lang='lat'><strong>217)</strong></span> <span class='ocrx_word' id='word_1_103' title='bbox 552 2127 597 2140; x_wconf 94' lang='lat'><em>-</em></span> <span class='ocrx_word' id='word_1_104' title='bbox 625 2092 810 2176; x_wconf 87' lang='lat' dir='ltr'><strong>Campanus</strong></span> <span class='ocrx_word' id='word_1_105' title='bbox 843 2093 903 2178; x_wconf 87' lang='lat' dir='ltr'><strong>ait,</strong></span> <span class='ocrx_word' id='word_1_106' title='bbox 934 2094 963 2158; x_wconf 90' lang='lat' dir='ltr'><strong>si</strong></span> <span class='ocrx_word' id='word_1_107' title='bbox 995 2093 1101 2158; x_wconf 91' lang='lat' dir='ltr'><strong>minor</strong></span> 
     </span>
     <span class='ocr_line' id='line_1_18' title="bbox 90 2176 1101 2268; baseline 0 -21"><span class='ocrx_word' id='word_1_108' title='bbox 90 2181 184 2248; x_wconf 86' lang='lat' dir='ltr'><strong>annis</strong></span> <span class='ocrx_word' id='word_1_109' title='bbox 209 2179 328 2266; x_wconf 78' lang='lat' dir='ltr'><strong>viginti</strong></span> <span class='ocrx_word' id='word_1_110' title='bbox 349 2181 514 2266; x_wconf 81' lang='lat' dir='ltr'><strong>rogaverit</strong></span> <span class='ocrx_word' id='word_1_111' title='bbox 534 2176 699 2263; x_wconf 86' lang='lat' dir='ltr'><strong>heredem,</strong></span> <span class='ocrx_word' id='word_1_112' title='bbox 722 2186 759 2246; x_wconf 92' lang='lat' dir='ltr'><strong>ut</strong></span> <span class='ocrx_word' id='word_1_113' title='bbox 781 2183 949 2268; x_wconf 88' lang='lat' dir='ltr'><strong>proprium</strong></span> <span class='ocrx_word' id='word_1_114' title='bbox 973 2203 1101 2248; x_wconf 86' lang='lat' dir='ltr'><strong>servum</strong></span> 
     </span>
     <span class='ocr_line' id='line_1_19' title="bbox 89 2268 1101 2358; baseline -0.002 -22"><span class='ocrx_word' id='word_1_115' title='bbox 89 2268 314 2358; x_wconf 86' lang='lat' dir='ltr'><strong>manumittat,</strong></span> <span class='ocrx_word' id='word_1_116' title='bbox 341 2269 570 2353; x_wconf 83' lang='lat' dir='ltr'><strong>praestandam</strong></span> <span class='ocrx_word' id='word_1_117' title='bbox 598 2271 627 2335; x_wconf 89' lang='lat' dir='ltr'><strong>ei</strong></span> <span class='ocrx_word' id='word_1_118' title='bbox 650 2271 847 2352; x_wconf 86' lang='lat' dir='ltr'><strong>libertatem,</strong></span> <span class='ocrx_word' id='word_1_119' title='bbox 875 2273 951 2356; x_wconf 90' lang='lat' dir='ltr'><strong>quia</strong></span> <span class='ocrx_word' id='word_1_120' title='bbox 974 2270 1027 2336; x_wconf 89' lang='lat' dir='ltr'><strong>hic</strong></span> <span class='ocrx_word' id='word_1_121' title='bbox 1049 2271 1101 2336; x_wconf 87' lang='lat' dir='ltr'><strong>lex</strong></span> 
     </span>
     <span class='ocr_line' id='line_1_20' title="bbox 88 2355 666 2426; baseline -0.002 -1"><span class='ocrx_word' id='word_1_122' title='bbox 88 2360 185 2426; x_wconf 82' lang='lat' dir='ltr'><strong>Aelia</strong></span> <span class='ocrx_word' id='word_1_123' title='bbox 208 2355 319 2423; x_wconf 83' lang='lat' dir='ltr'><strong>Sentis</strong></span> <span class='ocrx_word' id='word_1_124' title='bbox 341 2359 448 2424; x_wconf 90' lang='lat' dir='ltr'><strong>locum</strong></span> <span class='ocrx_word' id='word_1_125' title='bbox 470 2381 537 2424; x_wconf 88' lang='lat' dir='ltr'><strong>non</strong></span> <span class='ocrx_word' id='word_1_126' title='bbox 559 2357 666 2425; x_wconf 85' lang='lat' dir='ltr'><strong>habet.</strong></span> 
     </span>
    </p>

    <p class='ocr_par' dir='ltr' id='par_1_10' title="bbox 86 2445 1102 2958">
     <span class='ocr_line' id='line_1_21' title="bbox 177 2445 1101 2533; baseline -0.002 -19"><span class='ocrx_word' id='word_1_127' title='bbox 177 2454 215 2514; x_wconf 87' lang='lat' dir='ltr'><strong>cf.</strong></span> <span class='ocrx_word' id='word_1_128' title='bbox 244 2451 308 2513; x_wconf 84' lang='lat' dir='ltr'><strong>Gai.</strong></span> <span class='ocrx_word' id='word_1_129' title='bbox 333 2455 361 2533; x_wconf 82' lang='lat'><strong>2,</strong></span> <span class='ocrx_word' id='word_1_130' title='bbox 386 2455 459 2514; x_wconf 79' lang='lat'><strong>249.</strong></span> <span class='ocrx_word' id='word_1_131' title='bbox 514 2445 627 2513; x_wconf 75' lang='lat' dir='ltr'><strong>‘Verba</strong></span> <span class='ocrx_word' id='word_1_132' title='bbox 645 2499 652 2512; x_wconf 93' lang='lat'><strong>.</strong></span> <span class='ocrx_word' id='word_1_133' title='bbox 671 2499 677 2513; x_wconf 90' lang='lat'><strong>.</strong></span> <span class='ocrx_word' id='word_1_134' title='bbox 697 2453 996 2513; x_wconf 86' lang='lat' dir='ltr'><strong>fideicommissorum</strong></span> <span class='ocrx_word' id='word_1_135' title='bbox 1027 2454 1101 2512; x_wconf 88' lang='lat' dir='ltr'><strong>haec</strong></span> 
     </span>
     <span class='ocr_line' id='line_1_22' title="bbox 87 2533 1100 2619; baseline -0.002 -16"><span class='ocrx_word' id='word_1_136' title='bbox 87 2543 217 2603; x_wconf 87' lang='lat' dir='ltr'><strong>maxime</strong></span> <span class='ocrx_word' id='word_1_137' title='bbox 239 2542 272 2600; x_wconf 90' lang='lat' dir='ltr'><strong>in</strong></span> <span class='ocrx_word' id='word_1_138' title='bbox 293 2560 351 2602; x_wconf 89' lang='lat' dir='ltr'><strong>usu</strong></span> <span class='ocrx_word' id='word_1_139' title='bbox 374 2561 438 2602; x_wconf 87' lang='lat' dir='ltr'><strong>esse</strong></span> <span class='ocrx_word' id='word_1_140' title='bbox 461 2541 614 2602; x_wconf 86' lang='lat' dir='ltr'><strong>videntur:</strong></span> <span class='ocrx_word' id='word_1_141' title='bbox 637 2546 717 2619; x_wconf 88' lang='lat' dir='ltr'><strong>peto,</strong></span> <span class='ocrx_word' id='word_1_142' title='bbox 741 2561 836 2618; x_wconf 84' lang='lat' dir='ltr'><strong>rogo.</strong></span> <span class='ocrx_word' id='word_1_143' title='bbox 852 2533 894 2602; x_wconf 86' lang='lat'><strong>..&#39;</strong></span> <span class='ocrx_word' id='word_1_144' title='bbox 942 2543 969 2619; x_wconf 81' lang='lat'><strong>2,</strong></span> <span class='ocrx_word' id='word_1_145' title='bbox 987 2543 1100 2619; x_wconf 76' lang='lat' dir='ltr'><strong>accsq.</strong></span> 
     </span>
     <span class='ocr_line' id='line_1_23' title="bbox 88 2625 1102 2708; baseline -0.002 -16"><span class='ocrx_word' id='word_1_146' title='bbox 88 2625 228 2692; x_wconf 74' lang='lat' dir='ltr'><strong>‘libertas</strong></span> <span class='ocrx_word' id='word_1_147' title='bbox 261 2649 378 2708; x_wconf 88' lang='lat' dir='ltr'><strong>quoque</strong></span> <span class='ocrx_word' id='word_1_148' title='bbox 410 2649 497 2691; x_wconf 81' lang='lat' dir='ltr'><strong>servo</strong></span> <span class='ocrx_word' id='word_1_149' title='bbox 530 2651 585 2707; x_wconf 88' lang='lat' dir='ltr'><strong>per</strong></span> <span class='ocrx_word' id='word_1_150' title='bbox 610 2631 874 2691; x_wconf 86' lang='lat' dir='ltr'><strong>fideicommissum</strong></span> <span class='ocrx_word' id='word_1_151' title='bbox 901 2630 966 2689; x_wconf 85' lang='lat' dir='ltr'><strong>dari</strong></span> <span class='ocrx_word' id='word_1_152' title='bbox 993 2632 1102 2705; x_wconf 90' lang='lat' dir='ltr'><strong>potest,</strong></span> 
     </span>
     <span class='ocr_line' id='line_1_24' title="bbox 86 2718 1101 2798; baseline -0.002 -19"><span class='ocrx_word' id='word_1_153' title='bbox 86 2723 143 2781; x_wconf 84' lang='lat' dir='ltr'><strong>ut.</strong></span> <span class='ocrx_word' id='word_1_154' title='bbox 159 2769 166 2781; x_wconf 88' lang='lat'><strong>.</strong></span> <span class='ocrx_word' id='word_1_155' title='bbox 182 2721 271 2778; x_wconf 89' lang='lat' dir='ltr'><strong>heres</strong></span> <span class='ocrx_word' id='word_1_156' title='bbox 294 2722 418 2798; x_wconf 76' lang='lat' dir='ltr'><strong>rogetur</strong></span> <span class='ocrx_word' id='word_1_157' title='bbox 437 2720 651 2780; x_wconf 89' lang='lat' dir='ltr'><strong>manumittere</strong></span> <span class='ocrx_word' id='word_1_158' title='bbox 667 2767 673 2779; x_wconf 93' lang='lat'><strong>.</strong></span> <span class='ocrx_word' id='word_1_159' title='bbox 689 2739 764 2780; x_wconf 83' lang='lat' dir='ltr'><strong>,nec</strong></span> <span class='ocrx_word' id='word_1_160' title='bbox 784 2719 919 2798; x_wconf 88' lang='lat' dir='ltr'><strong>interest,</strong></span> <span class='ocrx_word' id='word_1_161' title='bbox 941 2721 1046 2778; x_wconf 89' lang='lat' dir='ltr'><strong>utrum</strong></span> <span class='ocrx_word' id='word_1_162' title='bbox 1064 2718 1101 2778; x_wconf 93' lang='lat' dir='ltr'><strong>de</strong></span> 
     </span>
     <span class='ocr_line' id='line_1_25' title="bbox 87 2806 1101 2889; baseline -0.001 -20"><span class='ocrx_word' id='word_1_163' title='bbox 87 2827 141 2869; x_wconf 85' lang='lat' dir='ltr'><strong>suo</strong></span> <span class='ocrx_word' id='word_1_164' title='bbox 170 2807 294 2885; x_wconf 90' lang='lat' dir='ltr'><strong>proprio</strong></span> <span class='ocrx_word' id='word_1_165' title='bbox 326 2827 411 2870; x_wconf 86' lang='lat' dir='ltr'><strong>servo</strong></span> <span class='ocrx_word' id='word_1_166' title='bbox 442 2812 571 2870; x_wconf 88' lang='lat' dir='ltr'><strong>testator</strong></span> <span class='ocrx_word' id='word_1_167' title='bbox 596 2812 697 2889; x_wconf 83' lang='lat' dir='ltr'><strong>roget,</strong></span> <span class='ocrx_word' id='word_1_168' title='bbox 730 2827 769 2868; x_wconf 87' lang='lat' dir='ltr'><strong>an</strong></span> <span class='ocrx_word' id='word_1_169' title='bbox 798 2806 836 2866; x_wconf 89' lang='lat' dir='ltr'><strong>de</strong></span> <span class='ocrx_word' id='word_1_170' title='bbox 864 2827 898 2867; x_wconf 93' lang='lat' dir='ltr'><strong>eo</strong></span> <span class='ocrx_word' id='word_1_171' title='bbox 926 2808 979 2885; x_wconf 89' lang='lat' dir='ltr'><strong>qui</strong></span> <span class='ocrx_word' id='word_1_172' title='bbox 1006 2807 1101 2883; x_wconf 86' lang='lat' dir='ltr'><strong>ipsius</strong></span> 
     </span>
     <span class='ocr_line' id='line_1_26' title="bbox 86 2888 358 2958; baseline -0.007 -1"><span class='ocrx_word' id='word_1_173' title='bbox 86 2897 207 2958; x_wconf 88' lang='lat' dir='ltr'><strong>heredis</strong></span> <span class='ocrx_word' id='word_1_174' title='bbox 226 2942 233 2957; x_wconf 86' lang='lat'><strong>.</strong></span> <span class='ocrx_word' id='word_1_175' title='bbox 253 2888 358 2956; x_wconf 75' lang='lat' dir='ltr'><strong>..sit’.</strong></span> 
     </span>
    </p>

    <p class='ocr_par' dir='ltr' id='par_1_11' title="bbox 87 2975 1111 3513">
     <span class='ocr_line' id='line_1_27' title="bbox 178 2975 1101 3070; baseline 0 -24"><span class='ocrx_word' id='word_1_176' title='bbox 178 2975 209 3048; x_wconf 74' lang='grc'><strong>’2.</strong></span> <span class='ocrx_word' id='word_1_177' title='bbox 241 2980 281 3045; x_wconf 91' lang='lat' dir='ltr'><strong>D.</strong></span> <span class='ocrx_word' id='word_1_178' title='bbox 300 2980 353 3066; x_wconf 89' lang='lat'><strong>38,</strong></span> <span class='ocrx_word' id='word_1_179' title='bbox 373 2984 401 3065; x_wconf 92' lang='lat'><strong>1,</strong></span> <span class='ocrx_word' id='word_1_180' title='bbox 419 2977 472 3047; x_wconf 79' lang='lat'><strong>47.</strong></span> <span class='ocrx_word' id='word_1_181' title='bbox 520 2979 610 3046; x_wconf 87' lang='lat' dir='ltr'><strong>Idem</strong></span> <span class='ocrx_word' id='word_1_182' title='bbox 642 2979 699 3070; x_wconf 89' lang='lat' dir='ltr'><strong>(sc.</strong></span> <span class='ocrx_word' id='word_1_183' title='bbox 721 2975 859 3067; x_wconf 86' lang='lat' dir='ltr'><strong>Valens)</strong></span> <span class='ocrx_word' id='word_1_184' title='bbox 891 2980 976 3046; x_wconf 88' lang='lat' dir='ltr'><strong>libro</strong></span> <span class='ocrx_word' id='word_1_185' title='bbox 1010 2985 1101 3046; x_wconf 85' lang='lat' dir='ltr'><strong>sexto</strong></span> 
     </span>
     <span class='ocr_line' id='line_1_28' title="bbox 87 3066 1101 3157; baseline 0 -23"><span class='ocrx_word' id='word_1_186' title='bbox 87 3069 429 3136; x_wconf 82' lang='lat' dir='ltr'><strong>Fideicommissorum</strong></span> <span class='ocrx_word' id='word_1_187' title='bbox 457 3066 506 3157; x_wconf 91' lang='lat' dir='ltr'><strong>(P.</strong></span> <span class='ocrx_word' id='word_1_188' title='bbox 523 3070 590 3156; x_wconf 81' lang='lat'><strong>20).</strong></span> <span class='ocrx_word' id='word_1_189' title='bbox 617 3107 655 3118; x_wconf 87' lang='lat'>-</span> <span class='ocrx_word' id='word_1_190' title='bbox 686 3069 869 3156; x_wconf 85' lang='lat' dir='ltr'><strong>Campanus</strong></span> <span class='ocrx_word' id='word_1_191' title='bbox 898 3070 1010 3135; x_wconf 85' lang='lat' dir='ltr'><strong>scribit</strong></span> <span class='ocrx_word' id='word_1_192' title='bbox 1036 3093 1101 3136; x_wconf 91' lang='lat' dir='ltr'><strong>non</strong></span> 
     </span>
     <span class='ocr_line' id='line_1_29' title="bbox 88 3159 1111 3244; baseline 0 -20"><span class='ocrx_word' id='word_1_193' title='bbox 88 3159 205 3228; x_wconf 87' lang='lat' dir='ltr'><strong>debere</strong></span> <span class='ocrx_word' id='word_1_194' title='bbox 224 3163 408 3243; x_wconf 89' lang='lat' dir='ltr'><strong>praetorem</strong></span> <span class='ocrx_word' id='word_1_195' title='bbox 427 3161 497 3243; x_wconf 89' lang='lat' dir='ltr'><strong>pati</strong></span> <span class='ocrx_word' id='word_1_196' title='bbox 516 3159 635 3225; x_wconf 90' lang='lat' dir='ltr'><strong>donum</strong></span> <span class='ocrx_word' id='word_1_197' title='bbox 654 3183 770 3226; x_wconf 86' lang='lat' dir='ltr'><strong>munus</strong></span> <span class='ocrx_word' id='word_1_198' title='bbox 789 3181 904 3244; x_wconf 87' lang='lat' dir='ltr'><strong>operas</strong></span> <span class='ocrx_word' id='word_1_199' title='bbox 923 3159 1048 3244; x_wconf 90' lang='lat' dir='ltr'><strong>imponi</strong></span> <span class='ocrx_word' id='word_1_200' title='bbox 1063 3161 1111 3244; x_wconf 86' lang='lat' dir='ltr'><strong>ei,</strong></span> 
     </span>
     <span class='ocr_line' id='line_1_30' title="bbox 88 3247 1102 3334; baseline -0.004 -19"><span class='ocrx_word' id='word_1_201' title='bbox 88 3250 145 3334; x_wconf 92' lang='lat' dir='ltr'><strong>qui</strong></span> <span class='ocrx_word' id='word_1_202' title='bbox 164 3271 204 3314; x_wconf 88' lang='lat' dir='ltr'><strong>ex</strong></span> <span class='ocrx_word' id='word_1_203' title='bbox 222 3247 467 3314; x_wconf 88' lang='lat' dir='ltr'><strong>fideicommissi</strong></span> <span class='ocrx_word' id='word_1_204' title='bbox 485 3271 581 3315; x_wconf 83' lang='lat' dir='ltr'><strong>causa</strong></span> <span class='ocrx_word' id='word_1_205' title='bbox 600 3250 856 3315; x_wconf 86' lang='lat' dir='ltr'><strong>manumittatur.</strong></span> <span class='ocrx_word' id='word_1_206' title='bbox 898 3249 954 3314; x_wconf 88' lang='lat' dir='ltr'><strong>sed</strong></span> <span class='ocrx_word' id='word_1_207' title='bbox 973 3250 1009 3332; x_wconf 90' lang='lat' dir='ltr'><strong>si,</strong></span> <span class='ocrx_word' id='word_1_208' title='bbox 1029 3270 1102 3312; x_wconf 87' lang='lat' dir='ltr'><strong>cum</strong></span> 
     </span>
     <span class='ocr_line' id='line_1_31' title="bbox 89 3337 1100 3426; baseline -0.004 -23"><span class='ocrx_word' id='word_1_209' title='bbox 89 3339 185 3404; x_wconf 88' lang='lat' dir='ltr'><strong>sciret</strong></span> <span class='ocrx_word' id='word_1_210' title='bbox 200 3359 307 3426; x_wconf 87' lang='lat' dir='ltr'><strong>posse</strong></span> <span class='ocrx_word' id='word_1_211' title='bbox 327 3359 360 3402; x_wconf 89' lang='lat' dir='ltr'><strong>se</strong></span> <span class='ocrx_word' id='word_1_212' title='bbox 380 3337 412 3401; x_wconf 94' lang='lat' dir='ltr'><strong>id</strong></span> <span class='ocrx_word' id='word_1_213' title='bbox 430 3359 587 3422; x_wconf 86' lang='lat' dir='ltr'><strong>recusare,</strong></span> <span class='ocrx_word' id='word_1_214' title='bbox 611 3337 751 3424; x_wconf 84' lang='lat' dir='ltr'><strong>obligari</strong></span> <span class='ocrx_word' id='word_1_215' title='bbox 770 3360 804 3404; x_wconf 93' lang='lat' dir='ltr'><strong>se</strong></span> <span class='ocrx_word' id='word_1_216' title='bbox 822 3359 938 3422; x_wconf 87' lang='lat' dir='ltr'><strong>passus</strong></span> <span class='ocrx_word' id='word_1_217' title='bbox 958 3338 1010 3421; x_wconf 86' lang='lat' dir='ltr'><strong>sit,</strong></span> <span class='ocrx_word' id='word_1_218' title='bbox 1033 3358 1100 3402; x_wconf 90' lang='lat' dir='ltr'><strong>non</strong></span> 
     </span>
     <span class='ocr_line' id='line_1_32' title="bbox 87 3426 1101 3513; baseline -0.007 -21"><span class='ocrx_word' id='word_1_219' title='bbox 87 3426 301 3495; x_wconf 83' lang='lat' dir='ltr'><strong>inhibendam</strong></span> <span class='ocrx_word' id='word_1_220' title='bbox 320 3447 490 3509; x_wconf 87' lang='lat' dir='ltr'><strong>operarum</strong></span> <span class='ocrx_word' id='word_1_221' title='bbox 510 3427 712 3513; x_wconf 87' lang='lat' dir='ltr'><strong>petitionem,</strong></span> <span class='ocrx_word' id='word_1_222' title='bbox 726 3427 802 3511; x_wconf 91' lang='lat' dir='ltr'><strong>quia</strong></span> <span class='ocrx_word' id='word_1_223' title='bbox 817 3427 952 3491; x_wconf 88' lang='lat' dir='ltr'><strong>donasse</strong></span> <span class='ocrx_word' id='word_1_224' title='bbox 968 3426 1101 3488; x_wconf 88' lang='lat' dir='ltr'><strong>videtur.</strong></span> 
     </span>
    </p>
   </div>
   <div class='ocr_carea' id='block_1_10' title="bbox 0 0 1294 3900">
    <p class='ocr_par' dir='ltr' id='par_1_12' title="bbox 0 0 1294 3900">
     <span class='ocr_line' id='line_1_33' title="bbox 0 0 1294 3900; baseline 0 0"><span class='ocrx_word' id='word_1_225' title='bbox 0 0 1294 3900; x_wconf 95' lang='lat' dir='ltr'><strong> </strong></span> 
     </span>
    </p>
   </div>
  </div>
 </body>
</html>
