2590 3902
155 229 222 294 332
256 229 289 282 V.
309 228 458 283 NERVAE
478 227 524 282 ΕΤ
543 227 695 284 TRAIANI
714 227 820 284 TEMP.
838 225 934 308 IURIS
953 224 1133 281 CONSULTI

332 397 557 457 lacertorum
581 397 758 456 librorum
781 397 992 474 fragmenta.

474 515 524 582 De
546 517 645 599 operia
667 515 851 582 libertorum.

246 641 296 704 62.
321 639 359 704 Ι).
373 640 426 723 38,
443 644 470 719 l,
484 641 536 706 49.
574 640 674 706 Gaius
697 641 779 706 libro
802 640 960 725 singulari
979 639 1017 703 de
1037 639 1169 704 casibus

156 727 207 817 (P.
221 729 266 814 5).
292 765 330 776 -
355 727 503 795 Duorum
525 729 661 795 libertus
680 733 788 813 potest
806 729 913 813 aliquo
933 749 1010 793 casu
1029 728 1169 812 singulis

158 819 300 882 diversas
324 839 439 902 operas
462 841 527 884 uno
551 823 696 902 tempore
718 819 752 882 in
777 817 916 882 solidum
940 818 1042 900 edere,
1065 816 1169 882 veluti

159 907 186 973 si
209 907 361 972 librarius
385 907 427 972 rit
450 911 483 972 et
506 906 562 972 alii
586 910 723 991 patrono
746 905 905 971 librorum
924 905 1169 971 scribendorum

158 1017 273 1080 operas
297 997 385 1074 edat,
410 997 492 1061 alter
514 1017 590 1061 vero
613 1015 747 1080 peregre
771 1017 844 1060 oum
869 995 935 1060 sair
959 994 1169 1079 proficiscens

159 1106 273 1170 operas
298 1085 463 1150 custodiae
487 1085 601 1150 domus
625 1085 654 1149 ei
677 1084 841 1168 indixerit,
864 1083 946 1148 nihil
965 1084 1051 1148 enim
1069 1086 1170 1167 vetat,

158 1175 234 1239 dum
253 1174 395 1239 custodit
416 1173 555 1258 domum,
572 1172 675 1238 libros
693 1173 840 1238 scribere.
876 1172 939 1239 hoc
953 1173 1000 1237 ita
1014 1171 1169 1237 Neratius

158 1263 252 1328 libris
276 1262 539 1328 Membranarum
562 1262 701 1345 scripsit.

522 1421 570 1488 De
591 1423 659 1487 aare
680 1421 806 1487 dotium.

249 1547 315 1634 635.
338 1546 377 1612 D.
397 1547 450 1628 24,
469 1547 498 1629 3,
521 1547 615 1630 llpr.
656 1544 777 1610 Paulus
799 1544 883 1609 libro
902 1544 1039 1627 septimo
1059 1544 1100 1609 ad
1115 1543 1173 1611 Sa-

159 1637 272 1701 binum
285 1635 333 1719 (P.
344 1633 468 1718 laceb).
485 1671 523 1681 —
596 1635 623 1699 si
638 1655 729 1700 socer
743 1653 781 1698 ex
795 1633 1009 1716 promissione
1024 1635 1172 1700 amarito

161 1726 384 1809 conveniatur,
408 1723 491 1789 solet
515 1724 636 1808 quaeri,
659 1745 701 1788 an
724 1721 809 1787 idem
833 1721 862 1786 ei
881 1721 986 1787 honor
1004 1723 1171 1788 habendus

160 1815 203 1878 sit
227 1812 285 1900 (se.
304 1816 341 1877 ut
363 1813 398 1876 in
417 1812 450 1876 id
469 1812 639 1876 damnetur
657 1811 742 1895 quod
766 1811 871 1876 iacere
894 1808 1028 1898 potest).
1071 1810 1174 1876 Nera-

160 1903 226 1966 tius
258 1902 350 1966 libris
382 1899 644 1966 Membranarum
681 1905 714 1964 et
746 1899 900 1965 Proculus
934 1901 1078 1966 scribunt
1108 1901 1174 1966 hoo

160 1991 280 2054 iustum
304 2011 382 2054 esse.

250 2095 317 2161 63¹³.
341 2096 380 2160 D.
394 2096 447 2178 42,
463 2097 492 2180 1,
505 2095 558 2160 21.
596 2094 715 2160 Paulus
735 2095 819 2160 libro
840 2097 931 2160 sexto
951 2095 991 2160 ad
1006 2094 1173 2160 Plautium

161 2184 209 2272 (P.
228 2181 351 2271 113112).
376 2220 418 2230 -
442 2181 532 2249 Siout
546 2231 554 2247 .
569 2232 577 2250 .
592 2205 665 2248 oum
688 2184 807 2249 marito
832 2184 950 2270 agitur,
973 2184 1020 2249 ita
1044 2189 1076 2248 et
1100 2206 1175 2250 oum

162 2281 282 2360 socero,
304 2280 430 2338 utnon
451 2273 538 2338 ultra
560 2272 733 2338 facultates
758 2272 936 2338 damnetur.
980 2294 1021 2337 an
1045 2272 1074 2338 si
1098 2295 1173 2338 cum

162 2385 273 2429 socero
297 2384 336 2426 ex
359 2361 572 2446 promissione
596 2361 680 2427 dotia
704 2365 828 2446 agatur,
852 2361 887 2426 in
909 2361 942 2425 id
962 2361 1046 2445 quod
1064 2360 1176 2428 facere

161 2456 285 2541 potest,
316 2451 515 2516 damnandus
548 2449 613 2515 sit?
664 2450 748 2534 quod
780 2447 905 2516 itidem¹
935 2472 1073 2535 aequum
1101 2473 1174 2516 esse

163 2541 300 2608 ¹videtur.
348 2540 402 2606 sed
426 2541 489 2606 alio
513 2540 582 2604 iure
605 2539 734 2623 utimur,
759 2541 796 2603 nt
820 2543 853 2603 et
875 2537 1027 2604 Neratius
1051 2540 1178 2606 scribit.

538 2697 588 2764 De
610 2699 800 2766 condictione.

253 2827 304 2890 64.
327 2825 367 2889 D.
385 2825 433 2904 12,
448 2826 478 2904 4,
494 2824 524 2906 3,
538 2824 567 2889 5.
604 2823 765 2908 Ulpianus
783 2820 869 2887 libro
889 2823 1065 2888 vicensimo
1081 2828 1177 2889 sexto

164 2915 204 2981 ad
228 2915 367 2979 edictum
386 2912 435 2997 (P.
450 2911 554 2996 772l).
581 2947 617 2960 -
645 2910 679 2977 Si
697 2911 781 2977 liber
798 2911 906 2995 homo,
930 2912 985 2996 qni
1005 2911 1176 2978 bonafide

164 3002 335 3084 serviebat,
354 3000 433 3065 mihi
451 3000 618 3084 pecuniam
638 3000 769 3081 dederit,
787 3005 824 3064 ut
842 3021 916 3064 eum
934 2999 1177 3084 manumittam,

165 3099 197 3158 et
228 3089 348 3173 fecero,
379 3093 493 3173 postea
524 3089 606 3152 liber
638 3088 792 3172 probatus
826 3110 868 3153 an
897 3088 977 3153 mihi
1005 3088 1175 3155 condicere

164 3180 277 3265 possit,
301 3177 473 3263 quaeritur.
514 3179 547 3240 et
564 3173 711 3240 Iulianus
730 3177 814 3241 libro
834 3177 1003 3242 undecimo
1022 3175 1175 3263 Digesto·

165 3289 235 3333 rum
265 3265 378 3331 scribit
405 3269 586 3347 competere
610 3265 806 3330 manumisso
829 3265 1064 3350 repetitionem.
1110 3265 1175 3331 Ne·

165 3357 268 3421 ratius
293 3355 391 3420 etiam
409 3352 493 3417 libro
513 3353 541 3434 <.
556 3402 563 3419 .
579 3354 607 3434 .>
627 3352 888 3420 Membranarum
906 3353 1005 3420 refert
1022 3355 1174 3421 Paridem

164 3444 401 3529 pantomimum
424 3463 444 3504 a
467 3441 611 3507 Domitia
633 3441 772 3508 Neronia
795 3443 864 3509 filia
887 3444 1010 3524 dacem,
1037 3466 1119 3529 quae
1144 3445 1175 3510 ei

238 3606 252 3654 1
274 3599 321 3655 Fr.
341 3600 369 3654 et
387 3598 425 3652 id.
