2614 3912
153 192 221 258 424
255 192 289 248 V.
308 191 457 248 NERVAE
474 191 522 248 ΕΤ
542 191 695 248 TRAIANI
713 191 821 248 ΤΕΜΡ.
839 191 935 248 Imus
954 191 1132 249 CONSULTI

154 356 271 422 iddisti.
292 356 398 420 deinde
412 355 531 438 Attide,
549 356 600 420 eni
617 376 639 419 a
657 360 684 420 te
701 355 806 421 herede
827 353 986 422 Cornelius
1004 356 1164 439 depaverat,

152 445 336 528 priusquam
364 445 496 528 lepatnm
522 444 561 509 ab
587 448 718 526 emptore
735 445 913 530 peraperet,
940 445 1061 527 tefeeit
1081 444 1164 510 tere·

43 537 46 546 ’
153 535 238 599 dem:
260 538 337 598 reate
354 539 431 616 poto
454 553 491 598 en
513 534 632 598 vendito
656 538 683 598 te
704 539 846 598 aetorum
863 539 898 599 at
916 533 971 598 tibi
984 539 1164 616 praestetur,

154 623 230 705 qaia
261 622 327 686 ideo
358 643 391 687 eo
423 623 527 687 minus
557 621 708 688 hereditas
738 623 877 702 oenierit,
908 628 944 688 ot
972 624 1006 688 id
1032 623 1165 706 tepotnm

151 715 324 794 praestaret
348 716 476 795 emptor,
505 732 558 776 nee
584 713 749 794 quiequam
776 712 910 796 intersit,
937 717 1041 777 annm
1068 711 1164 791 Attio,

154 800 209 883 qni
236 803 263 864 te
288 798 424 865 heredem
444 800 562 881 feeerit,
585 801 719 882 monnio
741 799 840 865 debita
862 801 916 886 sit,
943 821 986 874 on
1009 801 1165 883 kpotorio.

243 889 296 955 90.
318 887 357 953 D.
374 889 424 972 18,
438 888 468 967 4,
484 888 514 973 2,
530 890 580 954 17.
621 887 782 972 Ulpianus
796 888 880 953 libro
897 889 1166 974 quadragensimo

154 998 240 1042 nono
269 976 310 1041 sd
333 975 497 1042 Sabinum.
523 1013 560 1024 -
587 1026 620 1042 ..
645 978 672 1041 si
699 976 811 1042 funere
835 978 919 1043 facto
942 977 1035 1042 heres
1059 977 1165 1043 vendi-

155 1065 255 1131 disset
285 1065 510 1146 hereditatem,
540 1087 582 1130 sn
603 1065 785 1150 impensam
808 1065 929 1131 funeris
953 1066 995 1131 ab
1019 1071 1165 1151 emptore

156 1160 381 1238 consequatur.
414 1158 446 1218 et
466 1155 513 1218 ait
525 1153 633 1220 Labeo
652 1147 829 1240 emptorem
848 1156 1029 1239 impensam
1043 1155 1166 1220 funeris

155 1249 319 1327 praestare
334 1244 458 1327 debere,
477 1244 553 1328 quia
567 1247 600 1307 et
614 1265 661 1327 ea,
679 1244 793 1328 inquit,
807 1243 955 1328 impensa
968 1243 1167 1310 hereditaria

156 1336 249 1415 esset,
272 1332 362 1398 euius
387 1333 582 1397 sententiam
604 1328 776 1397 Iavolenus
800 1336 894 1416 putet
916 1354 1046 1399 veram.

508 1497 555 1556 De
577 1498 668 1571 fondo
691 1499 810 1557 vendito.

246 1598 296 1663 91.
318 1596 356 1662 D.
372 1598 401 1681 8,
418 1601 444 1679 l,
461 1598 511 1663 19.
543 1596 652 1663 Labeo
671 1598 756 1663 libro
776 1601 892 1682 quarto
911 1599 1127 1682 posteriorum
1147 1621 1167 1663 s

155 1686 310 1752 Iavoleno
333 1685 591 1771 epitomatorem.
613 1724 651 1734 -
671 1687 717 1752 Ei
732 1688 838 1771 fondo,
855 1708 944 1769 quern
961 1688 1031 1770 qais
1048 1688 1167 1770 vendat,

155 1777 328 1841 sanitatem
351 1776 484 1861 imponi,
505 1780 534 1840 et
554 1777 583 1840 si
605 1774 709 1861 <ipsi>
730 1796 794 1841 non
815 1777 903 1842 utilis
923 1777 977 1860 sit,
994 1796 1084 1858 posse
1105 1777 1168 1842 eai-
1299 1805 1300 1808 ¹

155 1865 255 1947 stane,
273 1865 366 1930 aetati
383 1865 411 1929 si
424 1884 539 1946 aqnom
552 1865 647 1930 atiani
660 1866 802 1930 dodonae
815 1886 878 1930 non
891 1866 1050 1949 expediret,
1068 1864 1167 1930 nitito

155 1954 260 2018 minas
272 1954 416 2019 eonsdtni
423 1954 598 2019 easeroitns
604 1954 717 2035 possim
730 1955 882 2036 quaedam
891 1955 973 2019 enirn
983 1953 1167 2019 deducendo
1300 1942 1301 2008 1

156 2041 265 2108 tabere
281 2062 459 2127 possumne,
482 2044 622 2125 pnomoie
644 2063 681 2108 ea
702 2043 790 2108 nobis
811 2043 905 2108 atilio
926 2063 989 2108 non
1011 2047 1090 2109 arnt.

246 2130 298 2196 92.
322 2130 360 2195 D.
373 2131 423 2214 18,
439 2132 467 2214 1,
483 2132 534 2197 77.
566 2130 736 2195 Iavolenus
752 2131 835 2195 libro
851 2135 965 2215 quarto
982 2131 1167 2215 exposteri-
1300 2173 1301 2180 κ

157 2220 268 2286 oribus
292 2218 459 2285 Labeonis.
481 2257 518 2268 —
541 2220 585 2284 In
608 2221 669 2302 depe
687 2221 783 2302 fandi
804 2222 959 2286 oendnndi
982 2221 1170 2302 lapidicinae

157 2311 192 2374 in
214 2329 246 2374 eo
267 2309 366 2390 fnndo
387 2309 497 2390 ntique
519 2313 614 2374 essent
634 2313 770 2390 eaeeptoe
787 2313 884 2387 erant,
906 2314 1019 2392 etpost
1035 2309 1169 2375 multam

157 2400 300 2481 temporis
320 2399 355 2463 in
373 2419 406 2464 eo
421 2399 520 2479 fando
537 2403 671 2479 repertae
689 2402 778 2462 erord
797 2398 991 2480 lapidicinae.
1027 2419 1079 2464 eas
1096 2418 1170 2479 qno-

158 2488 214 2570 qoe
235 2489 402 2554 venditores
424 2507 485 2552 esse
504 2485 621 2551 Tabero
643 2488 813 2569 respondit;
836 2487 937 2552 Labeo
959 2487 1072 2568 referre
1093 2487 1171 2568 qnid

157 2581 260 2641 aotam
286 2578 342 2656 eit;
369 2579 398 2642 si
424 2597 487 2641 non
509 2580 672 2658 appareat,
698 2596 760 2642 non
785 2577 882 2642 rideri
908 2596 960 2642 eas
983 2576 1170 2659 lapidicinae

157 2685 220 2731 esse
252 2671 403 2748 exceptam
434 2667 586 2731 neminem
615 2668 698 2730 enim
724 2683 778 2730 nee
804 2666 929 2730 vendere
954 2683 1008 2730 nee
1034 2665 1170 2746 arripere

158 2756 240 2837 qnod
261 2757 394 2837 nonsit,
417 2761 446 2820 et
468 2754 655 2837 lapidicinos
677 2753 782 2820 meritas
804 2773 873 2838 esse,
895 2755 959 2819 nisi
977 2775 1055 2836 qnae
1071 2773 1169 2836 appa·

158 2848 227 2908 rent
253 2847 282 2908 et
305 2845 478 2908 caedantur.
515 2844 606 2908 aliter
628 2843 896 2925 interpretantibus
919 2847 1013 2908 totam
1033 2843 1170 2924 fundam

160 2932 403 3014 lapidicinarnm
417 2932 497 3013 fore,
519 2933 548 2997 si
568 2932 646 3013 forte
670 2937 729 2998 toto
751 2953 784 2997 eo
805 2932 862 2998 snb
885 2936 967 2996 terra
989 2937 1062 2996 esset
1080 2932 1169 3013 tapes.

160 3020 215 3084 too
275 3020 336 3085 obo.

230 3039 301 3174 1113.
334 3107 372 3174 D.
389 3108 441 3191 18,
460 3110 488 3188 1,
510 3109 550 3173 78
565 3130 611 3192 pr.
658 3107 767 3172 Labeo
790 3109 874 3173 libro
898 3114 1011 3194 quarto
1035 3109 1171 3192 posteri·

161 3219 253 3262 orum
273 3196 458 3262 alavoleno
477 3197 737 3280 epitomatorem.
759 3233 796 3244 —
817 3198 958 3264 Fistntas
976 3199 1103 3280 emptori
1120 3217 1169 3262 aa·

159 3305 297 3351 cessuros
318 3285 354 3349 in
377 3285 438 3368 depe
459 3283 573 3350 dietam
594 3289 668 3350 erat.
703 3287 916 3372 quaerebatur,
937 3307 981 3351 on
1003 3285 1170 3368 matellam,

159 3396 197 3440 ea
216 3395 274 3457 qno
287 3374 400 3459 petatis
413 3394 496 3457 aqna
509 3375 674 3458 doceretur,
692 3376 848 3441 accederet.
866 3377 1009 3458 respondi
1021 3395 1171 3459 apparere

159 3463 195 3528 id
216 3469 318 3529 aetnm
340 3483 411 3540 esse,
433 3469 469 3528 nt
489 3464 524 3528 id
539 3483 654 3545 quoqne
672 3463 827 3547 oeeederet,
851 3464 918 3528 tieet
934 3467 1088 3548 scripturo
1105 3483 1170 3529 nen

159 3553 337 3619 continetur.
