<?xml version="1.0" encoding="UTF-8"?>
<!DOCTYPE html PUBLIC "-//W3C//DTD XHTML 1.0 Transitional//EN"
    "http://www.w3.org/TR/xhtml1/DTD/xhtml1-transitional.dtd">
<html xmlns="http://www.w3.org/1999/xhtml" xml:lang="en" lang="en">
 <head>
  <title>
</title>
<meta http-equiv="Content-Type" content="text/html;charset=utf-8" />
  <meta name='ocr-system' content='tesseract 3.04.00' />
  <meta name='ocr-capabilities' content='ocr_page ocr_carea ocr_par ocr_line ocrx_word'/>
</head>
<body>
  <div class='ocr_page' id='page_1' title='image "./iurisprudentiae03bremgoog_0067.png"; bbox 0 0 2570 3904; ppageno 0'>
   <div class='ocr_carea' id='block_1_1' title="bbox 401 175 1124 244">
    <p class='ocr_par' dir='ltr' id='par_1_1' title="bbox 401 175 1124 244">
     <span class='ocr_line' id='line_1_1' title="bbox 401 175 1124 244; baseline 0 -14"><span class='ocrx_word' id='word_1_1' title='bbox 401 183 425 230; x_wconf 86' lang='lat'>4.</span> <span class='ocrx_word' id='word_1_2' title='bbox 445 175 473 231; x_wconf 86' lang='lat' dir='ltr'>c.</span> <span class='ocrx_word' id='word_1_3' title='bbox 489 175 633 231; x_wconf 74' lang='lat' dir='ltr'>cassius</span> <span class='ocrx_word' id='word_1_4' title='bbox 652 175 836 232; x_wconf 78' lang='lat' dir='ltr'>reuersus</span> <span class='ocrx_word' id='word_1_5' title='bbox 1082 179 1124 244; x_wconf 85' lang='lat'>33</span> 
     </span>
    </p>
   </div>
   <div class='ocr_carea' id='block_1_2' title="bbox 16 343 1125 423">
    <p class='ocr_par' dir='ltr' id='par_1_2' title="bbox 16 343 1125 423">
     <span class='ocr_line' id='line_1_2' title="bbox 16 343 1125 423; baseline 0.005 -22"><span class='ocrx_word' id='word_1_6' title='bbox 16 359 17 378; x_wconf 62' lang='lat'>.</span> <span class='ocrx_word' id='word_1_7' title='bbox 111 343 347 403; x_wconf 90' lang='lat' dir='ltr'>commendatur.</span> <span class='ocrx_word' id='word_1_8' title='bbox 390 347 470 403; x_wconf 86' lang='lat' dir='ltr'>certe</span> <span class='ocrx_word' id='word_1_9' title='bbox 488 343 623 404; x_wconf 89' lang='lat' dir='ltr'>Iavoleni</span> <span class='ocrx_word' id='word_1_10' title='bbox 645 343 721 403; x_wconf 89' lang='lat' dir='ltr'>liber</span> <span class='ocrx_word' id='word_1_11' title='bbox 742 345 878 422; x_wconf 89' lang='lat' dir='ltr'>ultimus,</span> <span class='ocrx_word' id='word_1_12' title='bbox 902 364 960 423; x_wconf 94' lang='lat' dir='ltr'>quo</span> <span class='ocrx_word' id='word_1_13' title='bbox 980 345 1016 405; x_wconf 93' lang='lat' dir='ltr'>de</span> <span class='ocrx_word' id='word_1_14' title='bbox 1035 347 1125 407; x_wconf 84' lang='lat' dir='ltr'>furtis</span> 
     </span>
    </p>
   </div>
   <div class='ocr_carea' id='block_1_3' title="bbox 16 432 1125 1130">
    <p class='ocr_par' dir='ltr' id='par_1_3' title="bbox 16 432 1125 1130">
     <span class='ocr_line' id='line_1_3' title="bbox 16 432 1124 514; baseline 0.006 -25"><span class='ocrx_word' id='word_1_15' title='bbox 16 503 17 514; x_wconf 17' lang='grc' dir='ltr'><strong>ἶ</strong></span> <span class='ocrx_word' id='word_1_16' title='bbox 113 436 143 492; x_wconf 89' lang='lat' dir='ltr'>et</span> <span class='ocrx_word' id='word_1_17' title='bbox 168 432 205 491; x_wconf 95' lang='lat' dir='ltr'>de</span> <span class='ocrx_word' id='word_1_18' title='bbox 234 433 381 492; x_wconf 89' lang='lat' dir='ltr'>bonorum</span> <span class='ocrx_word' id='word_1_19' title='bbox 408 432 577 492; x_wconf 74' lang='lat' dir='ltr'>venditione</span> <span class='ocrx_word' id='word_1_20' title='bbox 607 432 739 508; x_wconf 87' lang='lat' dir='ltr'>disserit,</span> <span class='ocrx_word' id='word_1_21' title='bbox 773 452 841 493; x_wconf 90' lang='lat' dir='ltr'>oum</span> <span class='ocrx_word' id='word_1_22' title='bbox 869 433 901 504; x_wconf 80' lang='lat' dir='ltr'>Q.</span> <span class='ocrx_word' id='word_1_23' title='bbox 930 435 1022 494; x_wconf 80' lang='lat' dir='ltr'>Mucii</span> <span class='ocrx_word' id='word_1_24' title='bbox 1049 436 1124 496; x_wconf 83' lang='lat' dir='ltr'>iuris</span> 
     </span>
     <span class='ocr_line' id='line_1_4' title="bbox 112 521 1125 600; baseline 0.005 -20.567"><span class='ocrx_word' id='word_1_25' title='bbox 112 521 207 580; x_wconf 83' lang='lat' dir='ltr'>civilis</span> <span class='ocrx_word' id='word_1_26' title='bbox 240 521 326 580; x_wconf 90' lang='lat' dir='ltr'>libris</span> <span class='ocrx_word' id='word_1_27' title='bbox 360 523 498 582; x_wconf 78' lang='lat' dir='ltr'>extremis</span> <span class='ocrx_word' id='word_1_28' title='bbox 526 521 598 579; x_wconf 91' lang='lat' dir='ltr'>XVI</span> <span class='ocrx_word' id='word_1_29' title='bbox 625 525 655 580; x_wconf 87' lang='lat' dir='ltr'>et</span> <span class='ocrx_word' id='word_1_30' title='bbox 683 522 798 599; x_wconf 84' lang='lat' dir='ltr'>XVIII,</span> <span class='ocrx_word' id='word_1_31' title='bbox 831 522 938 599; x_wconf 88' lang='lat' dir='ltr'>quibus</span> <span class='ocrx_word' id='word_1_32' title='bbox 967 542 1060 600; x_wconf 89' lang='lat' dir='ltr'>aeque</span> <span class='ocrx_word' id='word_1_33' title='bbox 1089 525 1125 584; x_wconf 91' lang='lat' dir='ltr'>de</span> 
     </span>
     <span class='ocr_line' id='line_1_5' title="bbox 114 609 1124 686; baseline 0.005 -18"><span class='ocrx_word' id='word_1_34' title='bbox 114 610 200 669; x_wconf 87' lang='lat' dir='ltr'>furtis</span> <span class='ocrx_word' id='word_1_35' title='bbox 230 613 261 669; x_wconf 88' lang='lat' dir='ltr'>et</span> <span class='ocrx_word' id='word_1_36' title='bbox 291 610 327 669; x_wconf 91' lang='lat' dir='ltr'>de</span> <span class='ocrx_word' id='word_1_37' title='bbox 355 610 556 686; x_wconf 76' lang='lat' dir='ltr'>publicatione</span> <span class='ocrx_word' id='word_1_38' title='bbox 583 609 730 669; x_wconf 90' lang='lat' dir='ltr'>bonorum</span> <span class='ocrx_word' id='word_1_39' title='bbox 758 611 872 670; x_wconf 88' lang='lat' dir='ltr'>dictum</span> <span class='ocrx_word' id='word_1_40' title='bbox 898 629 961 670; x_wconf 88' lang='lat' dir='ltr'>esse</span> <span class='ocrx_word' id='word_1_41' title='bbox 984 613 1033 671; x_wconf 86' lang='lat' dir='ltr'>vel</span> <span class='ocrx_word' id='word_1_42' title='bbox 1056 633 1124 673; x_wconf 87' lang='lat' dir='ltr'>con-</span> 
     </span>
     <span class='ocr_line' id='line_1_6' title="bbox 114 691 1124 780; baseline 0.005 -23"><span class='ocrx_word' id='word_1_43' title='bbox 114 701 173 758; x_wconf 81' lang='lat' dir='ltr'>stat</span> <span class='ocrx_word' id='word_1_44' title='bbox 199 699 250 759; x_wconf 85' lang='lat' dir='ltr'>vel</span> <span class='ocrx_word' id='word_1_45' title='bbox 277 699 431 774; x_wconf 78' lang='lat' dir='ltr'>probabile</span> <span class='ocrx_word' id='word_1_46' title='bbox 464 702 509 758; x_wconf 87' lang='lat' dir='ltr'>est</span> <span class='ocrx_word' id='word_1_47' title='bbox 536 691 566 780; x_wconf 89' lang='lat' dir='ltr'>(I</span> <span class='ocrx_word' id='word_1_48' title='bbox 593 719 621 774; x_wconf 87' lang='lat' dir='ltr'>p.</span> <span class='ocrx_word' id='word_1_49' title='bbox 645 703 684 758; x_wconf 80' lang='lat'>97</span> <span class='ocrx_word' id='word_1_50' title='bbox 715 702 746 758; x_wconf 84' lang='lat' dir='ltr'>et</span> <span class='ocrx_word' id='word_1_51' title='bbox 771 719 799 775; x_wconf 88' lang='lat' dir='ltr'>p.</span> <span class='ocrx_word' id='word_1_52' title='bbox 821 693 912 780; x_wconf 87' lang='lat'>100),</span> <span class='ocrx_word' id='word_1_53' title='bbox 939 701 1028 776; x_wconf 88' lang='lat' dir='ltr'>plane</span> <span class='ocrx_word' id='word_1_54' title='bbox 1056 721 1124 762; x_wconf 91' lang='lat' dir='ltr'>con-</span> 
     </span>
     <span class='ocr_line' id='line_1_7' title="bbox 115 787 1125 866; baseline 0.005 -21"><span class='ocrx_word' id='word_1_55' title='bbox 115 787 224 847; x_wconf 84' lang='lat' dir='ltr'>cordat.</span> <span class='ocrx_word' id='word_1_56' title='bbox 267 787 346 863; x_wconf 90' lang='lat' dir='ltr'>quod</span> <span class='ocrx_word' id='word_1_57' title='bbox 369 788 445 847; x_wconf 93' lang='lat' dir='ltr'>libro</span> <span class='ocrx_word' id='word_1_58' title='bbox 468 788 652 864; x_wconf 88' lang='lat' dir='ltr'>paenultimo</span> <span class='ocrx_word' id='word_1_59' title='bbox 675 787 833 847; x_wconf 84' lang='lat' dir='ltr'>Iavolenus</span> <span class='ocrx_word' id='word_1_60' title='bbox 856 788 893 847; x_wconf 92' lang='lat' dir='ltr'>de</span> <span class='ocrx_word' id='word_1_61' title='bbox 916 790 983 864; x_wconf 80' lang='lat' dir='ltr'>lege</span> <span class='ocrx_word' id='word_1_62' title='bbox 1002 789 1125 866; x_wconf 83' lang='lat' dir='ltr'>Aquilia</span> 
     </span>
     <span class='ocr_line' id='line_1_8' title="bbox 116 871 1124 957; baseline 0.004 -23"><span class='ocrx_word' id='word_1_63' title='bbox 116 879 143 934; x_wconf 91' lang='lat' dir='ltr'>et</span> <span class='ocrx_word' id='word_1_64' title='bbox 171 877 207 934; x_wconf 92' lang='lat' dir='ltr'>de</span> <span class='ocrx_word' id='word_1_65' title='bbox 236 876 380 952; x_wconf 84' lang='lat' dir='ltr'>pauperie</span> <span class='ocrx_word' id='word_1_66' title='bbox 407 876 484 936; x_wconf 84' lang='lat' dir='ltr'>dixit</span> <span class='ocrx_word' id='word_1_67' title='bbox 507 871 557 957; x_wconf 86' lang='lat' dir='ltr'>(I).</span> <span class='ocrx_word' id='word_1_68' title='bbox 575 881 602 951; x_wconf 84' lang='lat'>9,</span> <span class='ocrx_word' id='word_1_69' title='bbox 619 879 647 953; x_wconf 83' lang='lat'>2,</span> <span class='ocrx_word' id='word_1_70' title='bbox 663 871 731 955; x_wconf 81' lang='grc'>37),</span> <span class='ocrx_word' id='word_1_71' title='bbox 761 879 862 950; x_wconf 87' lang='lat' dir='ltr'>aperte</span> <span class='ocrx_word' id='word_1_72' title='bbox 885 877 924 936; x_wconf 87' lang='lat' dir='ltr'>ad</span> <span class='ocrx_word' id='word_1_73' title='bbox 946 877 1124 938; x_wconf 78' lang='lat' dir='ltr'>delictorum</span> 
     </span>
     <span class='ocr_line' id='line_1_9' title="bbox 113 965 1123 1041; baseline 0.005 -19"><span class='ocrx_word' id='word_1_74' title='bbox 113 968 202 1040; x_wconf 88' lang='lat' dir='ltr'>caput</span> <span class='ocrx_word' id='word_1_75' title='bbox 238 965 370 1040; x_wconf 87' lang='lat' dir='ltr'>pertinet</span> <span class='ocrx_word' id='word_1_76' title='bbox 406 965 477 1024; x_wconf 88' lang='lat' dir='ltr'>libri</span> <span class='ocrx_word' id='word_1_77' title='bbox 511 965 613 1024; x_wconf 87' lang='lat' dir='ltr'>ultimi</span> <span class='ocrx_word' id='word_1_78' title='bbox 649 965 747 1041; x_wconf 89' lang='lat' dir='ltr'>priore</span> <span class='ocrx_word' id='word_1_79' title='bbox 784 967 870 1040; x_wconf 81' lang='lat' dir='ltr'>parte</span> <span class='ocrx_word' id='word_1_80' title='bbox 907 967 1123 1027; x_wconf 87' lang='lat' dir='ltr'>continuatum.</span> 
     </span>
     <span class='ocr_line' id='line_1_10' title="bbox 115 1053 1124 1130; baseline 0.004 -18"><span class='ocrx_word' id='word_1_81' title='bbox 115 1072 209 1130; x_wconf 90' lang='lat' dir='ltr'>neque</span> <span class='ocrx_word' id='word_1_82' title='bbox 235 1073 304 1112; x_wconf 88' lang='lat' dir='ltr'>cum</span> <span class='ocrx_word' id='word_1_83' title='bbox 326 1054 448 1112; x_wconf 85' lang='lat' dir='ltr'>Lenelio</span> <span class='ocrx_word' id='word_1_84' title='bbox 471 1054 561 1114; x_wconf 89' lang='lat' dir='ltr'>huius</span> <span class='ocrx_word' id='word_1_85' title='bbox 584 1053 655 1113; x_wconf 88' lang='lat' dir='ltr'>libri</span> <span class='ocrx_word' id='word_1_86' title='bbox 677 1054 847 1130; x_wconf 83' lang='lat' dir='ltr'>fragmenta</span> <span class='ocrx_word' id='word_1_87' title='bbox 871 1054 898 1113; x_wconf 93' lang='lat' dir='ltr'>ei</span> <span class='ocrx_word' id='word_1_88' title='bbox 921 1055 1013 1130; x_wconf 83' lang='lat' dir='ltr'>capiti</span> <span class='ocrx_word' id='word_1_89' title='bbox 1037 1057 1124 1116; x_wconf 84' lang='lat' dir='ltr'>attri-</span> 
     </span>
    </p>
   </div>
   <div class='ocr_carea' id='block_1_4' title="bbox 113 1142 1124 1401">
    <p class='ocr_par' dir='ltr' id='par_1_4' title="bbox 113 1142 1124 1401">
     <span class='ocr_line' id='line_1_11' title="bbox 114 1142 1123 1220; baseline 0.003 -20"><span class='ocrx_word' id='word_1_90' title='bbox 114 1142 201 1201; x_wconf 93' lang='lat' dir='ltr'>buere</span> <span class='ocrx_word' id='word_1_91' title='bbox 229 1143 313 1218; x_wconf 90' lang='lat' dir='ltr'>licet,</span> <span class='ocrx_word' id='word_1_92' title='bbox 345 1161 403 1218; x_wconf 92' lang='lat' dir='ltr'>quo</span> <span class='ocrx_word' id='word_1_93' title='bbox 433 1143 468 1202; x_wconf 93' lang='lat' dir='ltr'>de</span> <span class='ocrx_word' id='word_1_94' title='bbox 496 1143 613 1220; x_wconf 85' lang='lat' dir='ltr'>legibus</span> <span class='ocrx_word' id='word_1_95' title='bbox 637 1143 745 1202; x_wconf 87' lang='lat' dir='ltr'>aetatis</span> <span class='ocrx_word' id='word_1_96' title='bbox 768 1143 884 1201; x_wconf 88' lang='lat' dir='ltr'>ratione</span> <span class='ocrx_word' id='word_1_97' title='bbox 907 1143 1012 1202; x_wconf 89' lang='lat' dir='ltr'>habita</span> <span class='ocrx_word' id='word_1_98' title='bbox 1035 1145 1123 1203; x_wconf 93' lang='lat' dir='ltr'>collo·</span> 
     </span>
     <span class='ocr_line' id='line_1_12' title="bbox 113 1230 1123 1307; baseline 0.003 -19"><span class='ocrx_word' id='word_1_99' title='bbox 113 1231 187 1290; x_wconf 87' lang='lat' dir='ltr'>eatis</span> <span class='ocrx_word' id='word_1_100' title='bbox 216 1231 381 1291; x_wconf 84' lang='lat' dir='ltr'>disseritur.</span> <span class='ocrx_word' id='word_1_101' title='bbox 428 1230 506 1307; x_wconf 93' lang='lat' dir='ltr'>quod</span> <span class='ocrx_word' id='word_1_102' title='bbox 532 1230 691 1292; x_wconf 85' lang='lat' dir='ltr'>Iavolenus</span> <span class='ocrx_word' id='word_1_103' title='bbox 719 1232 855 1290; x_wconf 89' lang='lat' dir='ltr'>morbum</span> <span class='ocrx_word' id='word_1_104' title='bbox 883 1232 1030 1290; x_wconf 84' lang='lat' dir='ltr'>sonticum</span> <span class='ocrx_word' id='word_1_105' title='bbox 1054 1251 1123 1291; x_wconf 90' lang='lat' dir='ltr'>eum</span> 
     </span>
     <span class='ocr_line' id='line_1_13' title="bbox 114 1310 1124 1401; baseline 0.002 -23"><span class='ocrx_word' id='word_1_106' title='bbox 114 1338 175 1378; x_wconf 89' lang='lat' dir='ltr'>esse</span> <span class='ocrx_word' id='word_1_107' title='bbox 204 1319 260 1396; x_wconf 87' lang='lat' dir='ltr'>ait,</span> <span class='ocrx_word' id='word_1_108' title='bbox 294 1314 358 1398; x_wconf 76' lang='lat' dir='ltr'>‘qui</span> <span class='ocrx_word' id='word_1_109' title='bbox 387 1320 492 1396; x_wconf 92' lang='lat' dir='ltr'>cuique</span> <span class='ocrx_word' id='word_1_110' title='bbox 519 1321 564 1379; x_wconf 93' lang='lat' dir='ltr'>rei</span> <span class='ocrx_word' id='word_1_111' title='bbox 596 1313 693 1380; x_wconf 86' lang='lat' dir='ltr'>nocet&#39;</span> <span class='ocrx_word' id='word_1_112' title='bbox 728 1312 918 1401; x_wconf 68' lang='grc'>(115016,</span> <span class='ocrx_word' id='word_1_113' title='bbox 945 1310 1036 1400; x_wconf 87' lang='grc'>113),</span> <span class='ocrx_word' id='word_1_114' title='bbox 1064 1339 1124 1380; x_wconf 92' lang='lat' dir='ltr'>non</span> 
     </span>
    </p>
   </div>
   <div class='ocr_carea' id='block_1_5' title="bbox 113 1408 1124 1486">
    <p class='ocr_par' dir='ltr' id='par_1_5' title="bbox 113 1408 1124 1486">
     <span class='ocr_line' id='line_1_14' title="bbox 113 1408 1124 1486; baseline 0.002 -20"><span class='ocrx_word' id='word_1_115' title='bbox 113 1410 173 1466; x_wconf 85' lang='lat' dir='ltr'>tam</span> <span class='ocrx_word' id='word_1_116' title='bbox 196 1409 234 1467; x_wconf 90' lang='lat' dir='ltr'>ad</span> <span class='ocrx_word' id='word_1_117' title='bbox 257 1410 356 1486; x_wconf 83' lang='lat' dir='ltr'>legem</span> <span class='ocrx_word' id='word_1_118' title='bbox 378 1408 436 1467; x_wconf 89' lang='lat' dir='ltr'>XII</span> <span class='ocrx_word' id='word_1_119' title='bbox 458 1409 631 1468; x_wconf 89' lang='lat' dir='ltr'>tabularum</span> <span class='ocrx_word' id='word_1_120' title='bbox 654 1409 803 1485; x_wconf 86' lang='lat' dir='ltr'>pertinere</span> <span class='ocrx_word' id='word_1_121' title='bbox 826 1409 1009 1484; x_wconf 85' lang='lat' dir='ltr'>putaverim,</span> <span class='ocrx_word' id='word_1_122' title='bbox 1033 1428 1124 1485; x_wconf 89' lang='lat' dir='ltr'>quam</span> 
     </span>
    </p>
   </div>
   <div class='ocr_carea' id='block_1_6' title="bbox 111 1497 1229 1576">
    <p class='ocr_par' dir='ltr' id='par_1_6' title="bbox 111 1497 1229 1576">
     <span class='ocr_line' id='line_1_15' title="bbox 111 1497 1229 1576; baseline -0.002 -22"><span class='ocrx_word' id='word_1_123' title='bbox 111 1497 149 1554; x_wconf 84' lang='lat' dir='ltr'>ad</span> <span class='ocrx_word' id='word_1_124' title='bbox 188 1498 220 1556; x_wconf 93' lang='lat' dir='ltr'>in</span> <span class='ocrx_word' id='word_1_125' title='bbox 260 1499 307 1556; x_wconf 88' lang='lat' dir='ltr'>ius</span> <span class='ocrx_word' id='word_1_126' title='bbox 348 1499 544 1559; x_wconf 86' lang='lat' dir='ltr'>vocationem.</span> <span class='ocrx_word' id='word_1_127' title='bbox 607 1498 724 1575; x_wconf 89' lang='lat' dir='ltr'>reliqua</span> <span class='ocrx_word' id='word_1_128' title='bbox 765 1498 898 1557; x_wconf 88' lang='lat' dir='ltr'>eiusdem</span> <span class='ocrx_word' id='word_1_129' title='bbox 934 1497 1004 1556; x_wconf 91' lang='lat' dir='ltr'>libri</span> <span class='ocrx_word' id='word_1_130' title='bbox 1041 1498 1123 1576; x_wconf 84' lang='lat' dir='ltr'>frag-</span> <span class='ocrx_word' id='word_1_131' title='bbox 1228 1549 1229 1552; x_wconf 74' lang='grc'>,</span> 
     </span>
    </p>
   </div>
   <div class='ocr_carea' id='block_1_7' title="bbox 110 1579 1123 3597">
    <p class='ocr_par' dir='ltr' id='par_1_7' title="bbox 110 1579 1123 1999">
     <span class='ocr_line' id='line_1_16' title="bbox 115 1579 1123 1664; baseline 0.004 -22"><span class='ocrx_word' id='word_1_132' title='bbox 115 1588 221 1662; x_wconf 87' lang='lat' dir='ltr'>menta,</span> <span class='ocrx_word' id='word_1_133' title='bbox 246 1605 323 1662; x_wconf 93' lang='lat' dir='ltr'>quae</span> <span class='ocrx_word' id='word_1_134' title='bbox 346 1586 438 1645; x_wconf 86' lang='lat' dir='ltr'>Lenel</span> <span class='ocrx_word' id='word_1_135' title='bbox 462 1581 510 1645; x_wconf 84' lang='lat' dir='ltr'>‘de</span> <span class='ocrx_word' id='word_1_136' title='bbox 533 1587 601 1664; x_wconf 86' lang='lat' dir='ltr'>lege</span> <span class='ocrx_word' id='word_1_137' title='bbox 624 1579 769 1644; x_wconf 83' lang='lat' dir='ltr'>Falcidia&#39;</span> <span class='ocrx_word' id='word_1_138' title='bbox 794 1590 824 1646; x_wconf 94' lang='lat' dir='ltr'>et</span> <span class='ocrx_word' id='word_1_139' title='bbox 848 1581 895 1645; x_wconf 84' lang='lat' dir='ltr'>‘de</span> <span class='ocrx_word' id='word_1_140' title='bbox 919 1587 985 1662; x_wconf 84' lang='lat' dir='ltr'>lege</span> <span class='ocrx_word' id='word_1_141' title='bbox 1010 1581 1123 1646; x_wconf 79' lang='lat' dir='ltr'>Cincia&#39;</span> 
     </span>
     <span class='ocr_line' id='line_1_17' title="bbox 113 1673 1121 1753; baseline 0.002 -21"><span class='ocrx_word' id='word_1_142' title='bbox 113 1673 273 1751; x_wconf 79' lang='lat' dir='ltr'>inscripsit,</span> <span class='ocrx_word' id='word_1_143' title='bbox 295 1675 396 1750; x_wconf 89' lang='lat' dir='ltr'>potius</span> <span class='ocrx_word' id='word_1_144' title='bbox 420 1675 458 1733; x_wconf 90' lang='lat' dir='ltr'>ad</span> <span class='ocrx_word' id='word_1_145' title='bbox 480 1675 511 1733; x_wconf 91' lang='lat' dir='ltr'>id</span> <span class='ocrx_word' id='word_1_146' title='bbox 536 1677 702 1750; x_wconf 89' lang='lat' dir='ltr'>caputque</span> <span class='ocrx_word' id='word_1_147' title='bbox 722 1675 758 1734; x_wconf 91' lang='lat' dir='ltr'>de</span> <span class='ocrx_word' id='word_1_148' title='bbox 776 1677 844 1750; x_wconf 89' lang='lat' dir='ltr'>plus</span> <span class='ocrx_word' id='word_1_149' title='bbox 862 1675 990 1750; x_wconf 90' lang='lat' dir='ltr'>petendo</span> <span class='ocrx_word' id='word_1_150' title='bbox 1010 1675 1121 1753; x_wconf 87' lang='lat' dir='ltr'>agitur,</span> 
     </span>
     <span class='ocr_line' id='line_1_18' title="bbox 111 1761 1123 1842; baseline 0.005 -23"><span class='ocrx_word' id='word_1_151' title='bbox 111 1763 266 1822; x_wconf 85' lang='lat' dir='ltr'>referende</span> <span class='ocrx_word' id='word_1_152' title='bbox 292 1767 379 1839; x_wconf 88' lang='lat' dir='ltr'>puto,</span> <span class='ocrx_word' id='word_1_153' title='bbox 412 1764 448 1823; x_wconf 91' lang='lat' dir='ltr'>de</span> <span class='ocrx_word' id='word_1_154' title='bbox 481 1783 539 1838; x_wconf 93' lang='lat' dir='ltr'>quo</span> <span class='ocrx_word' id='word_1_155' title='bbox 568 1763 615 1823; x_wconf 87' lang='lat' dir='ltr'>vel</span> <span class='ocrx_word' id='word_1_156' title='bbox 639 1761 732 1822; x_wconf 80' lang='lat' dir='ltr'>Gaius</span> <span class='ocrx_word' id='word_1_157' title='bbox 760 1766 790 1839; x_wconf 89' lang='grc'>4,</span> <span class='ocrx_word' id='word_1_158' title='bbox 816 1765 856 1824; x_wconf 89' lang='lat'>53</span> <span class='ocrx_word' id='word_1_159' title='bbox 870 1783 932 1841; x_wconf 87' lang='lat' dir='ltr'>sqq.</span> <span class='ocrx_word' id='word_1_160' title='bbox 961 1764 1123 1842; x_wconf 86' lang='lat' dir='ltr'>diligenter</span> 
     </span>
     <span class='ocr_line' id='line_1_19' title="bbox 112 1851 1123 1928; baseline 0.003 -19"><span class='ocrx_word' id='word_1_161' title='bbox 112 1851 193 1911; x_wconf 79' lang='lat' dir='ltr'>dixIt.</span> <span class='ocrx_word' id='word_1_162' title='bbox 248 1855 319 1928; x_wconf 85' lang='lat' dir='ltr'>post</span> <span class='ocrx_word' id='word_1_163' title='bbox 348 1851 510 1912; x_wconf 83' lang='lat' dir='ltr'>interdicta</span> <span class='ocrx_word' id='word_1_164' title='bbox 541 1852 700 1912; x_wconf 85' lang='lat' dir='ltr'>Iavolenus</span> <span class='ocrx_word' id='word_1_165' title='bbox 732 1852 768 1910; x_wconf 90' lang='lat' dir='ltr'>de</span> <span class='ocrx_word' id='word_1_166' title='bbox 802 1853 968 1912; x_wconf 84' lang='lat' dir='ltr'>actionibus</span> <span class='ocrx_word' id='word_1_167' title='bbox 1001 1854 1123 1914; x_wconf 89' lang='lat' dir='ltr'>videtur</span> 
     </span>
     <span class='ocr_line' id='line_1_20' title="bbox 110 1938 229 1999; baseline 0.008 -1"><span class='ocrx_word' id='word_1_168' title='bbox 110 1938 229 1999; x_wconf 79' lang='lat' dir='ltr'>diuisae.</span> 
     </span>
    </p>

    <p class='ocr_par' dir='ltr' id='par_1_8' title="bbox 110 2029 1122 2194">
     <span class='ocr_line' id='line_1_21' title="bbox 197 2029 1122 2107; baseline 0.003 -20"><span class='ocrx_word' id='word_1_169' title='bbox 197 2029 254 2089; x_wconf 87' lang='lat' dir='ltr'>Hie</span> <span class='ocrx_word' id='word_1_170' title='bbox 288 2029 381 2106; x_wconf 80' lang='lat' dir='ltr'>igitur</span> <span class='ocrx_word' id='word_1_171' title='bbox 412 2029 475 2089; x_wconf 89' lang='lat' dir='ltr'>fere</span> <span class='ocrx_word' id='word_1_172' title='bbox 512 2029 638 2088; x_wconf 89' lang='lat' dir='ltr'>rubricis</span> <span class='ocrx_word' id='word_1_173' title='bbox 675 2029 810 2088; x_wconf 77' lang='lat' dir='ltr'>Iauoleni</span> <span class='ocrx_word' id='word_1_174' title='bbox 841 2030 1002 2090; x_wconf 88' lang='lat' dir='ltr'>librorum</span> <span class='ocrx_word' id='word_1_175' title='bbox 1022 2031 1122 2107; x_wconf 84' lang='lat' dir='ltr'>capita</span> 
     </span>
     <span class='ocr_line' id='line_1_22' title="bbox 110 2116 371 2194; baseline 0.008 -20"><span class='ocrx_word' id='word_1_176' title='bbox 110 2116 256 2194; x_wconf 77' lang='lat' dir='ltr'>Insignire</span> <span class='ocrx_word' id='word_1_177' title='bbox 281 2119 371 2177; x_wconf 88' lang='lat' dir='ltr'>malo:</span> 
     </span>
    </p>

    <p class='ocr_par' dir='ltr' id='par_1_9' title="bbox 198 2206 679 2267">
     <span class='ocr_line' id='line_1_23' title="bbox 198 2206 679 2267; baseline 0.006 -3"><span class='ocrx_word' id='word_1_178' title='bbox 198 2206 327 2265; x_wconf 88' lang='lat' dir='ltr'>LiberI</span> <span class='ocrx_word' id='word_1_179' title='bbox 415 2208 460 2265; x_wconf 94' lang='lat' dir='ltr'>De</span> <span class='ocrx_word' id='word_1_180' title='bbox 483 2206 679 2267; x_wconf 83' lang='lat' dir='ltr'>testamentis.</span> 
     </span>
    </p>

    <p class='ocr_par' dir='ltr' id='par_1_10' title="bbox 198 2295 603 2372">
     <span class='ocr_line' id='line_1_24' title="bbox 198 2295 603 2372; baseline 0 -18"><span class='ocrx_word' id='word_1_181' title='bbox 198 2295 290 2354; x_wconf 87' lang='lat' dir='ltr'>Liber</span> <span class='ocrx_word' id='word_1_182' title='bbox 312 2295 343 2353; x_wconf 90' lang='lat' dir='ltr'>H</span> <span class='ocrx_word' id='word_1_183' title='bbox 419 2295 464 2354; x_wconf 89' lang='lat' dir='ltr'>De</span> <span class='ocrx_word' id='word_1_184' title='bbox 486 2295 603 2372; x_wconf 81' lang='lat' dir='ltr'>legatie.</span> 
     </span>
    </p>

    <p class='ocr_par' dir='ltr' id='par_1_11' title="bbox 198 2383 1121 2461">
     <span class='ocr_line' id='line_1_25' title="bbox 198 2383 1121 2461; baseline 0.003 -20"><span class='ocrx_word' id='word_1_185' title='bbox 198 2383 290 2442; x_wconf 83' lang='lat' dir='ltr'>Liber</span> <span class='ocrx_word' id='word_1_186' title='bbox 313 2383 360 2442; x_wconf 89' lang='lat' dir='ltr'>III</span> <span class='ocrx_word' id='word_1_187' title='bbox 421 2385 464 2443; x_wconf 92' lang='lat' dir='ltr'>De</span> <span class='ocrx_word' id='word_1_188' title='bbox 487 2384 632 2443; x_wconf 90' lang='lat' dir='ltr'>bonorum</span> <span class='ocrx_word' id='word_1_189' title='bbox 654 2384 840 2461; x_wconf 88' lang='lat' dir='ltr'>possessione</span> <span class='ocrx_word' id='word_1_190' title='bbox 864 2387 968 2444; x_wconf 88' lang='lat' dir='ltr'>contra</span> <span class='ocrx_word' id='word_1_191' title='bbox 991 2386 1121 2444; x_wconf 86' lang='lat' dir='ltr'>tabulas.</span> 
     </span>
    </p>

    <p class='ocr_par' dir='ltr' id='par_1_12' title="bbox 198 2472 616 2534">
     <span class='ocr_line' id='line_1_26' title="bbox 198 2472 616 2534; baseline 0.007 -4"><span class='ocrx_word' id='word_1_192' title='bbox 198 2472 290 2531; x_wconf 89' lang='lat' dir='ltr'>Liber</span> <span class='ocrx_word' id='word_1_193' title='bbox 311 2472 356 2530; x_wconf 93' lang='lat' dir='ltr'>IV</span> <span class='ocrx_word' id='word_1_194' title='bbox 420 2473 463 2532; x_wconf 93' lang='lat' dir='ltr'>De</span> <span class='ocrx_word' id='word_1_195' title='bbox 487 2472 616 2534; x_wconf 80' lang='lat' dir='ltr'>dotibus</span> 
     </span>
    </p>

    <p class='ocr_par' dir='ltr' id='par_1_13' title="bbox 200 2561 601 2620">
     <span class='ocr_line' id='line_1_27' title="bbox 200 2561 601 2620; baseline 0.002 -1"><span class='ocrx_word' id='word_1_196' title='bbox 200 2561 342 2620; x_wconf 89' lang='lat' dir='ltr'>LiberV</span> <span class='ocrx_word' id='word_1_197' title='bbox 420 2561 465 2620; x_wconf 91' lang='lat' dir='ltr'>De</span> <span class='ocrx_word' id='word_1_198' title='bbox 489 2562 601 2620; x_wconf 84' lang='lat' dir='ltr'>tutelis.</span> 
     </span>
    </p>

    <p class='ocr_par' dir='ltr' id='par_1_14' title="bbox 198 2648 919 2727">
     <span class='ocr_line' id='line_1_28' title="bbox 198 2648 919 2727; baseline -0.003 -19"><span class='ocrx_word' id='word_1_199' title='bbox 198 2649 289 2709; x_wconf 91' lang='lat' dir='ltr'>Liber</span> <span class='ocrx_word' id='word_1_200' title='bbox 310 2648 354 2709; x_wconf 94' lang='lat' dir='ltr'>VI</span> <span class='ocrx_word' id='word_1_201' title='bbox 419 2650 463 2709; x_wconf 88' lang='lat' dir='ltr'>De</span> <span class='ocrx_word' id='word_1_202' title='bbox 486 2650 532 2710; x_wconf 87' lang='lat' dir='ltr'>his</span> <span class='ocrx_word' id='word_1_203' title='bbox 556 2651 608 2727; x_wconf 92' lang='lat' dir='ltr'>qui</span> <span class='ocrx_word' id='word_1_204' title='bbox 630 2649 720 2709; x_wconf 91' lang='lat' dir='ltr'>alieni</span> <span class='ocrx_word' id='word_1_205' title='bbox 742 2649 816 2707; x_wconf 87' lang='lat' dir='ltr'>iuris</span> <span class='ocrx_word' id='word_1_206' title='bbox 840 2651 919 2706; x_wconf 90' lang='lat' dir='ltr'>sunt.</span> 
     </span>
    </p>

    <p class='ocr_par' dir='ltr' id='par_1_15' title="bbox 197 2734 1119 2814">
     <span class='ocr_line' id='line_1_29' title="bbox 197 2734 1119 2814; baseline -0.001 -18"><span class='ocrx_word' id='word_1_207' title='bbox 197 2738 289 2797; x_wconf 87' lang='lat' dir='ltr'>Liber</span> <span class='ocrx_word' id='word_1_208' title='bbox 311 2737 371 2796; x_wconf 91' lang='lat' dir='ltr'>VH</span> <span class='ocrx_word' id='word_1_209' title='bbox 420 2738 464 2797; x_wconf 91' lang='lat' dir='ltr'>De</span> <span class='ocrx_word' id='word_1_210' title='bbox 491 2739 620 2814; x_wconf 86' lang='lat' dir='ltr'>mancipi</span> <span class='ocrx_word' id='word_1_211' title='bbox 643 2756 743 2796; x_wconf 90' lang='lat' dir='ltr'>rerum</span> <span class='ocrx_word' id='word_1_212' title='bbox 766 2736 916 2811; x_wconf 88' lang='lat' dir='ltr'>emptione</span> <span class='ocrx_word' id='word_1_213' title='bbox 940 2734 1119 2795; x_wconf 86' lang='lat' dir='ltr'>venditione.</span> 
     </span>
    </p>

    <p class='ocr_par' dir='ltr' id='par_1_16' title="bbox 419 2825 941 2904">
     <span class='ocr_line' id='line_1_30' title="bbox 419 2825 941 2904; baseline 0 -19"><span class='ocrx_word' id='word_1_214' title='bbox 419 2827 464 2885; x_wconf 91' lang='lat' dir='ltr'>De</span> <span class='ocrx_word' id='word_1_215' title='bbox 487 2826 672 2904; x_wconf 86' lang='lat' dir='ltr'>possessione</span> <span class='ocrx_word' id='word_1_216' title='bbox 697 2828 727 2884; x_wconf 88' lang='lat' dir='ltr'>et</span> <span class='ocrx_word' id='word_1_217' title='bbox 750 2825 941 2900; x_wconf 86' lang='lat' dir='ltr'>usucapione.</span> 
     </span>
    </p>

    <p class='ocr_par' dir='ltr' id='par_1_17' title="bbox 197 2913 1120 2992">
     <span class='ocr_line' id='line_1_31' title="bbox 197 2913 1120 2992; baseline 0.001 -19"><span class='ocrx_word' id='word_1_218' title='bbox 197 2915 290 2974; x_wconf 88' lang='lat' dir='ltr'>Liber</span> <span class='ocrx_word' id='word_1_219' title='bbox 311 2914 386 2975; x_wconf 85' lang='lat' dir='ltr'>VIII</span> <span class='ocrx_word' id='word_1_220' title='bbox 418 2917 462 2975; x_wconf 92' lang='lat' dir='ltr'>De</span> <span class='ocrx_word' id='word_1_221' title='bbox 481 2917 609 2992; x_wconf 77' lang='lat' dir='ltr'>mancipi</span> <span class='ocrx_word' id='word_1_222' title='bbox 627 2935 728 2975; x_wconf 89' lang='lat' dir='ltr'>rerum</span> <span class='ocrx_word' id='word_1_223' title='bbox 746 2913 894 2973; x_wconf 87' lang='lat' dir='ltr'>locatione</span> <span class='ocrx_word' id='word_1_224' title='bbox 912 2913 1120 2974; x_wconf 88' lang='lat' dir='ltr'>conductione.</span> 
     </span>
    </p>

    <p class='ocr_par' dir='ltr' id='par_1_18' title="bbox 197 3003 638 3081">
     <span class='ocr_line' id='line_1_32' title="bbox 197 3003 638 3081; baseline 0.011 -20"><span class='ocrx_word' id='word_1_225' title='bbox 197 3003 289 3063; x_wconf 88' lang='lat' dir='ltr'>Liber</span> <span class='ocrx_word' id='word_1_226' title='bbox 311 3005 354 3064; x_wconf 97' lang='lat' dir='ltr'>IX</span> <span class='ocrx_word' id='word_1_227' title='bbox 420 3004 466 3064; x_wconf 94' lang='lat' dir='ltr'>De</span> <span class='ocrx_word' id='word_1_228' title='bbox 489 3023 638 3081; x_wconf 88' lang='lat' dir='ltr'>sponsore.</span> 
     </span>
    </p>

    <p class='ocr_par' dir='ltr' id='par_1_19' title="bbox 197 3092 1034 3168">
     <span class='ocr_line' id='line_1_33' title="bbox 197 3092 1034 3168; baseline 0.004 -17"><span class='ocrx_word' id='word_1_229' title='bbox 197 3092 290 3152; x_wconf 85' lang='lat' dir='ltr'>Liber</span> <span class='ocrx_word' id='word_1_230' title='bbox 310 3094 338 3152; x_wconf 89' lang='lat' dir='ltr'>X</span> <span class='ocrx_word' id='word_1_231' title='bbox 417 3093 462 3152; x_wconf 91' lang='lat' dir='ltr'>De</span> <span class='ocrx_word' id='word_1_232' title='bbox 486 3095 688 3154; x_wconf 80' lang='lat' dir='ltr'>servitutibus.</span> <span class='ocrx_word' id='word_1_233' title='bbox 731 3092 776 3150; x_wconf 90' lang='lat' dir='ltr'>De</span> <span class='ocrx_word' id='word_1_234' title='bbox 800 3092 872 3152; x_wconf 88' lang='lat' dir='ltr'>locis</span> <span class='ocrx_word' id='word_1_235' title='bbox 895 3093 1034 3168; x_wconf 86' lang='lat' dir='ltr'>publicis.</span> 
     </span>
    </p>

    <p class='ocr_par' dir='ltr' id='par_1_20' title="bbox 197 3180 1025 3259">
     <span class='ocr_line' id='line_1_34' title="bbox 197 3180 1025 3259; baseline 0 -19"><span class='ocrx_word' id='word_1_236' title='bbox 197 3180 290 3240; x_wconf 90' lang='lat' dir='ltr'>Liber</span> <span class='ocrx_word' id='word_1_237' title='bbox 310 3182 354 3241; x_wconf 89' lang='lat' dir='ltr'>XI</span> <span class='ocrx_word' id='word_1_238' title='bbox 421 3183 465 3241; x_wconf 91' lang='lat' dir='ltr'>De</span> <span class='ocrx_word' id='word_1_239' title='bbox 487 3201 540 3241; x_wconf 90' lang='lat' dir='ltr'>neo</span> <span class='ocrx_word' id='word_1_240' title='bbox 563 3183 691 3258; x_wconf 86' lang='lat' dir='ltr'>mancipi</span> <span class='ocrx_word' id='word_1_241' title='bbox 712 3182 801 3240; x_wconf 87' lang='lat' dir='ltr'>rebus</span> <span class='ocrx_word' id='word_1_242' title='bbox 825 3181 1025 3259; x_wconf 87' lang='lat' dir='ltr'>adquirendis.</span> 
     </span>
    </p>

    <p class='ocr_par' dir='ltr' id='par_1_21' title="bbox 198 3270 971 3346">
     <span class='ocr_line' id='line_1_35' title="bbox 198 3270 971 3346; baseline 0.003 -19"><span class='ocrx_word' id='word_1_243' title='bbox 198 3270 291 3330; x_wconf 89' lang='lat' dir='ltr'>Liber</span> <span class='ocrx_word' id='word_1_244' title='bbox 313 3271 371 3330; x_wconf 94' lang='lat' dir='ltr'>XII</span> <span class='ocrx_word' id='word_1_245' title='bbox 418 3270 462 3330; x_wconf 89' lang='lat' dir='ltr'>Dc</span> <span class='ocrx_word' id='word_1_246' title='bbox 485 3271 601 3346; x_wconf 90' lang='lat' dir='ltr'>peculio</span> <span class='ocrx_word' id='word_1_247' title='bbox 625 3275 655 3331; x_wconf 89' lang='lat' dir='ltr'>et</span> <span class='ocrx_word' id='word_1_248' title='bbox 678 3273 714 3330; x_wconf 93' lang='lat' dir='ltr'>de</span> <span class='ocrx_word' id='word_1_249' title='bbox 737 3270 768 3328; x_wconf 92' lang='lat' dir='ltr'>in</span> <span class='ocrx_word' id='word_1_250' title='bbox 791 3289 854 3328; x_wconf 88' lang='lat' dir='ltr'>rem</span> <span class='ocrx_word' id='word_1_251' title='bbox 876 3289 971 3330; x_wconf 85' lang='lat' dir='ltr'>verse.</span> 
     </span>
    </p>

    <p class='ocr_par' dir='ltr' id='par_1_22' title="bbox 198 3359 658 3421">
     <span class='ocr_line' id='line_1_36' title="bbox 198 3359 658 3421; baseline 0.007 -4"><span class='ocrx_word' id='word_1_252' title='bbox 198 3359 289 3418; x_wconf 84' lang='lat' dir='ltr'>Liber</span> <span class='ocrx_word' id='word_1_253' title='bbox 310 3359 385 3419; x_wconf 92' lang='lat' dir='ltr'>XIII</span> <span class='ocrx_word' id='word_1_254' title='bbox 417 3360 460 3419; x_wconf 88' lang='lat' dir='ltr'>De</span> <span class='ocrx_word' id='word_1_255' title='bbox 483 3361 658 3421; x_wconf 81' lang='lat' dir='ltr'>Interdiotis.</span> 
     </span>
    </p>

    <p class='ocr_par' dir='ltr' id='par_1_23' title="bbox 198 3447 991 3524">
     <span class='ocr_line' id='line_1_37' title="bbox 198 3447 991 3524; baseline -0.003 -18"><span class='ocrx_word' id='word_1_256' title='bbox 198 3447 288 3507; x_wconf 88' lang='lat' dir='ltr'>Liber</span> <span class='ocrx_word' id='word_1_257' title='bbox 310 3448 381 3507; x_wconf 88' lang='lat' dir='ltr'>XIV</span> <span class='ocrx_word' id='word_1_258' title='bbox 414 3448 458 3507; x_wconf 89' lang='lat' dir='ltr'>De</span> <span class='ocrx_word' id='word_1_259' title='bbox 482 3449 656 3509; x_wconf 86' lang='lat' dir='ltr'>actionibus.</span> <span class='ocrx_word' id='word_1_260' title='bbox 703 3448 748 3506; x_wconf 93' lang='lat' dir='ltr'>De</span> <span class='ocrx_word' id='word_1_261' title='bbox 770 3448 837 3524; x_wconf 86' lang='lat' dir='ltr'>lege</span> <span class='ocrx_word' id='word_1_262' title='bbox 861 3447 991 3522; x_wconf 84' lang='lat' dir='ltr'>Aquilia.</span> 
     </span>
    </p>

    <p class='ocr_par' dir='ltr' id='par_1_24' title="bbox 198 3533 1042 3597">
     <span class='ocr_line' id='line_1_38' title="bbox 198 3533 1042 3597; baseline -0.009 -2"><span class='ocrx_word' id='word_1_263' title='bbox 198 3537 289 3596; x_wconf 84' lang='lat' dir='ltr'>Liber</span> <span class='ocrx_word' id='word_1_264' title='bbox 311 3537 367 3595; x_wconf 89' lang='lat' dir='ltr'>XV</span> <span class='ocrx_word' id='word_1_265' title='bbox 416 3536 460 3596; x_wconf 91' lang='lat' dir='ltr'>De</span> <span class='ocrx_word' id='word_1_266' title='bbox 483 3538 580 3597; x_wconf 85' lang='lat' dir='ltr'>furtis.</span> <span class='ocrx_word' id='word_1_267' title='bbox 625 3539 670 3597; x_wconf 90' lang='lat' dir='ltr'>De</span> <span class='ocrx_word' id='word_1_268' title='bbox 693 3537 838 3595; x_wconf 91' lang='lat' dir='ltr'>bonorum</span> <span class='ocrx_word' id='word_1_269' title='bbox 861 3533 1042 3593; x_wconf 85' lang='lat' dir='ltr'>venditione.</span> 
     </span>
    </p>
   </div>
   <div class='ocr_carea' id='block_1_8' title="bbox 162 3635 906 3696">
    <p class='ocr_par' dir='ltr' id='par_1_25' title="bbox 162 3635 906 3696">
     <span class='ocr_line' id='line_1_39' title="bbox 162 3635 906 3696; baseline 0 -13"><span class='ocrx_word' id='word_1_270' title='bbox 162 3643 260 3693; x_wconf 70' lang='lat' dir='ltr'>rursm.</span> <span class='ocrx_word' id='word_1_271' title='bbox 274 3646 392 3686; x_wconf 78' lang='lat' dir='ltr'>antehadr.</span> <span class='ocrx_word' id='word_1_272' title='bbox 406 3647 455 3686; x_wconf 87' lang='lat' dir='ltr'>rell.</span> <span class='ocrx_word' id='word_1_273' title='bbox 470 3646 504 3686; x_wconf 88' lang='lat' dir='ltr'>ed.</span> <span class='ocrx_word' id='word_1_274' title='bbox 519 3645 618 3685; x_wconf 88' lang='lat' dir='ltr'>Bremer.</span> <span class='ocrx_word' id='word_1_275' title='bbox 641 3645 672 3696; x_wconf 90' lang='grc' dir='ltr'>Π,</span> <span class='ocrx_word' id='word_1_276' title='bbox 688 3646 706 3683; x_wconf 76' lang='lat'>2.</span> <span class='ocrx_word' id='word_1_277' title='bbox 891 3635 906 3679; x_wconf 91' lang='lat'><strong>3</strong></span> 
     </span>
    </p>
   </div>
   <div class='ocr_carea' id='block_1_9' title="bbox 0 0 1290 3904">
    <p class='ocr_par' dir='ltr' id='par_1_26' title="bbox 0 0 1290 3904">
     <span class='ocr_line' id='line_1_40' title="bbox 0 0 1290 3904; baseline 0 0"><span class='ocrx_word' id='word_1_278' title='bbox 0 0 1290 3904; x_wconf 95' lang='lat' dir='ltr'> </span> 
     </span>
    </p>
   </div>
  </div>
 </body>
</html>
