2614 3912
160 173 224 238 378
261 174 294 229 V.
313 169 464 230 NERVAE
483 174 530 228 ΕΤ
550 173 702 228 TRAIANI
721 173 829 229 TEMP.
847 173 943 229 IURIS
962 173 1141 230 CONSULTI

160 338 200 404 ad
237 335 393 403 Sabinum
425 333 474 422 (Ρ.
498 335 607 422 2558).
643 373 686 385 -
719 335 850 403 Cassius
875 385 908 402 ..
933 337 1044 402 scribit
1081 337 1166 404 libro

159 432 274 494 octavo
311 426 390 490 iuris
422 426 525 491 civilis
564 426 776 492 fructuarium
815 447 872 510 per
903 426 1061 492 arbitrum
1094 427 1167 512 cogi

159 517 302 596 reficere,
333 513 602 599 quemadmodum
632 516 778 580 adserere
806 515 934 600 cogitur
961 514 1106 599 arbores,
1135 519 1168 580 et

159 605 272 671 Aristo
295 607 388 669 notat
409 604 490 669 haec
513 626 590 669 vera
614 625 692 668 esse.

247 711 276 776 9.
305 709 564 795 1).7,1,11,1.
610 709 771 794 Ulpianus
797 710 881 776 libro
905 714 1019 776 octavo
1043 710 1167 776 decimo

159 800 200 866 ad
223 800 379 866 Sabinum
404 799 454 885 (P.
467 797 580 885 2585).
604 835 645 846 -
670 799 720 865 Ex
743 821 790 881 eo,
814 821 855 864 ne
879 799 1069 865 deteriorem
1093 822 1166 866 con·

159 890 317 955 dicionem
345 888 516 954 fructuarii
543 888 641 953 faciat
666 888 914 973 proprietarius,
942 890 1025 953 solet
1047 891 1168 974 quaeri,

159 1003 200 1045 au
230 997 357 1043 servum
386 975 534 1042 dominns
562 998 707 1042 coercere
729 977 844 1061 possit.
889 980 922 1042 01
945 977 1057 1043 Aristo
1081 977 1167 1063 apud

159 1068 309 1136 Cassium
332 1070 425 1132 notat
448 1066 671 1150 plenissimam
696 1087 768 1131 eum
792 1066 1020 1132 coercitionem
1037 1067 1167 1151 habere,

159 1159 187 1224 si
211 1156 307 1222 modo
328 1155 396 1220 sine
416 1154 491 1220 dolo
509 1156 597 1220 malo
616 1155 723 1234 faciat,
742 1156 889 1239 quamvis
907 1154 1166 1220 usufructuarius

157 1269 216 1312 nec
246 1245 416 1311 contrariis
444 1244 572 1328 quidem
600 1244 791 1309 ministeriis
819 1247 875 1308 aut
902 1243 1066 1309 inusitatis
1090 1246 1167 1309 arti-

157 1337 267 1401 ficium
290 1334 358 1398 eius
382 1353 587 1417 corrumpere
609 1334 715 1418 possit
737 1354 796 1397 nec
815 1352 942 1396 servum
961 1332 1165 1399 cicatricibus

157 1425 347 1490 deformare.

480 1569 722 1630 Databc‘tutionc
744 1571 846 1644 tepula.

247 1691 297 1755 10.
321 1689 492 1768 1).1,8,6.
531 1687 688 1771 Ulpianus
711 1688 795 1753 libro
819 1689 957 1771 septimo
982 1688 1105 1754 decimo
1126 1689 1167 1754 ad

158 1778 315 1844 Sabinum
334 1774 383 1865 (Ρ.
397 1773 523 1863 25750).
543 1813 585 1824 -
605 1775 681 1843 Non
699 1777 804 1841 solum
824 1781 931 1842 autem
950 1798 1023 1842 cum
1036 1779 1166 1858 marito,

157 1866 213 1932 sed
232 1870 265 1932 et
284 1888 357 1931 cum
376 1867 485 1930 liberis
506 1866 694 1952 libertisque
714 1865 862 1931 habitare
882 1871 1004 1931 etcum
1023 1867 1166 1950 parenti·

157 1956 217 2020 bus
246 1955 368 2038 poterit
393 1953 451 2038 (sc.
477 1955 600 2037 mulier,
628 1955 677 2019 cui
701 1976 777 2018 usus
801 1955 933 2020 relictus
958 1953 1034 2040 est),
1062 1959 1096 2020 01
1118 1957 1167 2021 110

156 2049 191 2108 01
213 2043 324 2108 Aristo
347 2045 443 2108 notat
466 2043 551 2126 apud
576 2039 740 2108 Sabinum.

528 2261 575 2320 De
591 2279 672 2335 penu
695 2261 797 2335 lepata.

248 2381 297 2447 11.
321 2380 360 2446 D.
370 2381 422 2462 33,
436 2381 466 2465 9,
481 2381 559 2464 3pr.
573 2383 593 2460 ξ
609 2381 636 2445 1.
647 2381 677 2444 2.
708 2379 867 2465 Ulpianus
886 2381 970 2446 libro
989 2382 1165 2449 vicensimo

158 2470 297 2537 secundo
327 2469 367 2535 nd
392 2467 546 2535 Sabinum
570 2467 621 2556 (P.
641 2466 752 2556 2641).
778 2503 816 2516 -
842 2469 905 2547 Qui
931 2492 1049 2556 penum
1075 2472 1166 2556 legat

156 2559 233 2646 quid
247 2560 357 2645 legato
371 2560 613 2644 complectatur,
626 2558 801 2624 videamus.
839 2562 872 2623 et
886 2557 1024 2635 Quintus
1039 2559 1165 2626 Mucius

158 2649 272 2716 scribit
289 2649 373 2715 libro
393 2648 532 2715 secundo
551 2648 630 2712 iuris
650 2648 753 2713 civilis
771 2669 857 2733 penu
875 2647 985 2734 legata
998 2650 1165 2730 contineri,

156 2760 237 2824 quae
261 2738 330 2803 esui
352 2737 507 2824 potuique
531 2741 615 2802 sunt.
660 2736 745 2802 idem
768 2735 906 2802 Sabinus
929 2737 1021 2802 libris
1046 2737 1087 2802 ad
1110 2736 1165 2802 Vi·

156 2828 284 2892 tellium
308 2826 430 2892 scribit.
470 2826 593 2893 ...sed
616 2826 728 2892 Aristo
752 2828 846 2891 notat
869 2826 968 2890 etiam
991 2848 1072 2911 quae
1096 2829 1166 2892 esui

155 2917 312 2999 potuique
339 2937 404 2980 non
433 2919 508 2980 cunt
535 2915 695 2980 contineri
722 2915 844 3000 legato,
874 2918 912 2980 ut
938 2918 1019 2999 puta
1047 2937 1099 3000 ea,
1130 2917 1165 2980 in

157 3004 274 3088 quibus
298 3025 368 3068 esse
392 3003 540 3083 solemne,
563 3005 669 3068 oleum
692 3003 785 3087 forte,
808 3023 921 3089 garum
941 3005 1080 3070 muriam
1099 3006 1165 3069 mel

156 3095 326 3175 ceteraque
358 3091 409 3156 bis
442 3091 570 3156 similia.
614 3092 723 3173 plone,
754 3091 872 3177 inquit,
902 3093 931 3158 sc'
954 3113 1055 3176 pentes
1082 3113 1164 3160 estro

155 3180 239 3244 10010
262 3180 386 3263 tenetur,
409 3180 509 3244 Labeo
532 3179 609 3244 libro
631 3200 711 3244 0000
735 3179 945 3248 Posterioram
962 3182 1069 3248 scribit
1084 3183 1166 3249 nibil

154 3289 261 3334 eorum
286 3270 398 3348 0οᾱον0,
425 3269 500 3350 quic
526 3289 589 3333 noa
615 3268 688 3334 tace
714 3289 787 3350 csse,
814 3272 868 3336 sed
888 3291 946 3353 per
967 3293 1003 3336 cc
1025 3273 1164 3338 solemus.

155 3357 330 3423 Trebatius
357 3358 392 3422 in
419 3357 515 3422 melle
544 3360 656 3422 contra
683 3357 809 3442 scribit,
836 3360 966 3443 merito,
995 3362 1071 3446 quia
1099 3361 1164 3425 mel

154 3467 226 3512 esss
259 3447 408 3512 solemus.
469 3446 524 3511 sed
556 3444 710 3511 Proculus
748 3447 856 3512 omnia
893 3448 971 3513 haec
1007 3450 1165 3515 contineri

154 3538 240 3601 recte
268 3535 390 3621 scribit,
416 3535 480 3600 nisi
507 3536 670 3601 contraria
695 3557 784 3601 mens
808 3537 975 3602 testatoris
999 3542 1164 3622 appareat.
