2614 3912
162 223 227 288 366
264 223 297 278 V.
317 221 467 278 NERVAE
486 223 533 278 ΕΤ
552 223 705 278 TRAIANI
722 222 829 279 Tune.
848 223 944 279 IURIS
963 222 1143 279 CONSULTI

158 386 330 452 admodum
358 391 470 470 posset
494 387 585 472 iungi
609 387 769 452 sententia
791 386 928 452 duorum
951 391 1019 451 tam
1044 386 1174 452 diversa

157 475 364 541 censentium.
413 474 516 560 adque
549 476 628 541 adeo
658 476 811 560 permitte
840 476 920 540 mihi
949 475 995 542 sio
1024 476 1110 558 apud
1138 479 1174 541 te

156 569 322 648 tamquam
350 564 409 648 ibi,
433 565 480 630 sie
503 569 634 648 peraeta
657 587 691 628 re
712 569 882 649 tamquam
906 564 1010 629 adhue
1032 565 1174 651 integra,

156 653 315 718 rationem
347 652 457 718 iudioii
490 655 554 718 mei
581 654 724 738 reddere,
756 675 901 739 quaeque
929 649 1006 720 tuno'
1033 654 1173 738 carptim

156 741 268 807 multis
301 743 562 826 obstrepentibus
596 743 662 808 dixi
692 764 778 807 nuno
810 764 867 826 per
900 742 1001 808 otium
1028 743 1174 827 iungere.

155 831 317 916 fingamus
345 836 413 896 tres
441 831 572 896 omnino
600 832 720 896 indices
748 831 781 895 in
809 830 894 896 hane
922 853 1053 896 oausam
1077 833 1173 898 datos

156 941 235 1001 esse,
253 920 369 985 horum
387 921 444 986 uni
457 920 618 1004 placuisse
633 920 737 1003 perire
752 920 896 1004 libertos,
915 921 1009 986 alteri
1023 922 1173 1007 relegari,

155 1009 252 1074 tertio
271 1009 408 1074 absolvi:
432 1017 583 1074 utrumne
602 1009 780 1074 sententiae
799 1008 879 1073 duae
899 1009 1028 1076 collatis
1047 1011 1172 1076 viribus

155 1097 364 1163 novissimam
401 1097 583 1182 periment?
638 1120 680 1162 an
717 1099 892 1183 separatim
927 1121 993 1163 una
1024 1121 1172 1186 quaeque

155 1187 347 1252 tantundem
374 1191 530 1270 quantum
554 1186 657 1251 altera
679 1186 814 1272 valebit,
841 1209 900 1252 neu
923 1188 1027 1272 magis
1050 1190 1174 1272 poterit

156 1297 228 1341 eum
252 1275 390 1341 secunda
412 1277 519 1360 prima
540 1277 665 1340 eoneeti
684 1297 782 1361 quam
800 1275 941 1341 secunda
960 1297 1031 1341 eum
1050 1277 1173 1343 tertia?

154 1365 254 1450 igitur
276 1365 311 1429 in
334 1370 447 1430 senatu
471 1385 597 1449 quoque
620 1365 783 1430 numerari
801 1369 968 1450 tamquam
987 1367 1172 1432 contrariae

155 1454 274 1519 debent
297 1475 378 1538 quae
401 1457 567 1538 tamquam
590 1453 735 1518 diversae
759 1453 917 1519 dieantur.
1016 1455 1072 1519 sed
1092 1456 1172 1540 quid

155 1564 215 1627 ego
239 1542 355 1608 similis
376 1541 525 1606 docenti?
568 1563 642 1607 eum
665 1542 788 1609 disoere
811 1544 908 1608 velim
929 1565 968 1608 an
989 1545 1171 1610 sententias

154 1630 267 1716 dividi,
285 1652 336 1695 an
365 1631 406 1694 iri
428 1631 460 1695 in
486 1631 630 1716 singulas
655 1632 843 1716 oportuerit.
890 1633 1017 1716 optinui
1040 1633 1171 1716 quidem

157 1720 242 1804 qnod
279 1720 501 1804 postulabam3
536 1719 640 1786 nihilo
677 1721 783 1786 minus
816 1726 925 1786 temen
958 1743 1091 1807 quaero,
1128 1744 1171 1786 an

153 1809 320 1894 postulare
339 1808 511 1873 debuerim.
549 1809 818 1893 quemadmodum
838 1810 986 1893 optinui?
1023 1811 1078 1895 qui
1093 1810 1171 1876 ulti-

154 1919 242 1960 mum
273 1897 467 1980 supplicium
495 1897 686 1963 sumendum
709 1919 779 1963 esse
802 1900 968 1981 censebat,
995 1900 1103 1966 neseio
1129 1923 1171 1966 an

155 1985 234 2070 iure,
256 1990 343 2050 eerte
366 1985 529 2070 aequitate
550 1985 781 2070 postulationis
800 2009 890 2052 meae
909 1989 1024 2073 vietus,
1048 1988 1171 2054 omissa

155 2074 317 2138 sententia
341 2095 399 2139 sna
424 2075 560 2139 accessit
582 2075 752 2163 releganti3
775 2077 896 2141 veritus
921 2077 1116 2161 scilicetne,
1140 2078 1170 2143 si

154 2161 373 2227 dividerentur
403 2163 596 2248 sententiae,
629 2165 713 2248 quod
741 2163 862 2250 alioqui
890 2165 959 2230 fore
987 2166 1170 2252 videbatur,

153 2273 191 2316 ea
210 2272 292 2335 quae
311 2251 524 2317 absolvendos
543 2273 614 2317 esse
633 2254 786 2318 censebat
804 2277 938 2320 numero
952 2256 1167 2338 praevaleret.

153 2340 270 2405 etenim
297 2341 393 2426 longe
415 2341 525 2424 plures
548 2342 584 2405 in
606 2341 668 2406 hae
690 2363 755 2407 una
778 2364 874 2427 quam
896 2343 930 2408 in
953 2344 1078 2409 duabus
1102 2345 1169 2410 sin-

153 2429 237 2516 gulis
257 2434 359 2494 erant.
396 2433 467 2494 tum
484 2429 535 2493 illi
554 2452 681 2516 quoque
700 2431 755 2516 qui
769 2433 961 2497 auctoritate
976 2432 1045 2498 eius
1060 2432 1168 2499 trahe·

152 2519 272 2584 bantur
295 2523 480 2584 transeunte
503 2518 562 2585 illo
585 2519 732 2584 destituti
752 2521 953 2605 reliquerunt
971 2522 1168 2586 sententiam

152 2608 194 2674 ab
221 2609 293 2693 ipso
317 2611 448 2674 auctore
473 2608 634 2674 desertam
658 2609 821 2694 secutique
845 2614 921 2674 sunt
944 2610 1037 2694 quasi
1060 2618 1167 2676 trans-

151 2698 264 2782 fugam
279 2720 373 2782 quem
388 2697 502 2763 dneem
517 2698 741 2783 sequebantur.
774 2699 820 2763 sie
830 2699 985 2765 extribus
996 2701 1167 2765 sententiis

151 2787 233 2851 duae
256 2786 369 2865 factae,
390 2787 559 2871 tenuitque
582 2809 621 2851 ex
640 2786 763 2853 duabus
782 2787 886 2852 altera
904 2788 1003 2852 tertie
1022 2789 1168 2872 expulsa,

152 2897 242 2959 quae,
265 2897 338 2940 oum
361 2875 474 2939 ambas
498 2897 648 2958 superare
671 2898 737 2941 non
759 2881 878 2960 posset,
902 2877 1002 2960 elegit
1025 2877 1066 2941 ab
1090 2884 1168 2942 utra

151 2965 340 3029 vinceretur.
384 2965 465 3028 vale.

240 3054 318 3125 Quid
348 3055 452 3115 Aristo
484 3057 683 3133 rescripserit,
715 3077 894 3135 quamquem
927 3059 1073 3119 traditum
1104 3079 1166 3121 non

151 3148 210 3222 est,
242 3144 335 3204 nihilo
367 3143 465 3203 minus
493 3143 584 3203 Plinii
610 3144 739 3221 epistula
766 3147 804 3206 ad
831 3148 982 3208 Aristonis
1010 3149 1165 3227 ingenim

34 3259 36 3265 r
150 3232 350 3293 definiendum
374 3232 490 3292 attinet.

439 3368 490 3435 De
511 3370 659 3437 bortoram
675 3379 871 3454 possessione.

238 3494 268 3559 2.
293 3492 455 3579 D.3'l,12,
465 3495 495 3562 5.
535 3495 734 3580 Papinianus
756 3498 841 3562 libro
865 3499 1034 3564 undeoimo
1059 3495 1163 3577 Quae-

151 3583 292 3649 stionum
325 3583 373 3668 (P.
399 3582 487 3673 195).
518 3621 556 3632 -
591 3585 693 3651 Divus
727 3585 886 3652 Traianus
918 3587 1034 3672 filium,
1066 3607 1163 3672 quem
