2580 3900
156 202 221 266 202
240 201 286 256 IV.
301 199 517 256 VESPASIANI
531 199 604 255 TITI
618 199 815 264 DOMITIANI
829 200 935 257 uaMP.
950 201 1047 258 mals
1062 200 1169 257 CONS.

530 385 572 446 II.
599 387 791 464 Responsa.

240 511 286 570 Ea
309 513 427 570 tantum
450 511 505 571 hoc
528 512 593 572 loco
616 512 766 589 proposui,
791 530 865 589 quae
887 511 998 574 diserte
1021 530 1168 587 responsa

154 600 356 676 designantur.
412 619 592 678 quamquam
624 600 734 677 Pegasi
765 619 909 676 responsa
940 603 1045 677 postea
1077 600 1166 661 libris

153 689 265 748 tradita
292 706 355 748 esse
384 689 457 749 satis
485 692 622 766 apparet,
651 695 752 749 tamen
775 709 846 748 num
868 690 933 766 ipse
956 691 1046 749 eain
1069 689 1165 750 libros

153 778 316 854 redegerIt,
340 778 476 855 cognosci
500 778 613 856 nequit.
656 827 659 832 .

443 956 490 1015 Dc
512 956 688 1016 Latinorum
710 955 871 1016 teredltote.

242 1077 269 1140 1.
294 1072 363 1140 Gai.
378 1076 409 1159 3,
423 1076 476 1158 63,
490 1074 542 1139 64.
569 1111 607 1122 -
633 1074 769 1160 ..Lupo
793 1080 826 1138 et
845 1073 953 1159 Largo
977 1075 1164 1140 oonsulibus

152 1167 283 1229 senatus
311 1165 448 1249 censuit,
475 1168 512 1229 ut
535 1163 624 1229 bona
647 1163 835 1229 Latinorum
860 1164 999 1247 primum
1023 1163 1064 1228 ad
1088 1185 1162 1230 eum

152 1254 358 1338 pertinerent,
376 1254 431 1337 qui
451 1274 506 1319 eos
524 1253 707 1339 liberasset3
726 1251 840 1317 deinde
861 1252 901 1317 ad
915 1253 1034 1318 liberos
1050 1274 1164 1318 eorum

152 1364 218 1408 non
230 1343 421 1408 nominatim
435 1341 653 1424 exheredatos,
669 1344 717 1406 uti
732 1341 865 1426 quisque
879 1341 1045 1425 proximus
1060 1346 1162 1425 esset3

152 1436 230 1497 tunc
257 1430 389 1515 antiquo
416 1430 486 1495 iure
512 1431 552 1495 ad
575 1430 707 1496 heredes
732 1452 856 1514 eorum,
883 1431 939 1514 qui
961 1430 1164 1516 liberassent,

152 1521 360 1605 pertinerent.
401 1542 465 1604 quo
494 1520 773 1585 senatusconsulto
802 1519 931 1603 quidem
954 1518 1029 1602 (id)
1055 1525 1165 1584 actum

151 1631 222 1674 esse
240 1613 371 1695 putant,
389 1618 426 1673 ut
443 1608 477 1672 in
494 1609 589 1674 bonis
603 1608 793 1675 Latinorum
812 1607 923 1673 eodem
942 1609 1009 1672 iure
1023 1611 1165 1689 utamur,

153 1721 216 1782 quo
243 1700 365 1764 utimur
391 1698 427 1762 in
452 1696 631 1762 hereditate
654 1698 772 1764 civium
796 1695 1017 1763 Romanorum
1039 1697 1167 1763 liberti-

152 1809 280 1852 norum.
327 1787 423 1870 idque
447 1786 586 1850 maxime
610 1785 735 1870 Pegaso
759 1786 889 1871 placuit.

242 1898 333 1959 Gaius
356 1898 453 1958 addIt:
481 1893 570 1974 ‘quae
593 1896 741 1957 sententia
764 1899 868 1974 aperte
891 1897 968 1956 falsa
992 1900 1046 1957 est.
1092 1916 1165 1958 nam

152 1987 226 2048 civis
258 1986 385 2047 Romani
420 1986 522 2047 liberti
558 1986 710 2046 hereditas
742 2004 904 2061 numquam
936 1986 974 2045 ad
1007 1989 1165 2047 extraneos

152 2077 272 2153 patroni
304 2075 427 2135 heredes
457 2075 601 2152 pertinet,
630 2074 708 2135 bona
737 2077 837 2133 autem
864 2075 1042 2134 Latinorum
1071 2075 1165 2136 etiam

152 2184 188 2224 ex
211 2167 267 2225 hoc
289 2165 355 2240 ipso
375 2165 634 2224 senatusconsulto
652 2183 712 2223 non
731 2162 921 2224 obstantibus
939 2163 1041 2223 liberte
1059 2182 1165 2224 manu-

152 2254 287 2314 missoris
310 2253 401 2312 etiam
425 2253 463 2312 ad
487 2255 644 2313 extraneos
667 2252 791 2312 heredes
813 2247 984 2327 pertinent?

460 2432 508 2490 Dc
529 2431 692 2491 teredilotc's
708 2431 853 2504 petilione.

240 2553 270 2618 2.
306 2551 345 2616 D.
364 2549 394 2630 5,
412 2551 443 2632 4,
464 2553 492 2633 1,
511 2551 541 2615 3.
597 2546 756 2635 Ulpianus
793 2548 877 2614 libro
914 2548 1026 2633 quinto
1038 2545 1085 2634 (l)
1122 2549 1164 2614 ad

152 2642 291 2707 edictum
314 2636 364 2727 (P.
378 2637 468 2727 538).
489 2676 527 2686 —
549 2635 584 2703 si
607 2659 667 2722 ego
691 2661 729 2703 ex
751 2641 844 2723 parte
868 2660 919 2704 me
942 2637 1046 2702 dicam
1069 2637 1161 2702 here·

151 2732 238 2816 dem,
265 2729 396 2797 coheres
420 2733 525 2794 autem
551 2750 642 2793 meus
665 2727 829 2812 possideat
851 2726 1063 2792 hereditatem
1086 2748 1161 2791 cum

151 2823 316 2902 extraneo,
347 2840 420 2883 cum
452 2839 517 2883 non
549 2817 623 2900 plus
652 2817 783 2882 coheres
812 2816 947 2882 haberet
974 2838 1033 2881 sua
1058 2817 1163 2901 parte,

152 2913 261 2972 utrum
285 2929 304 2971 a
328 2908 397 2972 solo
421 2909 572 2970 extraneo
596 2928 637 2970 an
655 2926 730 2970 vero
750 2907 783 2969 et
801 2927 821 2970 a
839 2904 993 2970 coherede
1013 2903 1163 2969 deberem

154 2998 262 3078 petere
281 2994 501 3076 hereditatem,
520 2993 692 3078 quaeritur.
725 2998 758 3058 et
771 2992 916 3077 Pegasus
934 2994 1037 3058 fertur
1052 2992 1163 3058 existi-

152 3104 257 3147 masse
285 3104 304 3146 a
332 3083 402 3147 solo
431 3085 584 3146 extraneo
611 3103 662 3144 me
684 3087 793 3164 petere
816 3082 932 3146 debere
956 3103 1090 3166 eumque
1114 3103 1163 3146 re·

153 3171 344 3236 stituturum
368 3169 518 3254 quidquid
543 3169 697 3253 possidet.
820 3211 822 3216 -

567 3353 614 3412 De
635 3353 744 3428 tapetes.

240 3476 270 3539 3.
294 3471 334 3536 D.
350 3472 379 3550 7,
395 3473 428 3552 1,
445 3472 498 3553 12,
512 3474 542 3538 2.
583 3471 743 3556 Ulpianus
765 3472 848 3537 libro
872 3471 1008 3556 septimo
1033 3470 1162 3536 decimo

153 3560 191 3626 ad
211 3559 367 3626 Sabinum
387 3558 437 3646 (P.
451 3558 562 3648 2372).
590 3598 627 3610 -
653 3560 919 3627 Usufructuarius
937 3559 990 3624 vel
1009 3559 1079 3643 ipse
1096 3558 1163 3624 frui
