2580 3900
462 236 488 286 9.
507 227 710 284 ATILICINUS
1031 229 1092 293 191

88 392 118 456 in
143 393 247 460 fundo
274 394 384 477 legato
407 392 555 457 inutilem
580 392 737 474 futuram,
764 391 880 457 deinde
904 413 943 458 cx
964 392 1098 478 reliquis

86 482 230 566 partibus
258 481 351 549 fundi
378 482 460 567 legis
486 480 648 546 Falcidiae
675 481 859 565 portionem
886 481 1098 564 decessurum,

29 652 35 666 Ι
86 571 162 635 sicut
186 592 229 636 ex
252 570 403 636 omnibus
426 570 554 656 legatis.

441 735 489 794 Dc
504 735 620 810 peculio
643 736 741 808 locuto.

167 838 199 904 5.
223 837 269 902 ·D.
285 836 338 923 33,
352 837 381 917 8,
395 837 426 919 6,
439 837 468 900 4.
505 834 665 920 Ulpianus
684 836 769 900 libro
788 836 964 902 vicensimo
984 837 1097 922 quinto

84 926 119 990 cd
147 925 312 993 Sabinum
340 921 391 1013 (Ρ.
410 923 522 1010 2680).
546 960 591 971 -
619 973 649 990 ..
676 946 747 990 cum
775 922 905 989 Gnaeus
932 922 1098 990 Domitius

82 1013 163 1084 filice
179 1037 260 1080 suae
274 1015 436 1099 peculium
451 1013 536 1098 quod
555 1013 622 1078 eius
642 1016 728 1077 esset
741 1014 891 1098 legasset,
910 1018 943 1078 st
956 1035 1099 1078 annuum

84 1106 163 1187 quod
188 1109 222 1168 ei
247 1103 362 1169 solitus
387 1107 457 1168 crat
475 1107 559 1186 dare,
581 1101 713 1169 biennio
732 1123 798 1166 non
817 1102 966 1186 dedisset,
990 1102 1099 1167 sedin

83 1193 266 1259 rationibus
286 1192 353 1258 suis
373 1191 554 1257 rettulisset
571 1191 656 1256 filice
676 1211 710 1256 ss
724 1190 839 1255 debere
854 1190 1099 1276 quinquaginta,

85 1279 261 1348 Atilicinus
285 1280 481 1346 existimavit
502 1281 613 1364 legato
636 1301 703 1346 nou
726 1280 845 1345 cedere.

167 1377 217 1436 De
250 1373 303 1435 On.
330 1375 458 1435 Domitii
497 1373 668 1434 nominibus
704 1374 838 1452 vulgatis
874 1395 902 1436 v.
930 1373 1098 1434 Wilmanns

85 1461 230 1542 Exempla
247 1463 279 1523 H
301 1484 329 1540 p.
345 1465 410 1524 324
434 1468 464 1523 et
485 1463 663 1540 Prosopogr.
681 1462 779 1523 1123.

169 1551 201 1614 6.
235 1547 275 1613 D.
295 1547 345 1630 15,
364 1549 393 1634 1,
414 1548 464 1612 17.
510 1545 670 1630 Ulpianus
698 1546 780 1612 libro
810 1546 984 1612 vicensimo
1012 1566 1098 1611 nono

87 1635 122 1700 ul
154 1639 297 1704 edictum
330 1635 380 1723 (P.
400 1635 504 1721 852⁸).
536 1672 573 1682 —
603 1635 648 1700 Et
677 1634 832 1701 Proculus
866 1641 899 1699 st
925 1634 1099 1700 Atilicinus

18 1741 20 1790 ὲ
87 1725 282 1809 existimant,
305 1726 389 1791 sicut
410 1722 475 1809 ipsi
497 1724 609 1791 vicarii
631 1728 707 1789 sunt
724 1725 760 1788 in
777 1725 913 1808 peculio,
935 1725 983 1788 itu
1001 1724 1100 1789 etiam

18 1811 20 1870 l
86 1817 208 1897 peculia
231 1836 350 1880 eorum.

301 1961 348 2020 De
370 1963 547 2021 oruumcuu's
568 1961 757 2020 muliebribus
779 1961 886 2036 locutu.

170 2091 200 2132 v.
219 2069 308 2144 Besp.
329 2070 358 2127 2.

281 2228 329 2287 De
351 2229 483 2288 cautione
505 2228 664 2302 lecatorum
687 2229 904 2288 scrouudorwm.

175 2333 206 2396 7.
230 2328 270 2394 D.
283 2329 396 2410 3219.
416 2365 458 2376 —
477 2326 599 2393 Valens
623 2328 709 2394 libro
728 2330 841 2414 quinto
860 2328 1101 2394 Fideicommis·

89 2437 194 2484 sorum
209 2414 261 2505 (P.
269 2416 335 2501 14).
346 2455 387 2464 —
401 2415 436 2482 Si
450 2416 512 2482 tibi
527 2418 672 2504 legatum
688 2423 738 2483 cst
752 2419 802 2483 vel
816 2417 1101 2483 fideicommissum

87 2508 249 2589 relictum,
271 2507 320 2571 uti
343 2506 420 2592 quid
442 2507 553 2587 facias,
576 2507 793 2572 etiamsinon
816 2509 952 2571 interest
974 2504 1100 2569 heredis

89 2595 117 2661 id
139 2597 223 2680 fieri,
245 2595 427 2679 negandam
452 2595 514 2660 tibi
536 2597 706 2674 actionem,
729 2596 839 2661 sinon
859 2615 972 2660 caveus
990 2592 1101 2657 heredi

88 2683 243 2768 futurum,
275 2684 361 2769 quod
389 2682 557 2750 defunctus
584 2685 700 2767 voluit,
728 2682 837 2750 Nerva
865 2687 898 2748 et
925 2681 1100 2747 Atilicinus

88 2822 113 2839 ..
135 2778 342 2859 putaverunt.

506 2867 553 2926 De
573 2867 684 2940 funere.

174 2971 204 3036 8.
233 2967 272 3034 D.
290 2970 340 3053 11,
356 2969 452 3052 7,28.
497 2967 696 3052 Pomponius
724 2967 809 3032 libro
838 2965 950 3050 quinto
977 2965 1100 3031 decimo

90 3060 126 3124 ad
154 3057 315 3125 Sabinum
344 3053 393 3143 (P.
414 3053 517 3143 colb).
545 3093 587 3104 -
617 3056 709 3134 Quod
741 3055 770 3120 si
800 3055 890 3120 nulla
920 3055 977 3120 dos
1007 3060 1102 3142 esset,

88 3153 162 3214 tunc
191 3168 321 3212 omnem
349 3147 514 3230 inpensum
545 3143 603 3233 (sc.
625 3142 764 3232 funeris)
787 3147 913 3230 patrem
935 3148 1102 3229 praestare

89 3237 200 3304 debere
225 3235 399 3300 Atilicinus
428 3235 475 3300 ait
502 3239 558 3300 aut
585 3235 718 3300 heredes
744 3234 814 3301 eius
837 3234 995 3316 mulieris,
1022 3238 1102 3318 puta

89 3327 317 3409 emancipatae.
367 3324 451 3409 quod
486 3325 513 3388 si
545 3345 647 3409 neque
680 3323 813 3389 heredes
845 3323 966 3388 habeut
997 3343 1101 3406 neque

88 3421 176 3501 puter
201 3412 354 3479 solvendo
379 3414 430 3497 sit,
453 3412 606 3479 maritum
629 3413 662 3477 in
687 3416 843 3498 quantum
866 3412 971 3477 facere
993 3413 1102 3494 potest

88 3526 142 3590 pro
166 3505 230 3570 hoc
255 3503 433 3586 conveniri,
461 3524 500 3568 ne
524 3501 642 3566 iniuria
666 3502 733 3566 cius
758 3500 917 3565 videretur
939 3498 1101 3582 quondam

88 3615 217 3660 uxorem
243 3591 310 3656 eius
334 3591 530 3676 insepultum
553 3590 699 3673 relinqui.
