2602 3906
270 241 304 297 ΙΙ.
324 240 562 296 INGERTORUM
582 241 812 296 SENTENTIAM
831 241 878 295 ΕΤ
895 242 1000 298 LIBRI,
1075 243 1138 307 531

134 427 194 490 que
232 410 265 469 ct
302 405 521 490 praetoribus,
563 403 639 489 quia
678 403 796 469 eisdem
835 406 985 489 auspiciis
1024 406 1139 490 quibus

133 495 278 559 consules
301 498 500 579 crearentur,
527 496 657 558 cautum
680 514 763 558 esse:
790 494 926 559 iudicem
956 495 1042 559 enim
1066 517 1140 561 con-

133 583 234 647 sulem
253 582 420 666 appellari.
456 604 538 667 quae
559 581 719 646 refellitur
738 583 970 667 interpretatio,
994 584 1079 668 qnod
1098 585 1139 648 iis

131 672 331 755 temporibus
360 670 503 737 nondum
533 671 695 736 consulem
718 670 855 736 iudicem
879 672 934 737 sed
957 677 1140 756 praetorem

132 760 289 844 appellari
312 782 382 824 mos
405 759 511 824 fuerit.
1171 772 1175 779 ·

220 864 255 924 cf.
279 863 445 922 Mommsen
463 861 631 922 Strabecht
653 883 681 938 p.
698 863 762 923 580
780 883 809 925 n.
824 864 857 922 3:
882 856 989 922 ‘einem
1013 863 1065 922 der
1083 883 1140 923 we·

130 952 221 1028 nigen
243 938 406 1012 ilberreste
430 971 484 1011 aus
507 953 564 1010 den
588 950 737 1010 Schriften
760 953 813 1011 der
834 951 1002 1012 rbmischen
1026 951 1140 1012 Staats·

131 1041 329 1100 reehtslehrsr
352 1035 441 1121 (iuris
463 1033 676 1121 interpretes)'.

532 1193 583 1259 De
603 1195 739 1260 colonias.

219 1312 249 1377 2.
276 1309 316 1377 D.
331 1311 388 1395 50,
404 1310 459 1395 16,
473 1311 552 1394 239,
566 1310 596 1375 5.
642 1309 839 1396 Pomponius
865 1309 950 1374 libro
980 1309 1139 1395 singulari

129 1398 318 1464 Enchiridii.
342 1435 384 1446 -
407 1397 604 1464 Decuriones
633 1399 763 1483 quidam
787 1400 890 1464 dictos
914 1400 1005 1463 aiunt
1028 1419 1067 1462 ex
1090 1419 1138 1481 so,

130 1489 215 1573 quod
242 1487 350 1571 initio,
377 1510 450 1553 cum
472 1489 620 1552 coloniae
644 1488 888 1572 deducerentur,
916 1486 1040 1552 decima
1062 1508 1139 1570 pars

131 1599 244 1679 eorum
266 1579 322 1679 pui
344 1576 534 1642 ducerentur
558 1577 686 1642 consilii
708 1577 830 1660 publici
853 1576 959 1661 gratia
982 1576 1140 1641 conscribi

131 1665 228 1730 solrta
251 1671 301 1730 snt.
516 1753 566 1819 De
588 1755 748 1819 ,moria

220 1869 247 1934 3.
268 1868 306 1934 D.
325 1869 400 1936 ibid.
415 1872 435 1950 ξ
450 1871 480 1935 8.
499 1905 541 1916 -
555 1869 766 1935 'territorium
781 1873 830 1934 est
845 1868 1034 1934 universitas
1049 1888 1141 1952 agro·

130 1978 202 2022 rum
226 1958 312 2023 intra
334 1959 414 2022 fines
439 1959 592 2042 cuiusque
616 1958 773 2042 civitatis3
797 1957 882 2043 quod
901 1958 941 2022 ab
961 1980 999 2022 eo
1018 1957 1139 2022 dictum

130 2047 260 2132 quidam
295 2047 398 2132 aiunt,
431 2048 515 2131 quod
544 2048 755 2134 magistratus
784 2049 851 2112 aius
878 2047 942 2112 loci
969 2047 1056 2111 intra
1083 2068 1138 2111 eos

130 2136 211 2200 fines
235 2137 376 2201 terrendi
400 2135 445 2220 [id
471 2140 520 2200 est
543 2135 801 2218 summovendit]
825 2136 874 2200 ius
898 2136 1028 2200 habent.

431 2295 482 2361 De
502 2297 654 2362 adulterio
676 2301 705 2361 et
726 2301 840 2378 stupra.

218 2412 249 2476 4.
277 2411 315 2476 D.
330 2411 383 2494 50,
402 2411 450 2492 16,
467 2411 527 2475 101
539 2433 587 2495 pr.
627 2410 827 2475 Modestinus
851 2409 934 2475 libro
950 2413 1042 2474 ¹nono
1066 2408 1136 2473 Dif-

81 2524 85 2529 ’
130 2500 351 2566 ferentiarum.
365 2535 409 2546 -
427 2498 517 2563 Inter
536 2504 683 2583 stuprum
702 2503 734 2563 et
753 2498 945 2563 adulterium
963 2498 1023 2562 hoc
1041 2498 1138 2562 inter·

130 2610 201 2654 esse
224 2589 353 2673 quidam
376 2593 506 2673 putant,
529 2589 614 2672 quod
638 2587 828 2653 adulterium
852 2588 884 2651 in
904 2591 1049 2669 nuptam,
1072 2590 1138 2650 stu·

128 2700 224 2762 prum
247 2679 281 2741 in
303 2678 433 2742 viduam
457 2677 678 2742 committitur.

218 2765 248 2830 b.
272 2764 386 2833 Horat.
406 2770 466 2830 sat.
482 2767 510 2849 1,
525 2767 554 2848 2,
564 2765 608 2829 44
619 2785 687 2848 sqq.
710 2801 747 2810 -
772 2811 779 2829 .
800 2814 806 2828 .
826 2815 832 2828 .
852 2763 929 2847 quin
944 2763 1042 2828 etiam
1057 2762 1137 2827 illud

128 2854 271 2939 Accidit,
296 2860 334 2920 ut
361 2855 492 2938 quidam
517 2859 617 2919 testes
640 2853 838 2938 caudamque
862 2852 1001 2917 salacem
1024 2850 1138 2916 Deme·

129 2948 214 3010 teret
237 2943 332 3009 ferro.
373 2941 465 3008 ‘iure'
490 2964 609 3007 omnes.
649 2941 754 3007 Galba
776 2942 927 3025 negabat.

218 3047 254 3106 of.
273 3046 438 3106 Mommsen
462 3045 629 3106 strat-'recht
646 3066 675 3122 p.
693 3047 754 3106 798
775 3063 802 3103 11.
815 3046 842 3104 2.
877 3045 914 3103 de
934 3043 1030 3104 Galba
1052 3043 1138 3103 iuris·

129 3135 277 3210 consulto,
300 3136 385 3196 cuius
407 3153 582 3213 responsum
604 3133 749 3194 Horatius
773 3134 869 3211 affert,
897 3133 1050 3210 inpriore
1073 3133 1138 3193 loco

128 3225 288 3285 dicendum
311 3228 383 3285 erat.

579 3308 629 3374 De
650 3309 689 3372 ci.

220 3424 250 3489 6.
277 3423 316 3488 D.
330 3425 382 3506 47,
397 3424 427 3507 8,
441 3425 471 3507 2,
487 3427 515 3490 1.
557 3423 717 3506 Ulpianus
741 3422 825 3488 libro
849 3420 1138 3506 quinquagensimo

130 3516 223 3579 sexto
247 3512 287 3577 ad
311 3512 456 3578 edictum.
479 3549 517 3560 -
540 3511 616 3576 ..si
640 3512 712 3596 quis
736 3532 769 3575 se
792 3510 856 3574 rim
875 3532 1007 3594 passum
1026 3509 1138 3572 docere

130 3602 249 3687 possit,
279 3601 409 3685 publico
441 3600 558 3665 iudicio
589 3600 627 3663 de
653 3599 688 3664 vi
714 3601 822 3681 potest
854 3597 1004 3681 experiri,
1036 3614 1138 3676 nsque

874 3697 927 3751 34*
