2596 3902
186 201 228 264 58
256 202 303 282 111.
319 201 394 257 CAH
408 200 555 256 CLAUDII
569 200 859 258 namucensem
870 203 978 258 ΤΕΜΡ.
989 203 1198 260 mfflscons

185 386 256 430 curn
288 366 375 430 iusto
408 368 517 429 tutore
549 368 676 430 tutorve
710 387 781 430 cum
814 387 925 431 eorum
958 389 1021 450 quo
1054 369 1115 451 lcpe
1141 374 1202 434 out

185 455 318 538 lepitimc
354 451 487 518 iudicio¹
523 474 618 537 agere
653 454 725 518 vult
757 457 790 518 st
822 453 925 520 tutor²
957 455 991 520 in
1022 477 1093 520 eam
1126 479 1199 522 rem

184 544 316 627 petitur,
338 547 447 607 utrum
471 543 551 625 ipsis
574 542 782 626 poscentibus
805 543 901 608 datur
925 565 965 608 an
989 566 1063 610 vero
1088 548 1119 609 et
1141 546 1199 610 ad·

184 631 351 697 versario?
392 637 424 695 et
444 631 606 696 sciendum
626 635 686 716 est,
709 632 777 697 sive
797 636 898 716 agant
916 633 983 697 sive
1002 634 1197 700 convenian-

182 724 245 805 tur,
268 721 338 785 dari
361 720 446 785 hunc
469 717 626 784 tutorem³
647 742 751 804 posse,
776 722 916 786 sednon
935 720 1026 803 alias,
1049 725 1198 805 quamsi

182 809 253 891 ipse
284 811 388 893 petat,
420 809 470 873 cui
503 808 573 872 dari
607 831 678 872 eum
709 813 846 892 oportet.
897 809 1034 896 denique
1061 809 1196 877 Cassius

182 897 266 963 libro
295 902 384 962 sexto
413 893 519 982 (sexto
553 896 712 981 decim0?)
747 898 876 981 scripsit
910 899 1009 964 talem
1042 899 1198 966 tutorem³

182 987 343 1052 neminem
359 987 430 1051 dari
443 1008 537 1070 posse
552 987 615 1051 nisi
629 991 833 1069 praesentem
847 1009 951 1071 neque
966 988 1115 1073 cuiquam
1128 991 1197 1056 nisi

181 1077 343 1159 praesenti
366 1079 399 1140 et
421 1075 609 1160 postulanti,
632 1075 741 1158 itaque
763 1075 881 1140 infanti
900 1098 966 1141 non
985 1082 1095 1162 potest
1113 1078 1196 1145 dari.

180 1165 265 1229 idem
280 1163 410 1230 Cassius
430 1164 486 1250 ait,
505 1165 532 1228 si
551 1163 694 1248 pupillus
714 1161 871 1230 tutoremi·
884 1186 1015 1248 poscere
1032 1188 1098 1232 non
1113 1169 1196 1252 vult,

181 1276 244 1338 quo
260 1256 365 1319 minus
380 1275 453 1318 cum
468 1274 506 1317 eo
521 1256 648 1336 agatur,
662 1252 735 1337 cogi
750 1275 821 1316 eum
837 1276 857 1318 1
871 1259 1019 1336 praetore
1033 1255 1195 1323 debuisse.

268 1343 319 1409 85.
347 1340 385 1406 D.
405 1341 458 1420 26,
477 1342 506 1425 7,
525 1341 565 1404 37
574 1363 621 1424 pr.
667 1339 756 1405 Idem
785 1339 843 1426 (sc.
867 1341 1079 1430 Papinianus)
1106 1346 1194 1412 libro

179 1431 346 1496 undecimo
384 1429 617 1506 Quaestionum
654 1429 702 1512 (P.
731 1427 818 1516 199).
850 1467 892 1476 -
926 1431 1093 1516 Tutorem,
1135 1437 1195 1520 qui

178 1524 313 1585 tutelam
348 1520 446 1603 gerit,
483 1516 620 1582 Sabinus
652 1523 685 1581 ct
718 1515 864 1602 Cassius,
895 1523 992 1604 prout
1025 1523 1124 1607 gerit,
1154 1523 1194 1587 in

178 1610 323 1694 singulas
360 1630 411 1672 res
442 1628 501 1692 per
533 1611 679 1692 tempora
712 1609 799 1672 velut
831 1629 869 1672 ex
900 1609 1049 1692 pluribus
1083 1612 1193 1677 causis

177 1698 315 1782 obligari
339 1699 543 1780 putaverunt.

265 1787 317 1851 86.
340 1786 379 1850 D.
393 1786 444 1868 43,
460 1785 512 1867 24,
528 1786 578 1869 11,
589 1785 618 1849 6.
654 1783 812 1867 Ulpianus
826 1784 910 1850 libro
925 1787 1192 1870 septuagensimo

175 1874 281 1958 primo
310 1875 349 1938 ad
373 1875 512 1939 edictum
532 1871 580 1957 (P.
597 1870 708 1960 1596).
725 1910 762 1920 -
856 1871 987 1938 Cassius
1005 1876 1125 1959 probat
1149 1898 1191 1942 ex

175 1962 251 2028 dolo
279 1963 397 2028 tutoris
423 1962 474 2027 vel
497 1962 655 2027 curatoris
679 1962 839 2046 pupillum
863 1962 915 2026 vel
937 1963 1098 2029 furiosum
1120 1986 1193 2031 non

174 2056 329 2206 teneriitt
358 2138 427 2204 Gai.
449 2142 477 2224 1,
498 2139 568 2204 196.
595 2176 632 2185 -
661 2137 838 2225 <Puberem
859 2191 866 2205 .
885 2140 914 2225 .>
944 2138 1084 2205 Sabinus
1104 2192 1134 2209 ..
1154 2147 1190 2208 et

176 2227 327 2294 Cassius.
343 2281 349 2295 .
365 2277 372 2292 .
387 2250 459 2292 eum
479 2249 549 2292 esse
567 2231 692 2313 putant,
712 2229 767 2312 qui
784 2228 899 2293 habitu
915 2229 1056 2312 corporis
1070 2231 1189 2314 puber-

173 2320 275 2381 tatem
299 2317 450 2401 ostendit,
472 2316 504 2380 id
529 2322 579 2381 est
602 2317 657 2401 qui
680 2336 833 2400 generare
856 2322 975 2402 potest,
1000 2319 1055 2382 sed
1078 2320 1113 2384 in
1133 2319 1188 2386 his

175 2406 230 2490 qui
248 2406 421 2490 pubescere
440 2427 506 2469 non
525 2409 673 2489 possunt,
696 2406 808 2489 quales
828 2410 903 2470 sunt
921 2406 1093 2492 spadones,
1111 2407 1212 2474 eam*

173 2499 312 2560 aetatem
337 2517 407 2560 esse
430 2494 651 2579 spectandam,
677 2495 768 2558 cuius
792 2496 907 2559 aetatis
931 2495 1070 2580 puberes
1092 2497 1186 2562 1111111.

262 2582 328 2651 871.
352 2583 425 2668 Ulp.
443 2584 481 2649 fr.
502 2585 553 2668 11,
568 2584 619 2650 28.
638 2621 682 2629 -
704 2581 900 2649 Liberantur
922 2585 1025 2649 tutela
1048 2588 1188 2651 masculi

172 2675 299 2758 quidem
318 2674 497 2758 pubertate.
529 2674 683 2757 puberem
702 2677 810 2738 autem
829 2669 978 2738 Cassiani
997 2724 1026 2739 ..
1046 2695 1117 2738 eum
1137 2675 1185 2739 di-

172 2769 263 2847 cunt,
290 2765 346 2847 qui
373 2763 488 2828 babitu
516 2762 660 2848 corporis
688 2761 791 2844 pubes
819 2765 967 2846 apparet,
995 2762 1028 2826 id
1055 2766 1186 2847 estqui

171 2872 324 2937 generare
347 2854 459 2936 possit.

603 2945 650 3003 Dc
672 2961 751 3004 ouo.

259 3054 311 3119 88.
343 3053 381 3117 D.
400 3054 454 3135 42,
473 3054 502 3137 7,
521 3053 551 3134 2,
569 3053 599 3117 3.
649 3051 808 3138 Ulpianus
839 3053 923 3118 libro
957 3055 1183 3139 sexagensimo

170 3143 282 3226 quinto
306 3141 347 3205 ad
371 3140 508 3206 edictum
533 3139 581 3224 (P.
598 3136 707 3227 1445).
728 3178 767 3188 -
788 3141 970 3228 Quaeritur,
994 3166 1036 3208 an
1059 3144 1183 3211 invitus

242 3293 255 3340 1
278 3289 353 3343 Trib.
367 3286 455 3342 litem.
469 3289 589 3343 restituit
602 3287 687 3344 Leuat
701 3288 730 3344 P.
741 3289 804 3360 Ulp.
819 3294 899 3346 283⁷.
922 3291 958 3346 cf.
968 3291 1032 3362 Ulp.
1047 3291 1080 3347 fr.
1093 3298 1134 3361 11,
1146 3298 1182 3347 24

171 3359 306 3414 ‘moribus
333 3361 412 3414 tutor
438 3359 522 3413 datur
548 3359 659 3414 mulieri
683 3361 827 3430 pupillove
854 3361 903 3431 qui
926 3378 989 3415 cum
1013 3365 1106 3418 tutore
1130 3381 1181 3419 suo

168 3430 231 3502 lege
250 3433 299 3485 aut
316 3431 443 3500 legitimo
461 3429 566 3485 iudicio
586 3446 668 3500 agere
686 3431 760 3501 vult,
779 3435 812 3487 ut
830 3435 942 3488 auctore
962 3451 995 3489 eo
1014 3435 1102 3500 agat’.

239 3507 255 3627 Ξ
277 3501 536 3629 11111111...
