2602 3906
164 179 231 242 522
347 141 349 146 ⁸
530 177 809 232 ιιιιιιιιιιιιι.

167 363 259 406 servo
292 362 364 405 meo
397 341 446 404 vel
480 362 559 423 pure
589 341 639 405 vel
674 340 732 404 sub
766 339 951 410 condicione
984 340 1095 405 eadem
1123 363 1177 406 res

166 431 276 513 legata
305 434 354 494 est
381 448 505 514 egoque
533 429 677 513 legatum
706 430 792 513 quod
816 429 895 494 mihi
919 430 974 493 dat
960 434 1028 494 tum
1054 435 1105 495 est
1128 452 1177 495 re·

165 518 305 601 pudiem‚
338 517 450 582 deinde
476 517 676 600 [condicione
705 520 788 582 exist
790 540 828 582 en
830 520 875 601 te]
830 518 938 582 tid
967 519 1052 603 quod
1075 537 1177 584 servo

165 629 236 671 meo
269 607 414 691 legatum
446 612 504 690 est,
483 607 651 671 tvellem
684 607 724 670 ad
758 629 808 670 me
841 605 1018 691 pertinere,
1047 612 1175 738 partem

166 696 266 780 legati
241 695 422 760 tdeficere
446 717 636 779 responsum
660 699 718 760 est.

510 864 560 929 De
581 866 822 946 fideicommissis
807 884 829 930 s.
905 854 910 861 ’

256 979 318 1044 17?
343 979 380 1044 D.
400 980 452 1060 31,
472 980 523 1062 70,
541 981 571 1044 2.
594 979 684 1044 Idem
707 976 764 1066 (sc.
788 975 1001 1064 Papinianus)
1022 978 1106 1044 libro
1130 980 1178 1043 vi-

164 1069 284 1133 cesimo
318 1066 437 1144 Quaest
422 1069 629 1132 t.ionum-
665 1067 747 1134 Cum
781 1067 911 1152 quidam
943 1067 1010 1132 filio
1043 1088 1102 1132 suo
1137 1089 1178 1132 ex

165 1161 258 1242 parte
226 1157 412 1222 therede
445 1157 522 1221 insti
524 1161 595 1221 tuto
628 1163 779 1240 patruum
812 1158 881 1221 eius
918 1156 1107 1221 coheredem
1146 1157 1177 1220 ei

163 1247 307 1311 dedisset
335 1249 367 1310 et
393 1247 434 1310 ab
461 1267 498 1310 eo
528 1246 671 1331 petisset,
700 1246 863 1311 utfilium
887 1267 981 1309 suum
1004 1266 1062 1329 pro
1086 1245 1176 1309 virili

164 1337 314 1420 portione
333 1334 408 1398 filiis
428 1335 495 1398 suis
517 1269 720 1400 coheredemu
729 1335 858 1418 faceret,
878 1334 1049 1417 siquidem
1068 1335 1175 1398 minus

165 1428 250 1488 esset
274 1425 307 1487 in
330 1423 415 1487 virili
439 1425 597 1507 portione,
620 1445 716 1507 quam
738 1424 830 1487 frat
791 1428 849 1487 tris
868 1422 993 1487 haredit
979 1426 1030 1486 tas
1050 1422 1176 1506 habuit,

155 1513 247 1577 ‘nihil
269 1512 407 1596 amplius
427 1512 494 1596 peti
512 1533 617 1596 posse,
637 1513 722 1596 quod
742 1514 770 1576 si
787 1513 871 1596 plus,
886 1511 983 1576 etiam
1003 1511 1177 1591 fructuum,

164 1623 244 1686 quos
277 1607 411 1685 patruus
443 1601 587 1684 percepit
618 1603 685 1684 vel,
720 1623 793 1666 cum
824 1603 988 1684 percipere
1022 1602 1177 1684 potuerit,

165 1691 238 1755 dolo
266 1711 331 1754 non
359 1688 457 1774 cepit,
489 1690 669 1754 habendam
700 1711 769 1754 esse
797 1690 955 1754 rationem
983 1711 1175 1772 responsum

163 1782 222 1861 est,
246 1799 311 1842 non
331 1799 421 1843 secus
441 1801 537 1864 quam
558 1781 585 1842 si
605 1785 733 1844 centum
752 1778 883 1842 milibus
902 1778 1020 1862 legatis
1039 1783 1176 1863 rogetur

163 1870 243 1950 post
265 1870 394 1949 tempus
419 1868 574 1931 maiorem
599 1868 816 1952 quantitatem
838 1867 1015 1932 restituere.

256 1953 318 2018 18?
343 1955 381 2018 D.
406 1956 457 2040 32,
483 1955 532 2035 11,
557 1957 585 2021 3.
616 1956 772 2040 Ulpianus
796 1955 880 2020 libro
905 1956 1044 2020 secundo
1068 1953 1176 2020 Fidei-

163 2042 418 2108 commissorum.
449 2081 490 2090 —
515 2043 596 2109 Cum
628 2049 714 2109 esset
742 2046 813 2128 quis
842 2047 976 2128 rogatus
1005 2043 1176 2109 restituere

163 2131 345 2214 portionem
378 2137 510 2217 accepta
547 2137 635 2197 certa
667 2135 863 2218 quantitate,
897 2155 1087 2216 responsum
1127 2137 1175 2197 est

163 2221 248 2284 ultro
277 2225 385 2304 petere
408 2221 514 2304 ipsum
537 2222 820 2287 fideicommissum
849 2222 890 2286 ab
922 2220 1039 2285 herede
1071 2243 1176 2310 posse.

495 2390 545 2456 De
568 2392 700 2456 letertote
721 2392 836 2456 relicto.

255 2506 305 2570 19.
331 2503 376 2570 'D
409 2507 466 2589 28,
498 2507 532 2590 5,
566 2507 644 2590 8pr.
677 2505 767 2570 Idem
804 2503 861 2591 (sc
893 2501 1053 2607 Iuliapus)
1090 2505 1174 2570 libro

163 2596 306 2661 secundo
331 2597 371 2660 ad
394 2557 544 2662 Urseiurir
568 2594 788 2660 Ferocem.-
815 2593 888 2658 Duo
914 2595 992 2658 socii
1015 2594 1175 2677 quendam

163 2706 293 2748 servum
335 2706 537 2749 communem
583 2687 779 2788 testamento
821 2683 907 2747 facto
949 2682 1174 2747 heredemt
1142 2688 1174 2746 et

163 2773 301 2837 liberum
334 2795 404 2838 esse
435 2774 611 2853 iusserunt3
644 2769 737 2837 ruina
773 2772 868 2836 simul
907 2772 1052 2855 oppressi
1089 2772 1173 2855 peri·

163 2865 265 2926 erant.
302 2862 445 2946 plerique
485 2860 722 2945 responderunt
748 2861 810 2927 hoc
838 2883 913 2926 casu
943 2861 1068 2924 duobus
1092 2861 1172 2924 orci·

162 2971 240 3012 ιιιιιιι
264 2949 413 3014 heredem
439 2952 583 3015 existere.

253 3038 304 3101 20.
338 3038 375 3101 D.
408 3040 465 3117 40,
501 3038 538 3120 4,
573 3039 649 3122 9pr.
680 3038 839 3123 Ulpianus
877 3037 961 3102 libro
998 3037 1174 3103 vicensimo

162 3129 278 3208 quarto
312 3126 351 3189 sd
385 3124 550 3193 Sabinum.
582 3163 624 3172 —
658 3125 691 3191 si
712 3128 795 3212 'quis
825 3128 872 3191 ita
899 3127 1026 3212 legatus
1055 3127 1111 3211 sit,
1138 3130 1174 3190 ut

164 3215 427 3291 manumittatur,
461 3215 489 3278 si
519 3216 735 3279 manumissus
763 3237 829 3280 non
857 3215 966 3298 fuerit,
993 3213 1075 3280 liber
1103 3236 1173 3279 esse

162 3303 270 3365 iussus
297 3299 357 3365 ιιι1
385 3302 476 3385 eique
500 3304 637 3386 legetur:
668 3309 701 3367 et
725 3303 911 3369 libertatem
934 3309 1115 3387 competere
1139 3307 1172 3368 et

162 3389 309 3473 legatum
332 3389 440 3454 deberi
464 3413 559 3474 saepe
581 3413 774 3474 responsum
799 3396 857 3459 est.

235 3549 249 3597 1
275 3543 322 3599 Fl.
342 3546 392 3600 est.
