2602 3906
367 217 369 224 '
418 245 441 292 e.
464 237 670 292 mvoemms
689 238 837 294 emsous
1064 239 1132 304 473
1249 243 1251 248 ·

125 421 170 465 an
200 399 254 465 lioe
285 402 351 484 ipso
378 401 461 466 lieres
488 401 647 466 institatns
668 407 791 483 partem
817 403 979 468 revocandi
1004 423 1024 465 a
1052 403 1130 486 lepa-

125 490 216 554 tariis
233 491 283 554 ins
300 490 416 574 lrabeat,
434 491 517 571 qnod
532 511 570 555 en
587 491 741 556 oolantate
758 490 891 571 defuncti
902 493 1007 573 plnris
1025 493 1133 556 emerit

123 577 273 658 fundam,
296 599 390 660 qnam
412 580 520 661 amanti
543 583 616 644 erat.

214 666 398 750 Respondit:
426 669 506 750 qnod
522 668 658 751 amplias
680 667 764 734 lieres
780 683 874 750 qnam
887 670 1021 750 pretinm
1037 668 1134 750 fandi

123 755 270 838 lepatario
301 757 402 839 solvit,
433 757 468 821 id
498 756 557 839 lepe
586 757 734 821 Falcidia
764 759 913 838 imputari
940 778 1003 822 non
1025 762 1133 840 potest,

126 845 202 926 qnia
228 845 414 928 neplepentio
436 846 502 910 eins
523 865 627 910 nocem
650 846 805 928 lepatariis
827 866 889 910 non
911 847 1004 931 debet,
1031 851 1132 928 amoto

123 953 194 998 enm
217 934 245 998 is
267 935 433 1016 confitendo
455 955 558 999 oerom
577 935 817 1000 aestimationem
831 939 990 1016 praestare
1002 939 1132 1016 poterat.

542 1128 591 1194 De
611 1129 716 1210 fartis.

212 1253 265 1319 24.
296 1252 333 1317 D.
343 1254 396 1334 47,
410 1254 440 1336 2,
453 1252 503 1317 75.
539 1252 628 1317 Idem
644 1252 700 1338 (se.
714 1250 901 1340 Iavolenus)
915 1255 998 1318 libro
1014 1224 1140 1336 quarto·

123 1357 357 1443 Epistularum.
383 1396 420 1406 -
445 1360 612 1425 Farinam
638 1360 785 1424 ancillam
813 1360 891 1425 lona
912 1361 973 1442 fide
994 1359 1060 1424 Hs
1071 1357 1131 1424 Π1

125 1452 260 1530 emptam
282 1468 351 1512 enm
363 1450 558 1530 possiderem,
582 1447 737 1532 snbrrpait
754 1448 832 1512 milti
849 1450 964 1527 Attins,
986 1469 1055 1513 arm
1072 1469 1131 1530 qno

124 1540 155 1600 et
179 1556 230 1618 epo
257 1541 286 1600 et
312 1538 455 1602 dominns
479 1538 560 1617 farti
587 1539 716 1620 opimas.
754 1558 879 1620 quaero,
905 1543 1023 1619 anania
1045 1538 1133 1602 aesti-

126 1626 222 1689 matio
240 1646 299 1706 pro
322 1630 448 1709 ntroqne
468 1627 538 1710 deri
559 1627 647 1690 delet.

214 1713 396 1795 Respondit:
419 1717 547 1797 emptori
565 1715 665 1797 dnplo,
683 1716 793 1797 qnanti
812 1715 876 1779 eins
893 1716 1023 1799 interest,
1042 1716 1130 1779 aesti-

124 1803 209 1865 mari
226 1803 314 1884 debet,
337 1804 459 1869 domino
478 1808 579 1868 antem
597 1805 699 1886 dnplo,
719 1805 829 1885 qnanti
847 1825 883 1868 ea
900 1804 1012 1868 malier
1027 1803 1133 1884 faerit.

122 1910 178 1954 neo
208 1911 263 1956 nos
293 1913 409 1958 movere
440 1893 534 1976 delet,
564 1893 645 1976 qnod
672 1892 788 1957 dnobus
810 1914 911 1974 poena
936 1893 1017 1973 farti
1039 1913 1130 1975 prae·

121 1978 268 2063 stabitnr,
305 1982 428 2064 qnippe,
463 2003 532 2048 anm
563 1982 696 2046 eirsdem
727 1983 774 2045 rei
803 1983 926 2046 nomine
950 1987 1133 2064 praestetnr,'

121 2070 252 2150 emptori
291 2071 356 2134 eins
390 2071 603 2154 possessionis,
643 2071 765 2135 domino
800 2071 900 2153 ipsins
930 2072 1134 2154 proprietatis

122 2177 218 2222 cansa
234 2159 425 2240 praestanda
447 2164 497 2224 est.

355 2352 405 2418 De
427 2355 615 2436 adquirendo
636 2375 740 2419 rernm
762 2355 906 2419 dominio.

215 2475 267 2541 25.
303 2477 482 2562 D.50,16,
504 2478 575 2543 115.
625 2477 713 2542 Idem
745 2475 803 2564 (sc.
830 2474 1015 2562 Iavolenus)
1047 2477 1130 2541 libro

124 2567 242 2650 quarto
270 2564 501 2649 Epistularum.
526 2605 566 2614 -
597 2567 739 2648 Qnaestio
761 2571 816 2648 est,
838 2566 955 2647 fhtredns
978 2587 999 2629 a
1015 2585 1132 2648 posses-

123 2655 210 2719 sione
226 2654 272 2718 oel
290 2675 364 2738 apro
382 2656 428 2720 oel
439 2657 569 2737 praedio
587 2656 664 2738 qnid
679 2657 775 2720 distet.
817 2653 954 2736 ‘fnndns'
974 2659 1019 2718 est
1035 2675 1133 2738 omne,

122 2743 275 2826 quidquid
299 2744 363 2809 solo
390 2749 514 2808 tenetar.
565 2742 658 2827 ‘aper'
686 2747 731 2808 est
755 2745 866 2825 speeies
889 2744 995 2826 fandi,
1022 2740 1067 2808 ει·2
1090 2743 1133 2806 ad

122 2851 216 2897 msnm
252 2831 385 2898 leoninis
416 2837 620 2915 comparator.
677 2831 843 2914 ‘possessio'
876 2832 915 2895 ab
945 2853 1020 2914 apro
1051 2832 1134 2896 inris

117 2921 306 3004 proprietate
331 2922 440 3000 distat;
468 2923 617 3004 qnfflnid
642 2923 723 2986 enim
750 2920 1019 3005 adpetentiam,
1043 2921 1133 2984 ornias

115 3009 295 3092 proprietas
321 3012 364 3075 ad
388 3031 444 3076 nos
471 3032 533 3076 non
551 3012 684 3093 pertinet
705 3015 762 3074 ant
782 3030 836 3074 neo
852 3013 952 3091 potest
966 3011 1132 3092 pertinere,

120 3098 178 3162 loo
198 3101 417 3181 possessimem
442 3101 641 3183 appellamus.
675 3100 822 3180 possessio
849 3120 917 3183 erpo
945 3119 1032 3182 asas,
1059 3119 1135 3180 aper
1202 3127 1203 3132 ¹

115 3189 295 3270 proprietas
322 3188 380 3252 looi
401 3193 452 3255 est.
498 3188 682 3272 ‘praedinm’
705 3189 862 3271 ntrinspne
883 3208 980 3269 snpra
1002 3189 1134 3268 scriptae

119 3275 262 3359 penerale
297 3297 407 3342 nonem
443 3283 502 3354 est;
538 3299 611 3344 nam
645 3283 674 3344 et
704 3298 775 3361 oper
807 3283 835 3342 et
858 3279 1009 3359 possessio
1039 3276 1134 3340 lnias

124 3365 343 3448 appellationis
364 3368 473 3449 speeies
495 3374 575 3432 seint.

196 3545 210 3592 1
233 3540 310 3596 Trio.
329 3541 447 3596 duorum
465 3557 618 3596 aureorum.

195 3615 211 3664 2
231 3610 280 3666 Fl.
300 3613 343 3666 est
361 3612 384 3666 ei
402 3610 508 3682 speeies
527 3611 615 3666 fundi.
