2570 3904
143 231 316 288 xv1¹

142 401 266 477 verunt,
293 398 346 460 sed
369 397 525 475 proposito
551 400 588 457 nt
615 396 791 459 difficillimo
817 391 1025 474 destiterunt,²
1046 398 1158 460 leviore
1233 372 1236 417 ἶ

144 488 243 548 animo
270 505 335 548 rem
364 486 517 563 expedivit
542 485 695 547 Carolus
722 485 974 546 Ferdinandus
1000 486 1159 548 Hcmrnel
1233 486 1238 499 ‘

143 576 307 654 Lipsiensis
332 566 608 658 (1722-1781),
633 576 698 654 qui,
726 594 796 636 cum
823 574 998 637 adulescens
1021 593 1048 637 a.
1073 578 1157 636 1747
1235 650 1237 661 Ι

143 659 343 743 ‘propositum
370 664 408 724 ds
431 683 508 726 noro
532 667 697 742 systemate
719 663 796 724 iuris
818 667 947 725 naturae
970 665 1159 740 algentium

143 773 179 814 ex
206 753 357 814 sententia
383 756 520 814 veterum
550 753 679 814 ictorum
712 747 931 813 concinnando'
964 752 1159 834 concepisset,

142 842 212 903 inde
230 862 276 902 er
303 862 329 904 a
354 844 439 903 1767
465 836 716 922 ‘Palingenesiam
744 841 891 902 librorum
919 842 994 903 iuris
1021 845 1160 904 veterum

144 931 207 993 sive
229 931 450 991 Pandectarum
473 931 540 992 loca
562 931 682 1008 integra
706 930 744 990 ad
766 931 891 991 modum
913 930 1020 991 indicis
1041 929 1160 992 Labitti
1234 966 1238 977 ·

143 1023 174 1081 et
196 1019 341 1099 Wielingi
364 1021 458 1080 oculis
487 1012 665 1098 expositam'
694 1020 869 1097 composuit
913 1013 993 1080 ‘cum
1019 1020 1161 1096 fereper

143 1103 295 1188 lustrum',
320 1109 418 1185 inquit
444 1109 523 1188 ipse,
554 1102 626 1168 ‘non
653 1107 714 1167 alia
741 1107 800 1168 nisi
826 1109 892 1169 foro
922 1109 1159 1185 profutura
1247 1117 1250 1125 '

143 1197 372 1275 publicaverim,
398 1217 437 1257 ne
465 1197 547 1258 docti
572 1196 708 1257 homines
735 1215 783 1257 me
809 1197 1015 1258 litteraturam
1038 1215 1159 1260 curasse

143 1287 344 1363 suspicentur,
370 1285 643 1347 accelerandam
669 1287 798 1362 putavi
825 1286 1022 1346 editionem
1049 1286 1159 1347 huius

142 1375 415 1456 Palingenssiae
439 1375 493 1434 din
514 1375 701 1452 promissam,
724 1393 780 1452 per
797 1391 889 1454 quem
908 1375 1002 1435 libros
1020 1377 1161 1436 veterum

76 1519 79 1524 ,
141 1465 423 1526 iurisconsultorum
464 1463 629 1539 discerptos
670 1482 689 1522 a
727 1463 910 1523 Trihcniano
946 1459 1159 1525 restituimus'.

142 1553 300 1632 quodopus
324 1553 387 1620 iam
406 1551 577 1629 insequenti
595 1571 674 1612 anno
692 1551 731 1612 ad
749 1552 839 1613 finem
857 1553 1036 1631 perductum
1055 1571 1159 1630 quam·
1237 1595 1241 1602 -

142 1661 231 1719 quam
254 1637 369 1702 nomini
390 1641 429 1701 ab
452 1641 518 1717 ipso
542 1645 664 1701 auctore
687 1641 758 1701 dcto
781 1642 864 1702 nullo
888 1642 975 1702 modo
996 1642 1159 1722 respondit,
1236 1713 1240 1724 Δ

141 1730 334 1808 aliquatenus
351 1734 453 1790 comen
468 1729 616 1790 satisfecit
629 1727 808 1790 Gothofredi
821 1730 1009 1809 aliorumque
1023 1732 1159 1793 virorum

142 1817 298 1878 doctorum
336 1818 482 1879 desiderio
523 1819 591 1896 ipsa
630 1819 778 1879 librorum
818 1819 990 1896 fragmenta
1031 1820 1160 1881 collecta
1237 1818 1239 1826 ’

141 1906 280 1982 habendi,
303 1925 399 1984 neque
422 1908 526 1967 fructu
548 1907 654 1968 caruit.

229 1995 333 2056 Novas
371 1997 490 2057 scholae
526 1996 686 2056 historicae
729 2015 819 2075 quam
855 1995 961 2057 dicunt
999 1996 1158 2078 principes,

145 2083 328 2146 Gustavus
347 2083 450 2163 Hugo
464 2076 715 2167 (1764-1844)
735 2088 766 2145 et
780 2084 933 2146 Carolus
947 2085 1159 2148 Fridericus

142 2172 303 2252 flavigny
330 2165 592 2256 (1779-1861),
623 2174 680 2235 riri
712 2174 851 2252 quamvis
884 2173 991 2234 eximie
1018 2174 1055 2234 de
1082 2175 1159 2235 iuris

141 2261 268 2322 Romani
282 2263 408 2322 historia
426 2262 535 2338 meriti,
547 2262 621 2322 haec
635 2263 745 2342 studia,
764 2262 845 2341 quod
858 2263 985 2339 videam,
1003 2263 1078 2324 adeo
1096 2282 1158 2324 non

142 2352 239 2411 secuti
257 2353 337 2429 sunt,
355 2355 391 2411 ut
407 2351 540 2430 Savigny
559 2350 596 2410 de
614 2351 768 2412 veteribus
787 2352 1006 2413 iurisconsultis
1024 2371 1051 2412 a
1069 2355 1157 2414 1814

141 2441 214 2500 haec
232 2440 386 2519 scripserit
404 2434 423 2501 ἵ
434 2485 459 2502 ..
474 2459 561 2501 wenn
580 2440 634 2500 wir
651 2439 717 2500 ihre
731 2439 883 2500 Schriften
900 2441 1085 2520 vollsttndig
1102 2460 1159 2502 vor
1250 2450 1252 2458 '

140 2548 198 2590 uns
221 2531 334 2608 hatten,
357 2530 481 2592 werden
500 2529 560 2590 'wir
580 2528 667 2588 darin
684 2529 757 2589 weit
774 2529 908 2605 weniger
925 2529 1158 2592 Individualicat
1272 2553 1273 2559 ¹

140 2619 240 2680 finden
263 2621 308 2680 als
331 2619 363 2678 in
385 2618 493 2699 irgend
515 2618 597 2678 einer
614 2619 745 2679 anderen
763 2611 929 2679 Literatur'
934 2642 942 2696 3
966 2619 1157 2680 existimabat

141 2709 220 2768 enirn
251 2709 320 2770 illos
352 2728 413 2769 non
443 2709 564 2788 ingenia
596 2708 735 2785 propriae
764 2707 874 2768 indolis
901 2710 993 2786 atque
1020 2711 1157 2788 naturae,
1269 2745 1273 2754 2

142 2797 194 2856 sed
218 2798 312 2857 veluti
332 2791 486 2874 ‘personas
505 2791 678 2875 furgibiles’
698 2796 792 2857 fuisse
826 2796 905 2858 Vom
923 2796 1018 2857 Berul
1030 2815 1157 2860 unserer
1266 2793 1272 2868 j

142 2883 209 2944 Zeit
230 2905 283 2943 aur
305 2883 536 2962 Gesctzgebung
557 2904 586 2960 p.
607 2887 649 2945 29
674 2888 705 2945 et
729 2878 817 2965 157).

229 2972 303 3032 Inde
328 2991 363 3032 ex
381 2990 407 3032 a.
429 2974 525 3050 1816,
548 2991 608 3049 quo
632 2991 709 3032 anno
729 2971 822 3033 Gaius
834 2971 1016 3034 Veronensis
1040 2974 1078 3035 ab
1102 2975 1157 3036 cb·
1266 2959 1271 3038 :²

214 3110 237 3162 1.
262 3105 303 3161 Oi.
318 3103 494 3176 baumburg,
513 3105 680 3161 Gsschichte
699 3106 750 3162 der
767 3107 921 3164 deutschen
934 3107 1155 3165 Rechtewisssn·
1239 3175 1242 3184 ι
1271 3185 1272 3194 ¹

142 3177 236 3232 schult
252 3175 293 3230 Ill
313 3181 327 3230 1
347 3194 376 3248 p.
391 3181 442 3232 176
462 3181 491 3232 et
508 3178 638 3231 notarum
657 3175 729 3233 liber
747 3194 775 3247 p.
791 3182 851 3233 156.
1271 3205 1272 3244 ff

213 3252 239 3304 2.
263 3247 359 3303 Verba
382 3247 468 3318 plena
497 3249 575 3303 sunu
600 3247 699 3303 ‘Unter
724 3247 780 3305 den
801 3248 924 3306 Romsrn
948 3267 997 3304 rur
1021 3249 1083 3305 Zeit
1106 3249 1155 3305 des
1271 3269 1273 3314 i

140 3316 278 3404 l³apinian
303 3335 362 3373 war
387 3317 444 3374 ein
458 3317 633 3374 Geretabuch
657 3318 795 3389 mtglich,
819 3321 885 3376 weil
908 3322 969 3376 ihre
998 3321 1155 3392 gesammta
1271 3323 1272 3326 ’

137 3390 300 3462 Junstrsche
324 3388 466 3446 liceretur
489 3388 577 3445 selbst
603 3389 651 3446 ein
674 3391 850 3462 organischss
874 3391 968 3448 (lanae
991 3410 1062 3448 war:
1089 3408 1156 3448 man
1271 3377 1273 3438 s

141 3463 246 3518 kdnnte
265 3461 329 3532 (mit
347 3461 438 3517 sinam
452 3460 682 3517 Kunstausdruck
700 3463 751 3517 der
767 3479 889 3518 neueren
906 3463 1042 3535 Juristen)
1060 3479 1154 3534 sagon,
1272 3483 1273 3486 ¹

149 3532 346 3661 lappendamals
379 3531 424 3588 die
456 3531 600 3588 einzelnen
633 3532 757 3589 Juristen
791 3533 950 3606 lungible
980 3532 1155 3591 Personen
