2568 3912
193 241 260 305 586
554 238 838 310 [inordinatim.

196 404 251 468 sed
276 403 351 488 quia
373 402 518 487 iniquum
538 405 587 466 est
605 405 638 466 te
657 423 693 466 eo
712 402 844 466 nomine
860 401 1078 481 condemnari,
1098 403 1214 486 placet

193 515 252 576 per
275 491 496 576 exceptionem
520 489 587 555 doli
610 491 742 555 melite
765 490 892 555 defendi
916 489 1039 555 debere.
1067 490 1155 556 item
1186 493 1213 556 ei

193 584 306 666 pactus
338 580 429 645 fuero
461 583 578 662 tecum,
605 601 645 643 ne
675 579 709 642 id
739 578 824 662 quod
852 578 932 643 mihi
959 579 1093 663 debeas,
1128 602 1150 644 a
1180 585 1212 645 te

194 673 313 754 petam,
344 668 447 733 nihilo
480 669 585 732 minus
615 691 634 732 a
665 672 698 732 te
725 671 835 750 peiere
861 688 994 752 possum
1021 667 1094 732 dari
1127 668 1212 733 mihi

194 763 354 843 oportere,
384 757 460 841 quia
483 756 642 842 obligatio
665 759 761 840 pacto
786 759 944 821 convento
972 777 1038 820 non
1068 758 1211 823 tollitur.

193 846 250 910 sed
272 847 378 931 placet
396 847 511 913 debere
530 867 580 909 me
602 847 768 930 petentem
791 866 848 928 per
871 845 1095 928 exceptionem
1120 847 1211 930 pacti

192 935 346 1000 conventi
368 935 492 1018 repelli.

233 1270 273 1335 V.
303 1269 421 1348 QUOD
446 1269 648 1336 ‘DIOITUR'
672 1269 759 1334 Vua
783 1267 939 1335 ‘VULGO
966 1267 1170 1336 DIOITUR'

564 1373 828 1452 SIMILIAQUE.

283 1515 381 1575 Huius
412 1515 531 1592 generis
562 1516 612 1574 vel
638 1534 673 1574 ea
700 1532 864 1590 proponere
886 1513 1028 1573 idoneum
1052 1519 1111 1593 est,
1135 1535 1208 1594 quae

194 1605 233 1664 ab
258 1603 389 1680 Ulpiano
412 1605 565 1682 Pauloque
588 1603 759 1663 traduntur.

521 1766 548 1822 1.
578 1763 677 1834 Quod
705 1755 877 1847 ‘dicitur’.

538 1898 564 1939 a.
587 1877 641 1937 Ad
663 1878 720 1938 ius
743 1876 861 1937 civile.

563 1987 613 2054 Dc
636 1989 830 2053 testamentis.

282 2105 310 2168 1.
333 2103 373 2167 D.
393 2103 445 2184 28,
464 2103 494 2188 2,
514 2104 607 2186 12pr.
644 2102 801 2187 Ulpianus
821 2102 904 2166 libro
923 2102 1032 2186 primo
1053 2103 1095 2167 ad
1116 2101 1205 2168 Sabi·

191 2213 277 2258 num.
295 2229 340 2240 -
359 2241 389 2257 ..
409 2192 525 2256 dicitur
542 2192 644 2257 filium
662 2196 775 2256 natum
793 2211 941 2274 rumpere
959 2194 1204 2257 testamentum.

469 2350 518 2417 De
540 2352 731 2435 adquirenda
752 2350 923 2416 hereditate.

280 2468 310 2532 2.
334 2465 372 2532 D.
392 2468 444 2551 29,
466 2468 497 2549 2,
519 2467 578 2550 30.
596 2469 623 2531 1.
660 2465 819 2550 Ulpianus
842 2465 924 2530 libro
949 2467 1066 2530 octavo
1090 2469 1132 2530 ad
1151 2464 1204 2530 Sa·

190 2557 312 2622 binum.
336 2593 378 2602 -
402 2605 431 2620 ..
455 2555 584 2619 dicitur:
606 2555 771 2639 proximus
796 2577 815 2618 a
837 2553 905 2618 filio
928 2556 1082 2637 postumo
1102 2554 1203 2636 heres,

191 2645 267 2710 dum
300 2645 416 2710 mulier
451 2665 609 2728 praegnas
642 2646 692 2708 est
728 2646 784 2708 aut
820 2645 953 2726 putatur
989 2663 1074 2722 esse,
1117 2643 1202 2707 adire

190 2732 403 2799 hereditatem
435 2754 499 2797 non
526 2736 647 2817 potest3
680 2730 735 2796 sed
768 2731 796 2796 si
824 2731 885 2796 ecit
916 2752 979 2795 non
1012 2752 1083 2797 esse
1112 2752 1202 2816 prae-

190 2826 333 2906 gnatem,
358 2825 476 2905 potest.

590 2909 640 2974 Dc
661 2910 807 2974 societate.

280 3026 310 3090 3.
330 3022 398 3089 Gai.
414 3026 443 3109 3,
459 3024 531 3089 153.
544 3062 581 3071 —
598 3024 725 3089 Dicitur
739 3025 836 3088 etiam
851 3023 967 3108 capitis
982 3022 1198 3088 deminutione

192 3111 275 3177 solvi
299 3113 500 3195 societatem,
524 3114 599 3197 quia
622 3113 708 3177 civili
731 3114 857 3178 ratione
880 3112 997 3198 capitis
1021 3113 1197 3177 deminutio

191 3202 288 3265 morti
314 3205 517 3285 coaequatur.

552 3297 602 3362 De
623 3300 691 3363 iure
713 3299 836 3364 dottam.

279 3413 308 3476 4.
336 3411 376 3475 D.
403 3410 457 3489 25,
484 3413 512 3494 1,
541 3412 593 3476 15.
641 3411 794 3478 Neratius
822 3413 906 3478 libro
933 3413 1073 3478 secundo
1099 3411 1197 3476 Mem-

190 3501 373 3564 branarum.
400 3533 437 3544 -
464 3547 494 3563 ..
517 3499 635 3563 dicitur
657 3502 829 3585 impensae,
852 3501 985 3585 quaein
1004 3523 1056 3565 res
1075 3501 1196 3566 dotales
1268 3507 1269 3570 ᾖ

189 3587 372 3653 necessario
395 3585 500 3650 factae
525 3592 608 3671 sunt,
631 3588 739 3652 dotem
763 3590 914 3654 minuere.
