2568 3912
200 183 234 242 V.
255 183 354 250 QUOD
374 182 544 239 ‘melion’
564 183 636 238 VEL
656 183 789 240 ‘VULGO
807 183 973 240 DICITUR'.
1038 185 1103 249 593

184 348 236 413 27.
260 345 297 412 D.
321 348 351 429 8,
374 347 403 428 6,
427 348 457 413 3.
503 344 604 410 Gaius
626 347 710 411 libro
734 347 873 430 septimo
896 346 937 411 ad
964 346 1105 414 edictum

95 436 300 522 provinciale.
324 472 366 482 -
390 435 463 500 Iura
481 436 686 520 praediorum
704 439 809 500 morte
824 438 856 500 et
870 435 986 520 capitis
1005 437 1103 502 demi·

95 527 228 600 nutione
250 546 317 590 non
339 523 444 609 perire
467 524 566 609 vulgo
588 524 743 590 traditum
767 528 825 589 est.

352 727 380 784 2.
407 722 460 783 An
478 723 636 783 edictum
654 725 848 800 praetoris.

298 841 348 908 De
369 843 572 926 sepultoribus
593 848 623 908 el
637 843 899 926 procuratorum

181 967 247 1034 28?
269 968 308 1032 D.
334 968 383 1050 12,
406 968 437 1050 3,
460 969 489 1033 7.
529 965 689 1052 Ulpianus
713 967 797 1034 libro
820 972 935 1033 octavo
959 967 999 1032 ad
1023 969 1103 1036 edic·

93 1062 171 1122 tum.
197 1092 235 1104 -
260 1053 371 1140 Vulgo
389 1057 607 1141 praesumitur
624 1057 723 1121 alium
740 1057 774 1121 in
793 1058 885 1121 litem
903 1079 969 1122 uon
988 1057 1102 1124 debere

93 1147 201 1211 iurare
224 1167 321 1231 quam
344 1145 508 1210 dominum
531 1143 608 1210 litis.

183 1234 235 1300 29.
268 1232 307 1300 Ι).
330 1232 413 1318 3,3‚
437 1235 489 1300 12.
533 1231 633 1298 Gaius
659 1234 741 1298 libro
768 1234 865 1299 tertio
896 1233 936 1300 ad
961 1233 1101 1303 edictum

90 1323 299 1408 provinciale.
325 1357 364 1370 -
463 1322 578 1387 dicitur
605 1322 779 1406 aliqnando
802 1324 981 1407 cogendum
1002 1326 1102 1407 coycti·

91 1407 208 1478 torem²
229 1411 382 1477 iudicium
409 1412 568 1496 accipere,
594 1411 695 1476 veluti
723 1413 749 1476 si
772 1412 922 1477 dominus
948 1434 1101 1497 praesens

91 1522 160 1565 non
185 1501 228 1566 sit
250 1505 283 1565 et
307 1508 396 1566 actor
419 1499 570 1565 adfirmat
591 1503 696 1565 tractu
718 1501 873 1585 temporis
895 1499 1042 1567 futurum
1064 1506 1101 1566 ut

90 1611 143 1654 res
190 1595 286 1654 ereat.

166 1612 234 1746 ΙΞΟ.
260 1676 301 1746 D.
330 1678 380 1762 17,
408 1676 437 1762 1,
465 1676 496 1760 8,
526 1677 556 1744 3.
602 1674 761 1760 Ulpianus
791 1677 875 1743 libro
908 1678 1100 1765 trigensimo

87 1767 196 1851 primo
219 1765 260 1830 ad
283 1765 431 1831 edictum.
456 1802 495 1812 -
520 1814 550 1831 ..
577 1787 825 1850 quamquam..
848 1767 946 1851 vulgo
974 1767 1100 1832 dicatur

88 1860 333 1940 procuratorem
360 1858 436 1919 ante
459 1855 549 1920 litem
570 1859 786 1920 contestatam
813 1854 919 1920 iacere
950 1878 1099 1940 procura·

89 1949 196 2009 torem
218 1965 283 2009 non
306 1966 411 2029 posse.

225 2120 275 2187 De
296 2123 481 2204 defendendo
502 2143 536 2188 eo
557 2123 644 2188 wius
664 2123 789 2188 nominc
804 2123 875 2206 puis
896 2124 970 2206 cpit.

177 2245 229 2310 31.
252 2246 292 2310 D.
315 2247 368 2329 26,
391 2247 421 2329 7,
443 2247 496 2314 23.
541 2246 703 2331 Ulpianus
730 2247 815 2312 libro
839 2267 925 2311 nono
949 2247 989 2310 ad
1013 2247 1096 2312 edic-

81 2340 168 2400 tum.
189 2369 231 2380 -
245 2332 355 2419 Vulgo
378 2335 571 2400 observatur
591 2358 632 2400 ne
654 2339 745 2399 tutor
766 2340 878 2400 caveat
899 2338 1004 2399 ratam
1027 2357 1095 2400 rem

87 2421 251 2508 pupillum
272 2423 469 2508 habiturum,
493 2424 570 2509 quia
591 2445 660 2488 rem
681 2421 717 2487 in
740 2422 893 2488 indicium
917 2423 1050 2488 deducit

242 2598 292 2665 Dc
313 2600 460 2665 bonnm
476 2599 664 2683 msscssione
685 2609 791 2665 uonna
813 2598 941 2664 tubulas

176 2724 227 2790 aa.
250 2723 290 2789 n.
313 2724 365 2804 av,
387 2725 418 2809 4,
444 2724 491 2789 19.
519 2761 557 2772 -
583 2723 858 2807 ..Tryphoninus
877 2722 961 2787 unm
980 2702 1094 2809 quinto

84 2811 211 2878 decimo
239 2811 507 2897 Disputationum
530 2861 564 2878 ..
590 2848 627 2859 -
653 2862 687 2878 ..
714 2812 812 2897 volgo
840 2811 957 2876 dicitur
983 2812 1094 2878 liberis

85 2901 197 2967 datam
220 2902 379 2967 bonorum
402 2901 638 2985 possessionem
659 2907 772 2966 contra
793 2901 915 2985 lignum
939 2922 1018 2969 esse.

159 3040 169 3071 ¹
190 3041 265 3096 Tul).
284 3042 501 3112 procuratorem.

492 3310 688 3340 *-

140 3645 237 3694 Iurinpr.
252 3646 369 3686 antehadr.
383 3644 431 3685 rell
446 3646 481 3684 ed.
495 3645 594 3684 Bronten.
615 3643 647 3695 11,
656 3647 674 3684 2.
845 3634 880 3682 88
