2590 3902
413 187 439 234 4.
464 181 496 235 L.
514 178 696 234 NERATIUS
715 180 861 236 PRISOUS
1075 181 1140 246 327

130 366 206 410 nam
229 342 331 410 litora
353 342 485 427 publiea
507 364 574 407 non
591 343 638 407 ita
657 348 741 428 sunt,
764 348 801 408 ut
819 366 867 428 ea,
889 365 970 428 quae
988 344 1024 409 in
1041 347 1141 430 patri·

131 433 241 500 monio
265 435 341 496 sunt
363 432 484 515 populi,
507 431 564 496 sed
587 435 624 496 ut
647 453 694 516 ea,
717 453 798 516 quae
821 434 962 518 primum
984 455 1003 497 a
1022 436 1140 500 natura

127 521 259 606 prodita
277 524 354 586 sunt
373 523 405 584 et
418 519 455 584 in
467 520 590 586 nullius
605 520 711 585 adhue
725 520 902 587 dominium
915 529 1141 607 peruenerunt.

127 632 187 676 nee
220 609 388 675 dissimilis
421 608 564 674 condicio
599 630 710 674 eorum
738 613 788 675 est
815 612 912 694 atque
939 611 1076 695 piscium
1106 620 1139 678 et

126 698 280 784 ferarum,
298 720 381 782 quae
397 697 603 782 simulatque
618 697 836 782 adprehensae
851 705 934 782 sunt,
954 699 1024 765 sine
1038 701 1137 767 dubio

128 790 209 872 eius,
236 789 272 855 in
299 788 389 851 euius
411 789 607 870 potestatem
630 791 858 872 pervenerunt,
888 787 1022 853 dominii
1044 789 1137 855 fiunt.

215 877 268 942 45.
291 874 371 941 Ibid.
386 878 406 957 ξ
423 877 453 940 1.
470 911 514 922 -
531 873 619 940 Illud
637 875 806 941 videndum
828 880 887 960 est,
905 877 1033 943 sublato
1054 879 1138 944 aedi·

128 967 209 1050 fieio,
233 964 318 1051 quod
341 963 375 1029 iu
398 965 495 1029 litore
517 965 660 1049 positum
679 968 757 1049 erat,
780 965 870 1029 euius
890 964 1088 1032 condicionis
1108 969 1136 1032 is

127 1056 214 1121 loeus
240 1055 292 1137 sit,
319 1054 381 1118 hoe
404 1057 454 1117 est
476 1056 584 1119 utrum
609 1057 738 1119 maneat
761 1053 829 1118 eius
853 1055 943 1119 euius
965 1055 1028 1119 fuit
1051 1056 1137 1120 aedi·

126 1144 247 1226 fieium,
276 1165 317 1207 an
344 1164 455 1206 rursus
483 1143 518 1206 in
546 1143 717 1226 pristinam
745 1164 876 1208 eausam
903 1142 1038 1208 reeeidit
1066 1166 1138 1228 per·

126 1233 263 1317 indeque
281 1230 429 1316 publicus
448 1229 500 1313 sit,
524 1252 561 1298 aa
580 1231 607 1295 si
625 1253 803 1318 numquam
821 1233 856 1297 in
874 1254 911 1296 eo
931 1231 1136 1297 aedificatum

126 1320 250 1388 fuisset.
301 1318 385 1407 quud
418 1318 550 1405 propius
579 1323 641 1404 est,
680 1323 716 1385 ut
744 1321 921 1387 existimari
949 1320 1065 1386 debeat
1092 1319 1136 1406 [si

127 1411 221 1476 mode
245 1408 362 1493 reeipit
385 1408 556 1493 pristinam
578 1408 683 1474 litoris
707 1410 868 1494 speeiem}

212 1502 386 1564 Triboniani
409 1502 500 1562 verbe
522 1503 647 1562 Pemiee
670 1503 873 1579 deprehendit.

499 1639 549 1704 De
570 1624 762 1723 usucapione.

211 1747 265 1812 46.
288 1744 328 1810 Ι).
343 1747 395 1829 41,
413 1747 462 1829 10,
476 1746 506 1812 5.
550 1744 705 1811 Neratius
727 1747 812 1811 libro
835 1745 947 1831 quinto
971 1746 1131 1813 Membra·

122 1858 248 1901 narum.
270 1871 315 1882 -
336 1833 501 1919 Usueapio
524 1856 641 1914 rerum,
665 1835 763 1902 etiam
782 1857 821 1900 ex
840 1836 911 1900 aliis
931 1837 1037 1901 causis
1056 1859 1129 1902 eon·

122 1947 212 1990 eessa
235 1920 424 2006 interdnml,
445 1928 578 2009 propter
602 1946 647 2007 ea,
671 1946 753 2010 quae
771 1929 885 1990 nostra
904 1926 1128 1992 existimantes

121 2013 373 2099 possideremus,
404 2013 581 2078 constituta
610 2017 674 2098 est,
704 2018 741 2078 ut
773 2012 891 2098 aliquis
918 2013 1025 2079 litium
1052 2015 1129 2080 finis

121 2107 216 2170 esset.
258 2100 314 2166 sed
336 2103 378 2186 id,
401 2102 483 2186 quod
507 2101 589 2186 quis,
612 2123 685 2167 eum
709 2124 802 2167 suum
825 2125 895 2168 esse
919 2103 1129 2187 existimaret,
1230 2118 1232 2122 ’

120 2190 314 2275 possederit,
340 2192 518 2275 usucapiet,
546 2189 674 2256 etiamsi
701 2191 785 2256 falsa
807 2191 906 2257 fuerit
929 2193 997 2257 eius
1020 2193 1129 2258 existi-

121 2281 231 2346 matio.
272 2279 356 2364 quod
379 2283 489 2344 tamen
511 2281 558 2344 itu
580 2280 855 2364 interpretandum
876 2284 934 2363 est,
956 2285 995 2345 ut
1011 2283 1128 2365 proba·

120 2368 197 2434 bilis
225 2389 315 2433 error
340 2368 536 2453 possidentis
564 2369 755 2453 usucapioni
781 2391 847 2434 uon
875 2369 995 2447 obstet,
1028 2370 1130 2435 ueluti

120 2458 148 2522 si
177 2458 219 2524 ob
247 2457 280 2521 id
308 2457 429 2542 aliquid
456 2456 652 2541 possideam,
679 2457 765 2543 quod
791 2479 919 2523 servum
942 2478 1049 2521 meum
1074 2463 1131 2522 aut

121 2548 202 2629 eius,
231 2547 321 2611 euius
344 2547 378 2611 in
402 2547 508 2611 loeum
531 2547 724 2611 hereditario
748 2546 816 2611 iure
840 2545 989 2627 successi,
1012 2546 1130 2611 emisse

119 2635 152 2699 id
184 2636 268 2700 falso
301 2635 494 2716 existimem,
532 2635 606 2719 quia
638 2635 670 2699 in
704 2635 799 2699 alieni
832 2635 910 2699 faeti
941 2634 1128 2718 ignorantia

119 2724 299 2790 tolerabilis
324 2745 413 2789 error
435 2729 494 2789 est

207 2817 329 2878 Perniee
347 2809 401 2894 11⁹,
421 2819 484 2878 396
503 2838 532 2878 n.
548 2820 582 2879 5:
605 2810 678 2877 ‘Der
697 2821 776 2877 erste
791 2816 860 2877 Sata
878 2816 920 2876 ist
938 2817 1043 2894 geniis
1061 2836 1129 2876 ver-

118 2907 266 2966 unstaltet
284 2951 291 2966 .
306 2949 335 2966 ..
354 2925 416 2966 was
439 2906 651 2984 ursprdnglieh
674 2906 712 2966 da
735 2905 837 2985 stand,
863 2907 935 2966 laist
958 2906 1022 2966 sich
1044 2907 1128 2966 nieht

118 2995 285 3055 feststellen
304 3039 310 3053 .
326 3039 356 3056 ..
376 2996 434 3056 mir
457 2996 572 3056 seheint
595 2997 647 3056 das
672 2994 769 3056 Ganae
792 2995 840 3057 fur
861 2995 908 3055 die
932 2995 1128 3055 Membranen

118 3103 160 3143 au-
176 3083 337 3163 allgemein
359 3085 421 3144 und
444 3105 479 3144 zu
502 3079 654 3146 lehrhuft'.

483 3220 533 3287 De
554 3222 634 3289 iuris
655 3242 764 3288 errore.

205 3328 257 3393 47.
285 3327 324 3394 Ι).
344 3329 397 3414 22,
416 3329 446 3414 6,
465 3329 494 3394 2.
539 3327 694 3394 Neratius
721 3329 805 3394 libro
828 3327 942 3413 quinto
966 3327 1127 3394 Membra·

118 3437 241 3480 aarum.
271 3453 312 3463 —
340 3415 378 3482 In
412 3418 501 3483 omni
528 3421 620 3502 parte
648 3439 736 3482 error
763 3417 797 3482 in
824 3419 892 3481 iure
920 3439 986 3481 non
1013 3416 1126 3482 eodem

189 3560 203 3608 1
225 3555 273 3612 ΡΖ.
291 3553 413 3612 interim.
