2614 3912
475 227 499 278 5.
523 220 640 277 Trerus
658 221 791 278 ARISTO
1070 222 1135 287 393

10 369 11 464 J
125 409 199 451 nem
220 387 248 450 si
268 385 348 470 quis,
368 385 481 471 inquit,
499 385 635 451 fundum
655 385 736 450 mihi
754 386 932 451 vendiderit
951 389 984 450 et
1001 386 1136 451 necdum

128 476 300 541 tradiderit
322 478 355 538 et
377 474 515 559 vicinus,
539 497 611 540 cum
635 496 715 559 opus
739 475 842 540 facere
865 475 963 539 vellet
985 478 1018 539 et
1041 476 1138 540 sciret

10 569 12 626 l
96 593 99 598 ·
127 587 176 629 me
209 565 326 629 emisse
358 567 391 628 et
421 565 456 629 in
488 564 587 629 fundo
616 563 751 647 morari,
783 563 863 629 mihi
892 564 1136 648 denuntiaverit,

126 675 195 719 esse
223 675 297 718 eum
320 656 427 717 tutum
450 653 609 737 futurum,
639 653 723 737 quod
747 653 788 717 ad
812 653 1026 737 suspicionem
1051 653 1135 719 clam

126 742 202 809 facti
226 742 334 827 operis
357 741 546 826 pertineret.

472 902 522 968 De
539 904 652 968 domno
675 903 791 983 infecte.

215 1009 266 1074 64.
304 1008 343 1074 D.
367 1010 419 1093 39,
442 1010 473 1094 2,
496 1010 548 1074 28.
603 1008 764 1093 Ulpianus
796 1007 880 1074 libro
914 1009 1136 1093 octogensimo

125 1099 231 1182 primo
262 1098 300 1162 ed
330 1097 469 1163 edictum
499 1095 678 1185 (P.1755).
703 1135 743 1144 —
773 1096 812 1162 In
838 1097 899 1162 hae
928 1097 1137 1182 stipulatione

125 1188 225 1269 venit,
248 1188 361 1270 quanti
385 1209 423 1252 ea
446 1209 497 1252 res
520 1187 588 1252 erit.
630 1192 663 1252 et
680 1186 751 1252 ideo
771 1185 903 1252 Cassius
923 1185 1036 1251 scribit
1055 1209 1137 1270 eum,

126 1277 182 1361 qui
215 1274 324 1341 damni
355 1275 469 1341 infecti
501 1276 676 1362 stipulatus
704 1278 767 1359 est,
800 1275 828 1341 si
855 1280 988 1360 propter
1015 1279 1137 1341 metum

125 1366 240 1430 ruinae
264 1386 303 1430 ea
327 1365 484 1450 aedificia,
515 1387 650 1450 quorum
673 1364 802 1429 nomine
827 1365 889 1429 sibi
912 1364 1010 1449 cavit,
1036 1363 1138 1447 fulsit,

126 1454 291 1538 impensas
310 1454 378 1519 eius
397 1456 443 1518 rei
463 1477 501 1519 ex
516 1455 673 1539 stipulatu
687 1454 839 1537 consequi
855 1475 957 1537 posse.
987 1453 1139 1536 idemque

126 1543 205 1607 iuris
229 1563 308 1626 esse,
334 1565 405 1608 eum
429 1546 562 1628 propter
585 1543 699 1608 vitium
723 1542 903 1608 communis
925 1543 1059 1625 parietis
1083 1543 1138 1625 qui

128 1631 217 1698 cavit
241 1631 303 1696 sibi
327 1631 435 1697 damni
458 1633 579 1716 infecti,
603 1653 735 1696 onerum
759 1653 869 1696 eorum
893 1631 1138 1696 relevandorum

128 1721 244 1805 gratia,
264 1743 345 1805 quae
364 1721 398 1784 in
416 1722 573 1805 parietem
588 1720 789 1803 incumbunt,
807 1719 950 1786 aedificia
965 1743 1023 1784 sua
1037 1719 1137 1786 fulsit.

127 1809 162 1873 in
186 1811 298 1874 eadem
322 1831 419 1874 causa
443 1814 492 1874 est
515 1809 743 1874 detrimentum
763 1830 891 1894 quoquc
909 1813 1042 1893 propter
1061 1809 1138 1873 emi·

126 1899 308 1982 grationem
336 1898 582 1983 inquilinorum,
610 1899 695 1983 quod
723 1919 762 1962 ex
788 1898 875 1964 iusto
904 1903 992 1963 metu
1015 1898 1137 1963 factum

126 1990 186 2052 est.
226 1981 340 2053 Aristo
365 1991 473 2052 autem
487 2035 495 2052 .
510 2037 518 2052 .
533 2038 540 2052 .
556 1987 662 2071 adicit,
687 1987 782 2053 sicuti
805 1987 859 2052 hie
878 1987 980 2073 exigit
998 1985 1137 2069 Cassiae,

125 2079 163 2140 ut
189 2077 215 2140 si
238 2074 321 2162 <iis>
345 2076 449 2142 iustus
473 2081 578 2141 metus
602 2076 766 2162 migrandi
789 2099 920 2142 causam
943 2076 1138 2160 praebuerit,

126 2165 176 2228 ita
194 2165 229 2228 in
248 2165 315 2230 eius
335 2187 506 2250 personam
526 2165 582 2250 qui
599 2165 692 2230 fulsit
706 2166 817 2231 eadem
834 2163 980 2231 Cassium
995 2162 1140 2230 adicere1

129 2251 291 2338 debuisse,
314 2257 342 2320 si
365 2255 453 2320 iusto
477 2258 566 2320 metu
589 2255 701 2320 ruinae
724 2253 838 2320 fulcire
862 2258 992 2320 coactus
1017 2258 1074 2320 est.

510 2437 561 2496 IV.
586 2480 638 2498 ...
656 2437 758 2524 liber.

217 2561 308 2623 Liber
334 2562 499 2638 Aristonis,
529 2581 619 2639 quem
646 2560 761 2621 Gellius
791 2552 833 2641 (v.
856 2553 949 2642 infra)
980 2559 1137 2639 significat,

128 2650 268 2711 similiter
312 2655 403 2728 atque
445 2651 548 2711 Sebini
589 2650 666 2710 liber
707 2649 743 2708 de
783 2649 874 2708 furtis
917 2667 1004 2726 quem
1048 2666 1139 2723 supra

126 2739 207 2798 idem
231 2739 346 2800 Gellius
374 2741 491 2817 laudat,
519 2739 673 2816 proprium
696 2738 873 2814 opusculum
894 2736 1014 2798 videtur
1037 2736 1139 2815 fuisse,

127 2829 265 2906 quamvis
302 2830 410 2889 titulus
447 2849 506 2890 non
539 2829 675 2888 addatur.
728 2828 906 2887 Mommseni
937 2826 1139 2886 coniecturam

127 2938 155 2994 p.
177 2919 240 2978 475
269 2919 449 2994 suspicantis
480 2917 609 2978 Gellium
636 2916 787 2977 Aristonis
814 2919 901 2976 notas
929 2916 967 2974 ad
996 2915 1139 2974 Sabinum

127 3007 285 3085 respicere,
307 3007 445 3087 Krueger
468 3029 495 3084 p.
517 3009 580 3067 164
603 3009 712 3067 n.151
738 3005 788 3065 vix
810 3005 995 3082 probandam
1016 3004 1138 3065 iudicat.

217 3089 298 3155 Gell.
316 3092 497 3176 11,18,1e.
521 3128 564 3136 —
588 3091 766 3157 ..memini
791 3090 899 3176 legere
922 3110 973 3152 me
996 3089 1030 3153 in
1054 3089 1138 3154 libro

127 3178 293 3246 Aristonis
315 3181 536 3264 iureconsulti,
557 3181 799 3265 hautquaquam
818 3178 941 3244 indocti
958 3178 1029 3262 viri,
1053 3177 1137 3262 apud

128 3272 252 3333 veteres
263 3267 454 3355 Aegyptios,
469 3269 553 3354 quod
564 3290 664 3354 genus
679 3269 846 3334 hominum
861 3268 991 3333 constet
1006 3267 1080 3331 etin
1092 3289 1140 3331 ar-

127 3357 216 3422 tibus
231 3359 425 3441 reperiendis
439 3358 586 3424 sollertes
598 3359 742 3423 extitisse
753 3359 828 3422 etin
839 3355 1024 3442 cognitione
1034 3377 1139 3420 rerum

127 3447 313 3532 indaganda
333 3467 477 3532 sagaces,
494 3445 582 3511 furta
597 3447 705 3513 omnia
718 3446 818 3512 fuisse
832 3446 923 3511 licita
938 3449 971 3508 et
985 3444 1139 3528 inpunita.

202 3609 216 3657 1
236 3603 283 3660 Fl.
304 3603 404 3659 dicere.
