2568 3912
196 206 263 270 544
562 203 840 260 Auurunnanun.

197 390 366 453 personam
390 372 475 452 agat,
499 368 660 450 suscipere
679 366 837 452 (debere)
861 369 967 452 ipsum
987 368 1027 433 ad
1045 368 1112 432 litis
1132 391 1207 434 con-

198 456 416 540 testationem,
440 456 495 520 sed
515 457 738 521 sustinendum
756 457 916 540 iudicium,
936 456 1036 522 donec
1055 457 1093 522 de
1109 456 1207 523 liber-

197 550 265 610 tate
291 544 462 630 iudicetur,
490 567 549 609 nec
576 545 678 609 videri
706 545 937 629 praeiudicium
966 545 1111 611 libertati
1138 546 1208 611 fieri

198 638 256 698 aut
278 636 443 700 voluntate
466 633 589 699 domini
612 635 647 698 in
670 635 820 699 libertate
844 656 917 699 eum
941 634 1069 701 morari.

529 776 579 840 De
594 737 706 858 patrio
721 781 875 860 potestate.

289 883 353 948 66?
378 882 416 947 D.
432 885 460 965 1,
475 883 504 964 9,
520 884 548 965 7,
565 886 591 948 1.
625 881 784 966 Ulpianus
806 883 890 946 libro
915 885 1018 967 primo
1043 883 1083 947 ad
1101 884 1209 968 legem

197 972 315 1038 Iuliam
343 975 376 1036 et
402 970 548 1054 Papiam.
569 1008 605 1017 —
632 971 667 1035 Si
697 973 768 1055 quis
796 977 969 1056 conceptus
998 971 1128 1056 quidem
1157 974 1209 1054 sit,

198 1065 372 1147 antequam
405 1069 498 1145 pater
525 1061 592 1124 eius
622 1064 736 1124 senatu
764 1064 945 1144 moveatur,
975 1065 1071 1126 natus
1100 1065 1209 1126 autem

198 1154 273 1235 post
300 1150 403 1234 patris
432 1149 583 1214 emissam
611 1149 818 1234 dignitatem,
848 1150 953 1235 magis
982 1152 1091 1214 estut
1116 1150 1210 1234 quasi

200 1240 357 1305 senatoris
378 1238 466 1302 filius
485 1239 711 1323 intellegatur3
734 1242 862 1321 tempus
882 1239 969 1302 enim
988 1240 1208 1323 conceptionis

199 1326 408 1413 spectandum
430 1327 592 1412 plerisque
615 1327 744 1410 placuit.

288 1418 339 1482 67.
363 1414 432 1481 Gai.
451 1418 478 1498 1,
492 1416 543 1480 90.
567 1453 609 1461 -
630 1415 710 1480 ..i
732 1416 783 1480 cui
807 1415 935 1480 mulieri
957 1417 1019 1480 civi
1041 1415 1210 1481 Romanae

198 1505 370 1590 praegnati
393 1526 477 1587 aqua
500 1509 533 1569 et
552 1503 621 1590 igni
640 1503 848 1568 interdictum
867 1502 975 1588 fuerit,
993 1526 1093 1588 eoque
1112 1506 1210 1571 modo

199 1595 370 1679 peregrina
392 1593 479 1658 facta
501 1598 577 1658 tunc
600 1593 720 1678 pariat,
743 1592 924 1676 complures
948 1592 1154 1678 distinguunt
1180 1598 1212 1658 et

199 1687 329 1766 putant,
357 1682 515 1767 siquidem
543 1704 581 1746 ex
612 1683 707 1746 iustis
734 1681 857 1764 nuptiis
885 1683 1078 1766 conceperit,
1105 1682 1211 1748 civem

199 1770 382 1837 Romanum
405 1792 444 1835 ex
467 1793 506 1836 ea
527 1771 625 1854 nasci,
649 1770 677 1834 si
694 1791 771 1835 vero
789 1771 888 1854 vulgo
908 1771 1099 1855 conceperit,
1123 1793 1212 1855 pere

201 1879 331 1944 grmum
354 1881 393 1923 ex
416 1882 452 1924 ea
475 1881 574 1924 nascr.

290 1948 342 2014 68.
365 1946 434 2013 Gai.
450 1952 479 2032 1,
493 1948 544 2013 91.
567 1984 604 1993 —
624 1947 707 2014 Item
723 1948 751 2014 si
765 1970 828 2031 qua
841 1947 956 2012 mulier
969 1946 1047 2013 civis
1062 1947 1213 2014 Romana

200 2057 358 2122 praegnas
391 2059 430 2100 ex
462 2037 743 2101 senatusconsulto
774 2032 950 2101 Claudiano
979 2037 1095 2101 ancilla
1123 2037 1212 2103 facta

202 2126 246 2189 sit
279 2125 319 2189 ob
353 2124 386 2189 id
419 2124 505 2209 quod
537 2125 644 2189 alieno
677 2148 769 2190 servo
801 2125 903 2189 invito
937 2128 970 2190 et
1002 2125 1211 2190 denuntiante

202 2213 333 2278 domino
357 2214 425 2278 eius
444 2212 608 2298 <coierit>,
632 2214 802 2298 conplures
826 2213 1030 2298 distinguunt
1048 2219 1080 2278 et
1099 2215 1212 2279 existi·

201 2305 302 2384 mant,
326 2303 352 2366 si
377 2302 505 2386 quidem
530 2324 568 2366 ex
587 2304 680 2368 iustis
699 2303 821 2387 nuptiis
840 2306 1013 2386 conceptus
1034 2303 1085 2387 sit,
1108 2304 1211 2367 civem

200 2391 383 2456 Romanum
411 2412 451 2455 ex
478 2412 516 2456 ea
543 2393 645 2474 nasci,
673 2392 702 2455 si
728 2413 803 2456 uero
828 2391 925 2475 vulgo
954 2400 1128 2476 conceptus
1158 2393 1212 2474 sit,

202 2503 328 2545 servum
353 2481 442 2544 nasci
465 2481 533 2544 eius
557 2481 647 2545 cuius
671 2484 775 2544 mater
798 2481 885 2544 facta
908 2484 993 2544 esset
1016 2480 1144 2545 ancilla

291 2569 355 2634 69?
387 2568 655 2653 D.50,1,1‚2.
700 2568 859 2652 Ulpianus
888 2568 972 2633 libro
1002 2568 1141 2633 secundo
1172 2569 1212 2633 ad

200 2658 351 2724 edictum.
380 2695 422 2704 -
456 2656 568 2722 Celsus
596 2707 635 2724 ..
663 2657 760 2722 refert
797 2657 941 2721 Ponticis
979 2678 1017 2720 ex
1054 2657 1210 2722 beneficio

201 2745 334 2831 Pompei
351 2745 464 2833 Magni
487 2751 676 2830 competere,
700 2751 737 2810 ut
760 2745 815 2830 qui
834 2745 967 2810 Pontica
991 2749 1093 2810 matre
1113 2751 1211 2810 natus

201 2843 300 2919 esset,
336 2835 491 2900 Ponticus
526 2840 622 2902 'esset
681 2834 768 2919 quod
804 2835 994 2900 beneficium
1031 2834 1071 2899 ad
1113 2835 1213 2920 vulgo
1273 2859 1274 2866 ¹

203 2924 367 3007 quaesitos
392 2925 477 2989 solos
501 2925 660 3008 pertinere
684 2922 814 3009 quidam
836 2927 961 3007 putant.
1082 2979 1085 2987 ,

498 3082 548 3148 De
569 3085 718 3167 emptione
739 3084 916 3150 verditione.

555 3196 602 3254 De
623 3197 714 3268 fundo
736 3197 855 3255 vendito

293 3294 343 3358 70.
358 3291 469 3357 Cicero
485 3295 573 3358 defo
558 3295 620 3359 f.fic
630 3296 660 3374 3,
673 3296 722 3380 16,
730 3296 834 3362 65.-
849 3295 1000 3362 ..aiuris
1016 3297 1212 3362 consultis..
1270 3343 1272 3416 ,

202 3380 389 3444 reticentiae
417 3402 520 3482 poena
548 3387 598 3447 est
621 3385 741 3448 constr
742 3391 810 3466 uta3
838 3384 991 3469 quidquid
1015 3385 1102 3450 enim
1127 3387 1272 3500 esset}

202 3469 237 3532 in
260 3468 392 3551 praedio
415 3469 462 3532 vit
464 3469 495 3552 ii,
448 3470 550 3533 tid
575 3475 770 3556 statuerunt,
742 3473 820 3536 tsi
844 3473 953 3537 vendit
939 3478 991 3538 tor
1013 3474 1126 3559 sciret,
1148 3473 1212 3539 nisi

202 3555 394 3621 nominatim
417 3557 539 3622 dictum
562 3563 646 3624 esset
669 3562 827 3642 praestari
850 3564 1008 3645 oportere.
