2602 3906
171 228 236 293 536
538 223 815 282 incrusurum.

171 387 267 476 irum,
295 388 406 455 Sabini
439 394 472 454 et
500 387 603 455 Cassii
631 398 664 455 et
690 389 817 454 Proculi
840 388 1019 474 expositam
1048 410 1118 454 esse
1147 390 1185 454 in

175 479 361 565 quaestione
383 478 479 542 buius
497 478 585 542 modi
604 478 868 543 controversiam:
892 500 934 542 an
957 479 1078 564 legata,
1100 500 1186 564 quac

174 572 387 653 posteaquam
417 567 560 632 instituti
593 572 730 632 mortem
761 565 910 631 obierunt
941 566 1097 632 codicillis
1131 568 1186 632 ad·

176 658 297 740 scripta
319 658 370 720 vel
394 656 544 740 adempta
568 659 657 738 sunt,
681 677 700 719 a
724 655 910 720 substitutis
936 655 1125 738 debeantur,
1149 657 1185 720 id

173 750 224 810 ast
252 767 291 809 an
320 745 452 830 perinde
476 745 563 809 datio
587 750 619 810 ct
643 745 805 828 ademptio
829 745 929 809 etiam
951 744 1013 810 hcc
1036 748 1186 828 tempore

175 833 331 900 codicillis
354 833 441 898 facta
462 833 572 898 valeat
594 856 631 899 ac
655 835 682 898 si
704 836 899 897 testamento
923 833 1010 898 faeta
1028 838 1114 899 essct

472 1017 520 1076 De
539 1018 692 1091 eeuercbus
714 1017 878 1090 lecatorum.

337 1133 382 1188 De
400 1149 429 1189 eo
447 1134 519 1202 quod
534 1149 585 1201 per
603 1133 814 1188 vindicationem
831 1133 949 1202 leuatam
967 1138 1013 1189 eet.

263 1243 315 1308 23.
340 1242 409 1308 Gai.
425 1243 454 1320 2,
471 1242 543 1307 198.
565 1279 609 1289 -
633 1290 662 1305 ..
683 1243 710 1306 si
729 1241 887 1326 quierem
907 1263 996 1306 suam
1016 1241 1187 1328 legaverit,

173 1331 377 1415 deindepost
396 1335 625 1397 testamentum
646 1330 767 1394 factum
786 1351 857 1394 eam
876 1331 1073 1415 alienaverit,
1086 1331 1187 1414 pleri·

171 1443 233 1506 que
266 1424 383 1505 putant
409 1441 475 1486 non
503 1421 608 1484 solum
634 1419 704 1482 iure
739 1419 826 1483 civili
855 1419 969 1483 inutile
997 1440 1066 1484 csse
1094 1419 1186 1505 lega·

170 1513 254 1593 tum,
288 1509 342 1574 sed
374 1531 433 1574 uec
464 1531 503 1573 ex
536 1509 815 1573 senatusconsulto
845 1505 901 1594 (sc.
935 1507 1019 1592 quod
1052 1511 1187 1574 auctore

171 1597 301 1665 Nerone
327 1597 463 1664 Caesare
495 1597 618 1662 factum
650 1592 713 1683 est)
751 1596 945 1662 confirmari.
996 1596 1081 1680 quod
1109 1597 1186 1664 ideo

170 1686 292 1752 dietum
321 1691 383 1765 est,
412 1686 488 1771 quia
516 1690 548 1749 et
576 1686 605 1750 si
629 1707 687 1769 per
711 1685 950 1750 damnationem
974 1686 1090 1769 aliquis
1114 1707 1186 1751 rem

171 1797 263 1839 suam
294 1775 453 1858 legaverit
490 1796 624 1859 eamque
657 1779 770 1858 postea
802 1774 1003 1856 alienaverit,
1036 1773 1186 1858 plerique

170 1866 299 1949 putant,
321 1865 397 1929 licet
420 1863 491 1947 ipso
514 1864 583 1928 iure
606 1863 762 1927 debeatur
784 1863 939 1947 legatum,
961 1866 1071 1926 tamen
1094 1863 1186 1948 lega-

170 1951 289 2016 tarium
326 1955 490 2035 petentem
527 1973 621 2036 posse
658 1973 716 2035 per
753 1951 972 2033 exceptionem
1008 1951 1073 2016 doli
1105 1953 1187 2017 mali
1289 1987 1290 1990 ¹

171 2039 293 2124 repelli,
316 2041 408 2124 quasi
432 2043 543 2104 contra
565 2040 764 2104 voluntatem
788 2040 931 2104 defuncti
953 2044 1054 2124 petat.

260 2147 313 2211 24.
337 2145 407 2211 Gai.
421 2147 455 2229 2,
469 2145 544 2211 208.
572 2183 609 2191 —
636 2146 846 2230 ..plerisque
869 2146 1005 2231 placuit,
1028 2151 1186 2228 quantum

172 2235 211 2299 ad
231 2236 292 2300 hoc
307 2235 357 2300 ius
371 2233 457 2319 quod
471 2236 541 2319 lege
556 2234 657 2319 Papia
670 2236 850 2300 coniunctis
865 2234 1082 2316 constituitur,
1099 2235 1185 2300 nihil

170 2325 340 2406 interesse,
372 2328 481 2388 utrum
513 2345 571 2408 per
605 2323 853 2389 vindicationem
887 2345 930 2388 an
961 2345 1019 2407 per
1053 2323 1187 2388 damna·

169 2412 293 2479 tionem
316 2412 461 2497 legatum
484 2411 536 2477 sit.

344 2571 389 2626 De
407 2587 436 2625 eo
454 2571 526 2640 qaod
542 2587 591 2639 per
610 2569 810 2624 deaurationem
829 2569 946 2639 boatum
964 2574 1009 2623 est.

261 2680 312 2746 25.
346 2679 414 2745 Gai.
436 2678 553 2756 3,175.
584 2714 621 2726 -
653 2675 809 2743 Similiter
831 2677 1008 2762 legatarius
1032 2678 1187 2744 heredem

173 2770 286 2836 eodem
309 2769 405 2835 modo
429 2768 545 2832 liberat
568 2768 606 2832 de
630 2768 741 2851 legato
758 2767 842 2851 quod
862 2789 920 2851 per
943 2766 1187 2832 damnationem

172 2859 320 2923 relictum
340 2864 390 2922 est
409 2853 466 2944 (sc.
480 2878 537 2940 per
556 2878 610 2922 aes
629 2860 662 2922 et
675 2852 816 2943 libram),
834 2860 871 2920 ut
890 2860 999 2921 tamen
1019 2907 1048 2920 ..
1065 2908 1071 2921 .
1089 2855 1186 2920 heres

172 2950 368 3010 testamento
388 2968 421 3010 se
440 2945 516 3009 dare
535 2945 721 3010 damnatum
742 2967 811 3010 esse
831 2945 923 3010 dicat.
959 2945 997 3008 de
1017 2967 1054 3010 eo
1073 2949 1188 3010 tamen

170 3038 299 3099 tautum
329 3038 436 3118 potest
463 3034 555 3098 heres
584 3057 621 3098 ec
646 3034 741 3098 modo
764 3033 908 3118 liberari,
932 3034 1018 3117 quod
1041 3034 1186 3118 pondere

170 3143 304 3186 numero
334 3126 472 3207 constet,
501 3128 533 3187 et
559 3123 606 3186 ita
635 3123 662 3186 si
691 3126 812 3187 certum
836 3123 887 3186 sit.
932 3122 1064 3206 quidam
1088 3123 1188 3188 etde

172 3231 209 3274 eo
233 3210 318 3294 quod
342 3232 494 3275 mensura
517 3213 644 3275 constat
666 3210 749 3276 idem
774 3211 968 3277 existimant.

260 3316 325 3379 26?
353 3314 393 3379 D.
408 3316 460 3398 34,
474 3316 508 3398 3,
523 3316 574 3381 30.
606 3315 697 3380 Idem
716 3314 776 3402 (sc.
796 3313 930 3404 Paulus)
953 3317 1038 3381 libro
1057 3317 1188 3383 decimo

174 3403 415 3479 Quaestionum.
429 3439 473 3450 -
494 3404 618 3469 Petitor
640 3403 692 3468 vel
705 3426 883 3490 possessor
906 3405 1075 3470 damnavit
1092 3405 1186 3471 here-

172 3492 244 3556 dem
276 3511 384 3573 suum,
419 3512 460 3556 ne
492 3493 720 3557 centumvirale
753 3493 906 3558 iudicium
938 3497 1094 3558 exerceat·
1143 3494 1186 3557 de

173 3580 287 3645 effectu
304 3578 406 3663 legati
425 3579 596 3663 quaeritur.
632 3585 664 3644 et
682 3580 803 3645 dictum
823 3587 872 3646 est
889 3583 936 3648 ite
956 3582 1084 3647 demum
1103 3583 1185 3648 utile
