2614 3912
174 198 241 264 412
278 199 311 253 V.
331 197 480 254 NERVAE
500 197 547 252 ΕΤ
566 195 957 252 TRMAMTEMP.1URIS
976 195 1155 253 CONSULTI

177 364 248 428 liter
276 362 372 446 lepato
395 360 533 427 Stidrum
557 362 719 427 tradiderit
741 363 825 443 isque
846 383 867 426 a
890 365 917 426 te
938 362 1049 426 erutus
1068 361 1186 442 fuisset,

173 471 261 534 posse
293 456 321 516 te
351 471 388 516 eu
419 455 593 516 testamento
624 471 712 533 opere
738 449 839 515 Labeo
870 449 986 533 scribit,
1017 450 1093 531 quia
1122 469 1186 514 uou

175 541 297 606 uidetur
323 539 408 605 beres
434 541 563 622 dedisse,
592 540 673 621 quod
697 540 743 604 ita
769 540 902 620 dederat,
929 543 965 604 ut
989 538 1097 603 babere
1123 559 1186 603 uou

170 629 290 712 possis;
318 633 348 693 et
372 627 426 694 boe
450 648 555 693 uerum
577 633 662 710 puto.
706 629 760 693 sed
784 627 838 693 boe
864 627 999 710 amptius
1020 628 1068 692 ait
1084 627 1187 692 debere

176 723 217 802 te,
243 718 432 799 priusquam
467 717 616 782 iudicium
647 717 830 798 accipiatur,
861 717 1043 782 denuntiare
1068 715 1185 794 heredi·

177 826 255 871 uam
277 807 306 871 si
326 806 418 871 obiter
437 807 554 889 fueris,
577 806 680 888 aperti
702 825 739 869 ea
758 809 931 870 testomeuto
950 811 1114 887 oppauetur
1132 804 1188 869 tibi

176 895 241 960 doti
264 895 342 960 moti
363 896 502 976 exceptio.

265 982 317 1048 34.
341 982 379 1047 D.
395 983 471 1048 ibid.
485 986 505 1063 ξ
519 983 549 1046 4.
572 1017 616 1028 -
639 981 689 1046 ‘Si
706 980 829 1047 Stiebus
850 987 879 1046 et
896 979 1005 1046 Domo
1026 982 1105 1048 serui
1126 982 1188 1046 mei

175 1073 210 1137 iu
224 1076 371 1154 potestate
392 1092 461 1136 mea
486 1076 577 1136 eruut
593 1091 663 1136 eum
676 1071 804 1152 moriar,
822 1075 886 1134 tum
899 1070 1022 1136 Stiobus
1039 1076 1069 1135 et
1080 1068 1188 1135 Mina

178 1161 266 1226 liberi
291 1167 382 1227 suuto
409 1165 438 1225 et
462 1160 597 1241 fundum
618 1161 708 1224 ibium
730 1160 791 1226 sibi
812 1158 959 1224 babeuto.'
1005 1159 1034 1224 si
1056 1159 1188 1224 obierum

176 1271 218 1315 eu
240 1249 290 1314 bis
310 1253 384 1332 post
410 1254 621 1314 testammtum
648 1247 767 1329 factum
793 1249 935 1313 domiuus
958 1248 1121 1314 atuuasso
1142 1247 1188 1312 oet

176 1340 419 1420 manumisisset,
450 1343 594 1402 neutrum
625 1336 754 1402 liberum
783 1336 926 1418 futurum
957 1336 1059 1404 Labeo
1084 1340 1187 1418 putat.

175 1429 229 1493 sed
257 1428 373 1492 Tubero
402 1447 471 1490 eum
500 1427 556 1508 qui
585 1427 783 1492 remansisset
808 1427 843 1490 iu
862 1429 1026 1509 potestate,
1058 1425 1188 1490 liberum

174 1515 319 1597 futurum
340 1521 369 1580 et
391 1515 522 1597 bepatum
544 1514 723 1580 babituram
740 1519 840 1597 putat.
884 1515 1052 1580 Tuberonis
1069 1518 1189 1580 seruu-

178 1607 256 1671 tiam
279 1605 430 1669 ootuutoti
452 1603 587 1684 defureti
608 1605 709 1686 mapis
728 1608 803 1686 puto
824 1605 989 1668 omomire.

538 1794 585 1854 De
601 1795 716 1869 peculio
738 1795 837 1870 deputo.

267 1912 318 1979 35.
342 1913 380 1978 D.
395 1914 447 1997 33,
463 1915 492 1996 8,
507 1914 550 1978 22
563 1936 610 1998 pr.
652 1912 761 1978 Labeo
784 1913 869 1978 libro
893 1912 1031 1978 seeundo
1051 1913 1189 1998 posteri·

180 2024 272 2066 orum
300 2024 320 2066 a
346 2000 500 2067 Iavoleno
529 2005 789 2086 epitomatorum.
817 2038 859 2048 -
888 2001 1045 2068 Domiuus
1067 2022 1189 2067 servum

179 2095 353 2176 testamento
370 2092 595 2156 manumiserat
611 2096 640 2156 et
652 2093 680 2155 ei
688 2091 842 2172 peculium
857 2091 1027 2174 depaverat3
1045 2091 1191 2156 usaue

178 2180 264 2245 mitte
281 2199 427 2244 uummos
448 2181 571 2246 domiuo
594 2180 736 2245 debuerat
757 2185 787 2244 et
807 2200 856 2245 eos
877 2179 979 2245 heredi
1000 2180 1096 2245 soluit.
1141 2200 1190 2244 re-

178 2268 289 2350 spoudi
325 2288 427 2333 omues
462 2289 514 2334 eas
550 2267 768 2351 (pemtioresi)
799 2289 847 2333 res
877 2269 977 2334 deberi
1008 2269 1126 2352 orciuo,
1161 2269 1192 2334 si

174 2357 343 2440 peeuuiam
366 2358 490 2422 oreiuus
512 2378 606 2439 quam
628 2357 771 2422 debuerat
792 2358 932 2423 solvisset.

268 2447 319 2533 36.
347 2445 386 2510 D.
405 2445 481 2511 ibid.
500 2448 520 2527 ξ
537 2449 564 2512 l.
588 2483 630 2494 -
654 2444 810 2511 Domiuus
831 2467 964 2530 seruum,
986 2447 1042 2528 qui
1063 2466 1133 2511 eum
1156 2466 1191 2511 eo

178 2537 331 2602 amorium
361 2555 550 2602 eommuuem
581 2535 720 2620 babebat,
757 2540 932 2600 testamento
963 2536 1193 2600 manumiserat

178 2631 207 2690 et
230 2625 390 2708 peeubium
421 2626 450 2689 ei
482 2624 643 2706 depaverat,
675 2624 782 2690 aetum
811 2624 913 2706 ipsum
940 2625 1102 2706 uicarium,
1135 2623 1193 2704 oui

179 2715 350 2780 commuuis
371 2718 449 2795 erat,
477 2715 663 2779 uomiuatim
686 2718 714 2778 et
734 2713 804 2796 ipsi.
817 2717 847 2778 et
868 2713 991 2778 libertae
1013 2733 1088 2778 suae
1110 2711 1192 2795 lepa-

178 2807 272 2867 uerot.
308 2803 452 2884 respoudi
458 2807 581 2883 partem
594 2807 740 2885 quartam
756 2801 886 2883 libertae,
904 2801 1056 2884 reliquam
1065 2806 1193 2883 portem

180 2888 363 2975 [quartam]
386 2890 486 2956 liberti
505 2891 664 2970 firmorum
687 2892 770 2974 quod
789 2897 818 2955 et
841 2891 1010 2955 Trebatius.

541 3080 588 3140 De
610 3081 702 3155 fundo
724 3082 823 3156 iepoto.

269 3199 320 3264 37.
347 3197 386 3263 D.
405 3198 457 3281 35,
478 3199 576 3281 1‚40,
597 3201 623 3263 1.
673 3197 765 3263 Idem
798 3197 854 3286 (sc.
883 3197 1070 3288 Iavolenus)
1100 3200 1190 3266 libro

181 3287 321 3352 seeundo
358 3309 397 3352 ex
432 3289 665 3373 posterioribus
698 3286 865 3355 Labeonis.
901 3325 939 3335 -
975 3289 1109 3372 Quidam
1143 3291 1192 3354 iia

181 3375 347 3459 tepooemt:
384 3375 424 3442 ‘si
461 3376 592 3443 Publius
625 3374 785 3442 Corrutius
821 3379 992 3461 impensam
1028 3399 1123 3460 quam
1155 3379 1192 3444 iu

178 3465 313 3547 fuudum
347 3463 495 3531 Seianum
524 3466 597 3548 feci,
628 3465 730 3532 beredi
761 3487 826 3531 meo
855 3468 981 3549 dederit,
1013 3472 1079 3533 tum
1106 3467 1192 3532 beree

181 3573 266 3619 meus
286 3554 397 3621 Publio
415 3554 555 3620 Oorudio
574 3555 710 3636 fmidum
725 3552 875 3621 &iarum
892 3555 984 3621 dato’.
1024 3554 1192 3623 domitius
