2590 3902
153 215 217 286 262
255 214 287 268 V.
306 212 455 269 NERVAE
474 211 521 269 ΕΤ
540 213 692 269 TRAIANI
708 212 814 270 TEMP.
833 213 928 270 iuius
948 207 1129 270 CONSULTI

150 383 279 460 qnidam,
303 381 356 459 qni
374 379 533 459 consuluil,
550 399 624 446 neus
641 381 779 446 videatur
796 399 871 444 esse.
902 401 975 444 num
992 382 1057 458 ipse
1070 381 1157 442 Pom-

149 471 257 549 pocius
285 470 420 536 Priscum
447 469 644 546 consulueris,
670 471 810 549 ¹cognosci
836 471 948 548 nequii
992 489 1060 532 cum
1085 489 1157 532 vero

150 560 202 626 illo
221 560 285 626 loco
304 578 363 636 quo
382 558 552 623 Fulcinium
569 558 681 633 laudnt,
704 578 764 624 non
780 578 957 636 responsum
975 560 1039 622 eius
1061 559 1158 636 affori,

103 719 105 721 ¹
151 648 203 708 sed
229 649 308 726 quod
330 647 484 712 Fulcinius
507 641 660 724 ‘scripum
683 647 818 712 Priscum
846 651 948 710 sulem
970 647 1158 724 respondisse

149 736 253 813 crant,
275 736 444 802 Fulcinium
465 755 525 800 uon
547 736 697 814 designari
719 737 896 812 putaverim.

240 825 352 892 Paulus
375 843 434 890 non
456 825 543 890 modo
562 825 733 890 Fulcinium
755 826 868 904 laudat,
891 824 1058 886 sedetiam
1071 824 1157 886 Isso·

153 915 256 978 lenum
287 918 318 980 cl
343 913 515 990 Neraiinm3
546 916 702 990 praeterea
732 913 771 976 ad
802 914 882 976 huno
908 914 1001 977 libros
1029 912 1158 990 scripsic

150 1003 281 1068 Fulciuii
306 1022 378 1067 vero
406 1003 569 1068 sentcntiae
599 1002 687 1066 affert
713 1001 745 1064 in
767 1003 905 1079 pluribus
928 1003 1028 1080 libris,
1056 1021 1096 1062 eo.
1119 1003 1159 1064 ad

150 1091 307 1170 Sabinum,
340 1091 378 1150 ad
409 1091 555 1166 edictum,
588 1090 626 1149 ad
657 1091 677 1150 l.
704 1091 815 1154 Iuliam
846 1093 877 1152 ei
904 1091 1028 1168 Papiam
1060 1094 1092 1152 si
1119 1092 1159 1150 ad

148 1180 310 1246 Plancium.
359 1199 427 1244 cum
454 1179 491 1242 de
517 1179 613 1242 Prisci
636 1179 786 1244 sententia
810 1180 958 1244 referetur
987 1180 1063 1240 libro
1087 1179 1159 1238 LIV

149 1269 187 1332 ad
219 1269 363 1346 odicium,
395 1268 427 1332 in
459 1286 516 1344 qno
545 1268 713 1332 Fulcinium
745 1287 864 1345 quoque
895 1267 1001 1330 laudnt
1034 1260 1085 1349 (D.
1105 1269 1159 1347 43,

150 1360 202 1435 16,
221 1350 266 1437 8),
288 1357 353 1420 fieri
375 1360 487 1434 ponec,
510 1358 546 1418 ni
568 1356 739 1421 Fulcinium
761 1356 857 1421 Prisci
878 1357 997 1420 nomine
1020 1357 1158 1434 designa·

148 1445 240 1521 verii,
268 1465 357 1524 quem
385 1444 460 1505 alias
483 1438 632 1504 ‘Priscum
653 1441 835 1508 Fulcinium'
858 1445 1005 1510 nominari
1027 1446 1158 1523 legimus

149 1527 198 1616 (n.
215 1537 266 1610 31,
281 1537 331 1608 aa,
349 1525 392 1613 s).
437 1533 527 1596 esser
549 1534 642 1598 secur
663 1533 764 1612 uenas,
787 1533 840 1612 qui
858 1535 890 1598 Ρ.
905 1535 921 1596 1
938 1535 993 1598 eos
1010 1537 1074 1596 sss
1092 1537 1157 1594 nc

111 1661 112 1664 =
148 1626 228 1688 cerco
246 1623 282 1686 D.
298 1625 393 1697 41‚2‚
409 1626 437 1700 1,
453 1625 492 1686 21
517 1621 675 1686 Nereiinm
698 1622 850 1704 designari
868 1623 1021 1684 existimas
1038 1623 1158 1684 collatis

147 1711 185 1772 D.
199 1714 251 1785 41,
268 1715 295 1792 1,
312 1713 351 1772 13
376 1715 407 1771 el
425 1713 477 1787 41,
492 1712 521 1787 3,
535 1713 588 1776 47.
629 1715 662 1773 at
684 1710 771 1774 iuli.
784 1713 837 1788 41,
852 1713 882 1787 F,
898 1713 926 1786 l,
941 1714 981 1771 21
1006 1711 1042 1772 de
1066 1711 1159 1772 simili

148 1799 269 1876 quidem
287 1819 319 1864 re
337 1800 510 1875 disputatur
528 1803 618 1880 atque
637 1800 673 1859 de
691 1819 751 1876 qua
764 1798 905 1860 Neratius
925 1799 1009 1877 dixit,
1027 1800 1080 1862 sed
1097 1819 1159 1862 non

148 1888 185 1954 dc
212 1889 329 1965 cadens
357 1888 392 1952 de
420 1888 467 1954 his
495 1907 563 1953 vero
592 1889 681 1950 rebus
709 1907 727 1952 a
753 1889 857 1950 mullis
881 1888 1069 1965 disputatum
1091 1906 1158 1950 esse

148 1979 273 2042 constet.
298 1977 335 2040 cf.
348 1977 385 2040 D.
400 1979 452 2040 41.
467 1979 496 2057 2,
513 1980 539 2050 1,
557 1979 597 2040 22
613 1971 747 2054 ‘quidam
761 1981 864 2040 conisa
877 1979 997 2053 putens,
1014 1977 1159 2054 quonism

147 2065 229 2140 ipsos
252 2083 352 2130 servos
374 2084 435 2131 non
456 2060 640 2142 possideanl'
664 2057 719 2147 (se.
736 2058 916 2146 municipes)
939 2069 969 2128 el
988 2063 1052 2128 Gai
1068 2067 1098 2142 2,
1114 2069 1157 2127 90

149 2148 199 2218 ‘sn
231 2157 332 2218 autem
362 2155 511 2229 possessio
543 2147 729 2234 adquimiur'
761 2145 816 2235 (sc.
844 2173 899 2230 per
927 2173 977 2218 esa
1004 2171 1157 2231 personas,

149 2260 222 2320 quas
254 2242 285 2306 in
313 2261 403 2306 manu
431 2243 615 2323 mancipiove
643 2234 802 2323 hebemus)
832 2242 936 2320 quaeri
963 2243 1052 2321 selei,
1084 2243 1158 2321 quia

147 2330 229 2408 ipsas
251 2351 312 2396 non
333 2326 538 2408 possidemue’.

237 2419 383 2497 Ulpianus
397 2421 555 2497 quiesque
569 2422 661 2501 atque
674 2419 787 2483 Paulus
799 2437 861 2482 non
873 2418 961 2482 modo
975 2419 1157 2498 Fulcinium,
1184 2481 1188 2491 ,

148 2507 200 2574 ssd
227 2510 318 2574 oliam
345 2509 519 2575 Iauolenum
546 2511 577 2570 el
603 2508 762 2572 Neratium
788 2507 906 2585 laudat,
934 2508 1064 2570 Fulcinii
1092 2527 1157 2570 sen·

147 2599 255 2664 tentiae
280 2601 311 2658 ei
329 2598 414 2663 libris
433 2599 471 2660 ad
490 2596 635 2662 Sabinum
652 2599 683 2659 ei
702 2598 739 2658 ad
758 2597 898 2675 odicium,
920 2597 1055 2659 Iauoleni
1068 2597 1155 2660 libris

147 2687 185 2752 ad
205 2687 348 2754 Sabinum
372 2687 489 2764 attulit,
512 2688 548 2747 de
567 2686 683 2765 Prisco,
707 2686 733 2750 si
755 2685 877 2764 quidem
894 2685 965 2748 libri
983 2686 1079 2748 nostri
1096 2685 1156 2748 fido

147 2775 231 2854 <ligni
249 2779 328 2852 sunt,
347 2780 378 2840 ol
395 2776 481 2836 libris
500 2777 538 2840 sd
554 2775 699 2839 sabinum
712 2771 763 2856 (D.
778 2777 807 2853 7,
823 2776 851 2848 8,
868 2776 918 2849 10,
934 2777 951 2836 2
972 2769 1016 2834 ‘ei
1033 2774 1156 2836 Priscus

147 2866 178 2922 ei
202 2864 345 2924 Neratius
373 2857 507 2945 puianl')
535 2867 566 2924 ei
592 2864 670 2925 libro
694 2863 839 2941 singulari
864 2862 1050 2940 Regularum
1072 2863 1154 2924 dicii,

149 2951 201 3018 sed
218 2972 273 3028 pro
293 2947 436 3016 ‘Priscus'
459 2952 513 3014 illo
532 2952 598 3014 loco
616 2952 780 3016 Mommsen
798 2971 866 3012 cum
884 2951 1035 3029 Siephano
1053 2952 1155 3027 potius

147 3033 315 3104 ‘Proculus'
346 3041 504 3116 legendum
532 3058 599 3102 esse
626 3043 739 3112 censet,
767 3039 846 3116 qnod
876 3039 1013 3118 Krneger
1040 3061 1068 3117 p.
1090 3041 1152 3102 162

146 3148 174 3186 n.
201 3129 263 3192 ins
296 3129 431 3206 quamvis
463 3127 637 3192 dubitanter
672 3128 787 3205 probat.
843 3130 875 3188 ai
911 3147 979 3190 curn
1010 3128 1155 3190 Neratius

147 3234 263 3293 quoque
281 3217 313 3282 iu
327 3217 548 3293 impensorum
565 3215 651 3277 libris
665 3215 835 3278 Fulcinium
853 3216 1023 3280 laudaverit
1037 3209 1087 3296 (D.
1102 3219 1155 3296 33,

148 3307 176 3378 6,
196 3295 267 3386 43),
294 3305 359 3370 fieri
380 3307 495 3381 pelosi,
521 3308 557 3368 ni
583 3305 636 3368 illo
660 3323 778 3382 qnoque
801 3305 866 3366 loco
888 3303 1032 3368 Neratius
1053 3305 1156 3366 Fulci-

145 3392 228 3458 nium
256 3397 288 3453 et
314 3394 483 3458 laudaverit
514 3397 543 3458 et
574 3396 695 3456 seculus
723 3393 771 3456 eii
822 3397 955 3456 ceterum
981 3394 1017 3454 de
1046 3394 1155 3471 tutele,

146 3481 183 3545 ds
211 3501 271 3560 qna
301 3483 333 3548 in
360 3483 456 3548 aliero
483 3481 608 3560 Ulpiani
633 3484 803 3559 fragmento
832 3476 977 3544 ‘Priscus'
1004 3483 1091 3557 dixit,
1122 3483 1156 3544 in

145 3569 274 3638 Fnloioii
297 3571 416 3648 quidem
438 3572 615 3650 fragmentis
637 3571 713 3636 nihil
734 3570 874 3634 traditur.
