2568 3912
295 199 329 256 H.
348 199 588 256 INOERTORUM
607 202 833 257 SENTENTIAE
853 202 900 256 ET
917 203 1023 259 LIBRI.
1100 206 1163 269 547

571 381 621 447 De
643 384 751 449 tutelis.

243 507 295 572 82.
323 505 393 570 Gai.
411 507 530 589 1‚184.
563 543 601 554 -
632 505 717 571 Olim
748 529 820 572 eum
847 509 929 594 legis
957 510 1100 575 actiones
1129 513 1163 576 in

155 617 215 658 usu
240 598 341 674 erant,
367 596 465 659 etiam
490 618 528 660 ex
550 597 608 660 illa
631 618 726 660 causa
749 600 838 662 tutor
860 597 1005 677 dabatur,
1029 601 1056 662 si
1079 601 1163 665 inter

153 688 295 749 tutorem
315 693 347 749 et
365 684 531 748 mulierem
550 684 749 768 pupillumve
768 687 838 770 lege
857 689 1017 771 agendum
1036 695 1105 753 erat

154 774 210 837 sed
238 778 314 856 post
343 774 487 837 sublatas
509 774 591 858 legis
616 774 757 838 actiones
782 775 912 859 quidam
939 781 1056 860 putant
1079 777 1162 843 hanc

154 862 295 945 speciem
314 860 412 925 dandi
429 863 547 926 tutoris
566 863 600 925 in
619 884 680 926 usu
703 884 772 926 esse
792 863 933 928 desiisse.
962 865 1033 928 aliis
1053 869 1161 930 autem

152 953 260 1034 placet
288 951 392 1015 adhuc
414 951 447 1014 in
471 973 531 1014 usu
555 972 637 1032 esse,
666 952 693 1015 si
721 951 866 1035 legitimo
894 953 1012 1017 iudicio
1036 961 1161 1038 agatur.

243 1049 294 1115 83.
318 1047 522 1132 Gai.1‚188.
545 1085 589 1094 -
688 1054 822 1133 apparet
845 1055 925 1134 quot
947 1051 1012 1114 sint
1039 1053 1160 1136 speeies

152 1137 337 1202 tutelarum.
388 1137 415 1210 si
447 1159 523 1201 vero
552 1159 756 1222 quaeramus,
788 1137 821 1201 in
850 1144 928 1222 quot
955 1159 1073 1224 genera
1099 1141 1161 1205 hae
1194 1161 1197 1168 ⁴

154 1227 279 1309 species
307 1225 511 1308 diducuntur,
538 1228 637 1311 longa
664 1226 726 1292 erit
753 1227 929 1311 disputatio
953 1229 1084 1293 alii
1112 1234 1162 1295 tot

154 1336 274 1400 genera
297 1336 366 1378 esse
389 1315 601 1397 crediderunt,
625 1319 703 1399 quot
727 1316 825 1380 etiam
849 1317 970 1401 species
994 1322 1110 1382 essent.

242 1413 293 1476 84.
308 1411 376 1478 Gai.
390 1413 501 1496 1‚172.
519 1449 557 1459 -
575 1413 800 1478 ..fiduciarios
816 1436 941 1498 quoque
953 1413 1010 1499 (sc.
1021 1413 1159 1500 tutores)

154 1501 285 1585 quidam
312 1507 508 1585 putaverunt
535 1501 693 1566 cedendas
720 1503 842 1566 tutelae
869 1502 920 1567 ius
943 1525 1009 1568 non
1032 1504 1160 1586 habere,

153 1612 226 1654 cum
250 1591 311 1672 ipsi
335 1611 369 1654 se
393 1591 484 1656 oneri
507 1590 708 1655 subiecerint.

242 1686 292 1753 85.
314 1686 354 1751 D.
369 1688 425 1771 26,
441 1689 458 1752 1
466 1737 474 1770 ,
490 1689 522 1770 1,
537 1689 566 1753 3.
602 1685 723 1752 Paulus
746 1688 830 1752 libro
854 1689 1021 1773 trigesimo
1045 1694 1159 1755 octavo

154 1776 195 1840 ad
219 1776 366 1842 edictum.
387 1812 425 1823 —
448 1775 585 1841 Surdum
608 1798 673 1841 uon
696 1798 792 1860 posse
816 1777 886 1841 dari
904 1783 1046 1843 tutorem
1064 1779 1159 1862 pleri-

153 1886 214 1948 que
238 1916 288 1930 ...
307 1865 457 1949 probant,
477 1865 553 1949 quia
571 1888 638 1930 non
656 1871 782 1930 tantum
803 1865 900 1950 loqui,
924 1868 979 1931 sed
998 1872 1030 1932 et
1049 1869 1157 1932 audire

151 1957 243 2018 tutor
265 1954 366 2019 debet.

240 2044 291 2108 86.
315 2043 353 2107 D.
368 2045 420 2126 26,
434 2044 464 2120 4,
478 2042 508 2125 5,
526 2047 552 2107 1.
588 2041 747 2128 Ulpianus
763 2044 845 2109 libro
860 2045 1028 2129 trigesimo
1044 2047 1157 2128 quinto

150 2132 190 2195 ad
219 2132 367 2196 edictum.
393 2167 437 2178 -
469 2181 504 2196 ..
532 2133 629 2196 etiam
656 2133 718 2198 hos
748 2131 803 2218 (sc.
829 2134 992 2218 legitimos
1019 2131 1157 2222 tutores)

149 2221 224 2304 cogi
252 2220 402 2284 satisdari
427 2223 550 2285 eertum
574 2225 637 2303 est,
660 2221 694 2284 in
718 2225 845 2285 tanturn
870 2227 906 2286 nt
929 2223 1026 2286 etiam
1050 2229 1158 2308 patro-

149 2330 228 2371 num
249 2312 281 2372 et
298 2309 427 2392 patroni
445 2307 548 2373 filium
567 2317 754 2393 ceterosque
773 2312 892 2376 liberos
911 2311 979 2376 eius
999 2312 1070 2395 cogi
1088 2334 1157 2376 rem

151 2397 276 2461 salvam
299 2395 367 2460 fore
391 2401 471 2461 satis
495 2399 570 2462 dare
594 2398 755 2483 plerisque
778 2399 933 2463 videatur.

238 2494 289 2559 87.
314 2492 350 2557 D.
364 2493 415 2575 27,
425 2494 455 2576 3,
465 2495 493 2557 6.
525 2493 683 2580 Ulpianus
699 2496 782 2561 libro
797 2496 1044 2581 quadragesimo
1059 2499 1156 2563 tertio

149 2583 190 2647 ad
213 2581 378 2647 Sabinum.
396 2619 440 2629 —
464 2579 499 2646 Si
524 2588 614 2647 tutor
641 2605 709 2647 rem
733 2583 793 2649 sibi
818 2585 997 2668 depositam
1021 2606 1040 2648 a
1063 2590 1155 2668 patre

146 2671 265 2756 pupilli
294 2671 344 2735 vel
378 2671 612 2736 commodatam
646 2667 794 2757 (fiduciae
822 2673 884 2736 sibi
915 2670 1061 2760 dataml)
1089 2697 1155 2740 non

147 2761 270 2839 reddat,
288 2782 355 2824 non
372 2763 500 2824 tantum
519 2761 714 2828 commodati
732 2763 783 2824 vel
806 2761 944 2844 depositi
962 2760 1155 2849 (fiduciae‘l),

146 2871 258 2914 verum
285 2849 407 2914 tutelae
435 2870 560 2934 quoque
588 2853 724 2915 tenetur.
774 2858 807 2914 et
830 2849 860 2914 si
882 2852 1039 2933 acceperit
1061 2873 1155 2934 pecu·

146 2937 249 3022 niam,
272 2942 309 3002 ut
331 2938 458 3019 reddat,
481 2939 639 3022 plerisque
663 2937 786 3021 placuit
817 2959 888 3002 eam
911 2940 1080 3022 pecuniam
1104 2943 1155 3005 vel

147 3027 286 3110 depositi
314 3027 364 3091 vel
393 3028 588 3092 commodati
613 2989 800 3114 (fidnciae'll
830 3027 955 3093 actione
978 3029 1079 3113 repeti
1103 3030 1153 3094 vel

145 3116 270 3180 condici
292 3137 397 3202 posse.

236 3205 300 3271 88?
328 3205 367 3269 D.
381 3206 434 3289 26,
450 3206 478 3289 7,
492 3205 522 3288 9,
538 3207 565 3271 1.
598 3204 687 3270 Idem
712 3201 770 3292 (sc.
793 3204 965 3290 Ulpianus)
989 3207 1073 3272 libro
1097 3208 1153 3271 tri-

146 3292 269 3377 gesimo
298 3297 388 3358 sexto
417 3294 457 3358 ad
485 3295 631 3359 edictum.
658 3331 695 3342 -
722 3293 756 3360 Si
783 3299 874 3378 pater
901 3295 1042 3360 familias
1071 3318 1152 3378 eum,

145 3403 206 3466 pro
235 3403 297 3464 quo
325 3382 496 3466 fideiussit,
527 3388 668 3449 tutorem
697 3382 820 3447 dederit
846 3383 913 3449 filio
942 3407 1014 3468 suo,
1046 3384 1152 3448 officio

144 3471 263 3535 tutoris
296 3471 457 3554 convenit,
488 3475 525 3535 ut
556 3493 628 3536 curn
659 3471 726 3536 dies
756 3473 909 3554 pecuniae
940 3473 1152 3555 praeterierit,

146 3559 299 3624 creditori
327 3559 469 3623 debitum
502 3560 605 3624 solvat
705 3560 789 3644 quod
813 3560 840 3623 si
863 3559 895 3623 in
920 3559 1003 3623 diem
1028 3559 1152 3622 debitor
1280 3613 1281 3618 ,

886 3662 939 3712 35*
