2590 3902
164 211 230 276 298
268 211 301 267 V.
321 211 470 266 NERVAE
488 211 535 266 ΕΤ
553 211 703 267 ΤΒΑΙΑΝΙ
722 212 828 270 ΤΕΜΡ.
846 213 941 268 Iulus
961 213 1144 269 CONSULTI

591 433 700 494 Liber
723 434 747 493 I.

446 569 452 616 ἡ
571 551 622 618 Dc
645 553 760 636 tepetis.

496 664 542 724 Dc
563 667 718 739 aeafmcta
740 665 840 740 tepula

254 769 281 832 1.
309 763 384 830 Vat.
402 764 441 830 fr.
460 765 481 846 ᾖ
497 764 538 830 75
562 764 652 853 (Ulp.
674 766 695 830 l.
712 763 809 830 XVII
833 766 873 832 ad
897 764 995 854 sah).
1014 804 1056 814 —
1081 768 1174 836 Idem

161 851 220 940 (se.
243 850 401 942 Iulianus)
430 854 485 938 ait,
512 858 546 918 et
572 855 600 919 ri
631 856 793 919 communi
821 877 914 921 servo
939 859 972 921 et
995 859 1174 943 separatim

162 941 250 1009 Titio
279 965 355 1008 usus
384 944 507 1008 fructus
530 944 658 1026 legatus
682 943 739 1027 sit,
766 944 921 1009 amissam
943 951 1070 1029 partem
1094 967 1172 1014 usus

161 1031 294 1100 fructus*
309 1053 374 1098 non
393 1030 433 1097 ad
454 1031 586 1114 riuum,
609 1033 664 1096 sed
683 1032 724 1097 ad
743 1027 846 1098 solum
867 1033 990 1102 socium
1007 1037 1172 1119 pertinere

133 1121 277 1194 ,debere
297 1122 406 1206 ¹quasi
438 1121 543 1185 solum
575 1121 792 1189 coniunctum.
846 1143 942 1206 quam
975 1126 1172 1192 sententiam

159 1233 263 1294 neque
285 1209 457 1276 Marcellus
484 1230 588 1292 neque
610 1209 830 1276 Mauricianus
855 1211 1010 1298 probant;
1038 1212 1172 1299 Papini-

160 1321 241 1365 anus
270 1321 398 1384 quoque
421 1299 505 1363 libro
529 1297 625 1364 XVII
649 1298 881 1375 Quaestionum
909 1301 950 1365 ab
979 1323 1017 1366 ea
1039 1303 1171 1369 recedit.

160 1410 241 1472 quae
266 1387 426 1452 sententia
444 1385 560 1452 Nerati
582 1386 690 1472 fuerit,
714 1392 763 1453 est
786 1387 871 1453 libro
892 1387 907 1453 I
926 1389 1171 1474 Responsorum

161 1478 306 1542 relatum.

247 1569 323 1630 (lum
348 1570 531 1647 Papinianus
558 1570 781 1646 Responsorum
807 1571 884 1632 libro
915 1570 1011 1648 primo
1035 1565 1083 1655 (P.
1103 1577 1168 1636 387

158 1650 284 1740 -407)
310 1678 370 1719 non
392 1659 428 1718 de
450 1658 574 1736 legatis,
602 1659 655 1744 sed
676 1659 743 1719 aliia
767 1660 915 1720 derebus
939 1663 1023 1739 agat,
1050 1663 1171 1724 Neratii

157 1748 236 1807 liber
258 1748 441 1829 designatur.

245 1851 275 1914 2.
298 1849 373 1914 Vat.
392 1849 431 1915 fr.
447 1849 488 1914 79
510 1847 599 1934 (Ulp.
617 1847 639 1912 l.
657 1847 753 1915 XVII
776 1850 817 1915 ad
841 1845 916 1916 Sab.
938 1848 973 1918 P.
989 1849 1100 1942 2564).
1124 1890 1170 1904 -

158 1936 311 2002 Neratius
330 1942 426 2023 putat
448 1959 573 2003 cessare
596 1938 647 2004 ius
667 1937 870 2003 adcresceudi
887 1939 971 2004 libro
990 1939 1007 2004 I
1025 1939 1169 2026 Respon-

156 2048 275 2092 sorum.

245 2119 419 2197 Sequuntur
436 2120 521 2180 haec:
541 2115 637 2180 ‘cuius
656 2120 822 2180 sententiae
842 2121 980 2200 congruit
993 2124 1071 2186 ratio
1086 2123 1168 2186 Celsi

156 2209 283 2268 dicentis
306 2209 417 2270 totiens
439 2208 487 2268 ius
511 2210 700 2269 adcresceudi
723 2227 801 2284 esse,
827 2211 965 2288 quotiens
988 2211 1019 2271 iu
1042 2213 1166 2292 duobus,

156 2298 208 2378 qui
232 2298 360 2358 solidum
382 2298 567 2374 habuemnt‚
589 2316 735 2358 concursu
758 2299 872 2359 divisus
895 2293 961 2360 est'.

244 2388 280 2447 cf.
302 2387 342 2447 Ι).
354 2390 383 2466 7,
399 2389 427 2466 2,
442 2389 515 2463 3pr.

243 2490 273 2556 3.
296 2489 335 2554 D.
351 2490 380 2571 7,
396 2489 424 2572 1,
439 2489 481 2554 33
489 2511 537 2573 pr.
573 2488 768 2574 Papinianus
786 2487 871 2555 libro
887 2489 1025 2574 septimo
1041 2491 1164 2559 decimo

155 2577 386 2654 Quaestionum
418 2575 467 2665 (P.
488 2577 579 2663 254).
605 2614 649 2625 —
682 2576 716 2644 si
748 2577 834 2644 Titio
866 2577 1006 2663 fructus,
1037 2578 1164 2648 Maeuio

153 2669 335 2753 proprietas
363 2667 473 2752 legata
496 2666 541 2732 sit
563 2671 595 2732 et
617 2668 691 2733 vivo
715 2670 872 2734 testatore
895 2665 999 2734 Titius
1023 2668 1163 2756 decedat,

153 2756 235 2822 nihil
260 2756 344 2842 apud
368 2757 523 2841 scriptum
546 2755 696 2822 heredem
717 2756 926 2840 relinquetur.
959 2761 992 2820 et
1009 2757 1042 2821 id
1061 2757 1163 2826 Nera·

152 2846 218 2912 tius
242 2866 368 2929 quoque
391 2845 567 2929 respondit.

241 2939 370 3000 Videtur
392 2939 595 3016 fragmentum
618 2939 687 3000 huic
710 2939 787 3000 libro
811 2939 1045 3002 attribuendum.

497 3108 547 3176 De
567 3110 817 3192 fideicommissis.

239 3219 270 3280 4.
299 3215 336 3280 D.
351 3215 404 3297 35,
420 3216 448 3298 1,
462 3217 516 3298 43,
530 3217 560 3280 3.
605 3214 725 3280 Paulus
753 3217 837 3284 libro
865 3222 979 3286 octavo
1003 3219 1043 3284 ad
1066 3221 1160 3290 Plau·

150 3306 232 3370 tium
253 3301 302 3392 (P.
321 3300 430 3389 1156).
448 3339 484 3350 --
506 3302 659 3370 Neratius
681 3303 766 3370 libro
789 3307 894 3389 primo
917 3307 1160 3392 Respousorum

151 3393 278 3478 scribit,
306 3415 344 3460 ex
371 3392 496 3459 duobus
520 3394 648 3477 seriptis
670 3393 843 3462 heredibus
867 3396 895 3464 si
918 3418 1001 3462 unus
1024 3406 1159 3486 regatus

152 3482 195 3550 sit
213 3482 275 3548 tibi
288 3482 501 3550 hereditatem
515 3485 696 3567 restituere,
709 3486 745 3551 tu
760 3483 846 3550 Titio
861 3487 983 3554 certam
997 3509 1158 3556 summam

151 3571 240 3656 dare,
264 3577 297 3636 et
320 3571 473 3638 beneficio
496 3572 578 3658 legis
602 3570 763 3640 Falcidiae
787 3573 821 3640 iu
843 3573 1041 3644 restituendo
1065 3577 1158 3646 heres
