2568 3912
175 225 241 288 570
543 222 820 279 Annlrnnuurn.

174 386 335 471 pertineat
356 383 533 472 quaeritur,
555 385 587 450 id
611 390 661 451 est
683 389 719 450 ut
741 385 776 450 in
798 385 893 451 bonis
915 359 1027 451 Latini
1049 353 1189 452 materni
1255 436 1261 446 .

174 476 283 559 potior
307 474 351 539 sit
368 480 526 558 patronae
543 474 627 540 filius
647 497 743 560 quam
762 475 854 540 heren
874 480 1045 540 extraneus
1064 477 1188 541 matria.

264 569 300 629 of.
324 589 353 645 p.
369 571 419 627 21.

589 651 639 717 De
662 653 774 736 tepetis.

266 770 295 833 8.
319 767 388 833 Gai.
412 769 442 846 2,
466 768 540 834 200.
563 803 605 816 -
628 766 713 832 Illud
737 768 910 852 quaeritur,
929 769 1013 853 quod
1034 769 1094 833 rub
1114 790 1190 836 con·

176 856 301 922 dicione
324 879 382 940 per
405 856 655 922 vindicationem
678 857 822 942 legatum
846 861 903 940 eat,
929 857 1089 942 pendente
1113 879 1188 924 con·

176 945 301 1012 dicione
324 947 414 1010 ouius
438 945 488 1010 ait

265 1031 364 1117 affin,
389 1042 405 1098 1
431 1059 458 1114 p.
482 1042 560 1114 4393
585 1057 676 1114 supra
698 1059 726 1115 p.
752 1042 814 1098 144

265 1133 294 1197 9.
323 1131 391 1196 Gai.
415 1132 542 1216 2,,212.
566 1166 608 1177 -
642 1179 675 1196 ..
704 1131 732 1196 ai
754 1134 830 1216 post
852 1135 987 1197 mortem
1020 1133 1189 1198 testatoris

49 1261 50 1266 κ
177 1245 216 1286 ea
241 1243 293 1285 res
323 1219 378 1305 (aa.
408 1241 490 1304 quae
515 1221 637 1284 sinendi
665 1220 761 1285 modo
794 1211 936 1305 legatum
967 1217 1032 1308 est)
1062 1221 1190 1287 heredis

177 1333 245 1376 esse
269 1309 420 1393 coeperit,
443 1310 608 1394 quaeritur
631 1331 673 1372 an
696 1309 775 1373 utile
798 1309 842 1374 sit
864 1309 1016 1393 legatum.

267 1399 316 1464 10.
340 1397 379 1462 D.
403 1399 455 1480 33,
480 1398 509 1484 7,
532 1398 583 1462 21.
628 1396 932 1481 Pomponiusiibro
955 1400 1061 1482 primo
1085 1397 1192 1464 Fidei·

176 1487 431 1553 commissorum.
441 1522 484 1533 —
498 1484 595 1572 (Cum
614 1479 731 1551 fundus
746 1487 815 1550 sine
829 1487 1045 1552 instrumento
1060 1482 1189 1572 legatus

178 1576 244 1662 sit)
270 1576 428 1641 demotis
453 1575 623 1658 ..quaeri
650 1576 745 1660 solet,
772 1575 920 1640 cumita
948 1576 1073 1640 adfixae
1101 1579 1189 1641 itare

176 1664 398 1730 inaedificatae
418 1664 494 1748 sint,
512 1669 549 1728 ut
564 1667 674 1749 partes
690 1661 907 1729 aedificiorum
923 1686 994 1729 esse
1009 1665 1188 1732 videantur.

509 1823 560 1888 De
582 1823 717 1888 trtertute
739 1823 853 1890 relicto.

269 1941 317 2003 11.
341 1937 410 2003 Gai.
426 1940 455 2022 2,
470 1939 543 2006 236.
566 1975 603 1986 -
625 1937 692 2004 Neo
711 1939 844 2003 libertas
868 1959 1035 2022 ..poenae
1054 1942 1187 2006 nomine

177 2027 247 2092 dari
270 2031 385 2111 potest,
409 2029 556 2119 quamvis
581 2028 620 2092 de
640 2051 678 2092 ea
700 2050 735 2092 re
758 2027 855 2094 fuerit
878 2028 1069 2112 quaesitum.
1109 2033 1114 2041 ’

510 2141 686 2270 De'paota
702 2193 855 2271 potestate.

267 2303 317 2366 12.
350 2300 420 2366 Gai.
446 2304 473 2377 1,
499 2303 569 2368 106.
606 2340 643 2350 -
676 2352 709 2369 ..
736 2303 982 2387 illaquaestio,
1016 2326 1057 2368 an
1082 2305 1190 2370 minor

176 2394 255 2455 natu
285 2391 440 2456 maiorem
467 2397 548 2456 natu
572 2393 726 2475 adoptare
750 2393 865 2476 possit,
886 2392 1061 2476 utriusque
1091 2394 1192 2478 adop-

176 2480 274 2545 tionis
298 2480 478 2545 eommunia
502 2486 560 2545 est.

98 2643 100 2647 ¹
269 2570 317 2634 13.
337 2568 406 2634 Gai.
427 2571 454 2653 1,
471 2570 521 2634 74.
536 2607 579 2615 -
598 2570 670 2635 ..ai
684 2570 873 2654 peregrinus
889 2569 991 2635 civem
1005 2569 1190 2637 Romanum

177 2659 312 2743 duxerit,
336 2680 377 2722 an
401 2679 440 2721 ex
463 2658 743 2724 senatusconsulto
769 2679 899 2723 oausam
922 2659 1191 2744 probariposait,

41 2807 44 2812 .
178 2748 360 2831 quaesitum
384 2752 442 2812 est.
473 2815 476 2824 ,

575 2835 624 2901 De
646 2836 789 2900 soemttte.
905 2849 909 2861 ·

268 2950 318 3016 14.
342 2949 411 3015 Gai.
431 2951 460 3030 3,
481 2951 552 3017 149.
575 2987 613 2998 -
634 2949 796 3036 Magna..
817 2950 962 3036 quaestio
980 2950 1053 3036 fuit,
1078 2976 1120 3021 an
1144 2953 1190 3018 ita

74 3035 77 3042 ’
168 3038 255 3101 ¹ooiri
275 3039 379 3120 possit
398 3040 546 3124 societas,
569 3042 605 3103 ut
624 3040 694 3123 quis
714 3041 866 3104 maiorem
886 3042 1011 3123 partem
1035 3041 1191 3125 lueretur,

177 3126 336 3190 minorem
361 3127 470 3190 damni
493 3132 644 3211 praestet.

266 3219 302 3278 of.
327 3218 359 3289 Q.
384 3219 512 3279 Munius:
536 3221 596 3296 Ip.
618 3224 658 3282 95
684 3224 714 3281 et
737 3221 858 3282 Servius
882 3221 1044 3298 Sulpicius:
1069 3243 1098 3301 p.
1119 3226 1194 3284 222.

539 3373 590 3438 De
611 3375 686 3462 iuret
701 3377 825 3441 dotium.

138 3453 140 3459 .
269 3485 318 3549 15.
352 3484 422 3570 Gai.
445 3486 480 3569 2,
507 3487 559 3552 63.
595 3525 639 3534 -
677 3488 812 3574 (Dotale
849 3491 1016 3575 praedium
1053 3494 1192 3558 maritus

177 3574 282 3638 invita
304 3571 436 3637 muliere
458 3576 642 3666 perlegam
663 3575 781 3642 Iuliam
802 3579 993 3662 prohibetur
1012 3579 1192 3664 alienare.)
