2602 3906
197 211 267 275 480
302 210 335 266 V.
355 209 504 265 NERVAE
523 209 571 264 ET
590 209 742 264 TRAIANI
760 208 865 266 ΤΕΜΡ.
884 188 979 265 Iulus
998 207 1178 264 CONSULTI

193 375 353 456 potionem
379 374 459 438 adiit
483 372 568 438 heres
593 373 694 456 filium
719 373 798 455 petit
823 393 906 437 mone
928 373 1091 453 pecuniam
1114 378 1206 456 pater

195 483 236 528 eor
257 462 454 544 stipulatione
475 482 572 544 supra
593 462 701 526 relata.

202 600 206 608 .
287 550 471 632 Respondit:
487 571 549 616 non
558 557 635 632 puto
650 555 765 632 turpem
780 570 841 614 esse
853 570 980 615 oausam
988 550 1206 633 stipulationis,

196 644 299 722 utpote
324 659 393 705 oum
419 641 510 704 aliter
534 640 636 721 filium
659 639 908 721 emaneipaturus
930 659 993 702 non
1013 639 1116 719 fuerit.
1154 661 1207 706 neo

191 733 293 813 potest
312 729 410 793 uideri
432 729 550 793 iniusta
572 749 667 793 eausa
688 727 904 812 stipulationis,
927 728 956 792 si
973 727 1097 809 almuid
1112 729 1206 811 adop

199 819 279 882 tinus
302 823 394 900 poter
426 817 533 882 nabere
561 818 700 899 uoluerit,
727 821 853 898 propter
884 817 965 899 quod
995 836 1016 880 a
1046 816 1113 898 sulio
1135 823 1206 901 post

195 908 470 989 emancipationem
492 907 592 989 mapis
614 910 783 970 auraretur.

612 1141 721 1201 Liber
743 1141 794 1201 IX.

520 1252 571 1318 De
592 1253 679 1318 bonis
700 1251 886 1317 natantibus.

208 1395 210 1401 ¹
288 1369 340 1433 47.
369 1368 406 1434 D.
421 1369 473 1449 49,
494 1369 544 1448 14,
565 1370 615 1433 ll.
660 1365 831 1431 Iavolenus
854 1366 938 1436 libro
962 1388 1050 1432 nono
1073 1365 1207 1451 Epistu-

199 1458 313 1522 larum.
344 1493 381 1504 -
411 1461 487 1522 Non
510 1461 640 1538 possunt
665 1456 732 1522 ulta
754 1455 833 1521 bona
854 1456 898 1520 aol
917 1457 1026 1538 usum
1045 1457 1208 1540 pertinere,

196 1548 262 1612 nisi
278 1568 356 1628 quae
373 1547 569 1611 oreditoribus
585 1545 784 1627 superfutura
800 1549 889 1622 sunt;
908 1545 943 1610 id
959 1545 1041 1609 enim
1059 1545 1209 1611 bonarum

196 1637 345 1718 uniusque
367 1656 428 1700 esse
450 1635 645 1718 inlellepitnr‚
667 1635 749 1716 quod
769 1633 836 1700 aeri
857 1634 958 1698 alieno
980 1638 1123 1716 superest.

288 1748 323 1806 ol.
342 1747 411 1805 Tac.
431 1765 497 1805 ann.
517 1749 546 1824 2,
560 1747 611 1807 48.
657 1747 694 1805 of.
717 1743 889 1804 Hirschfeld
914 1743 969 1821 Vg.
992 1765 1021 1821 p.
1042 1747 1092 1806 57.

609 1917 659 1983 De
682 1918 797 2001 lepatis.

287 2033 339 2096 48.
362 2033 400 2097 D.
415 2033 467 2110 33,
482 2034 511 2113 3,
525 2033 555 2097 4.
591 2032 760 2097 Iavolenus
775 2032 858 2098 libro
873 2054 958 2098 nono
973 2031 1208 2118 Epistularum.

202 2159 239 2168 —
262 2121 300 2186 Si
321 2124 350 2187 is
371 2124 425 2204 qui
447 2123 526 2186 auos
548 2123 636 2186 aedes
657 2121 791 2201 habebat,
813 2142 893 2186 ornas
911 2122 997 2206 milri,
1019 2123 1135 2188 atteras
1153 2123 1210 2188 tiln'

197 2211 311 2294 lepooit
337 2214 365 2276 et
389 2211 507 2275 medius
528 2211 647 2294 paries,
674 2211 728 2291 qui
752 2215 896 2293 utrasque
918 2212 1005 2276 aedes
1026 2212 1208 2296 distinpuat

73 2378 77 2384 ,
199 2301 371 2382 interuenit,
398 2321 431 2364 eo
457 2301 525 2363 iure
551 2320 619 2364 eum
648 2319 837 2364 communem
865 2299 952 2364 nobis
973 2319 1036 2366 esse
1057 2301 1209 2384 existimo,

196 2411 269 2472 quo,
302 2390 330 2455 si
354 2390 462 2472 paries
494 2392 615 2453 tantum
646 2387 760 2453 duobus
791 2388 878 2453 nolris
905 2389 1105 2454 communiter
1134 2393 1210 2455 asset

200 2480 328 2562 leuatus,
355 2480 479 2560 ideoque
504 2498 598 2560 neque
620 2497 783 2559 muneque
805 2482 832 2542 te
854 2498 940 2560 apere
958 2497 1046 2561 posse
1071 2479 1123 2542 ius
1145 2499 1209 2544 non

196 2589 260 2634 esse
294 2568 385 2633 alteri
419 2569 465 2632 ita
501 2567 657 2632 immissos
688 2565 830 2650 <trabes>
861 2565 983 2642 laborm
1019 2587 1096 2632 nam
1127 2567 1211 2650 quod

195 2659 398 2722 communiter
419 2657 518 2721 soeius
539 2655 633 2735 habet,
657 2655 734 2719 item
755 2656 823 2719 lure
846 2675 895 2720 me
918 2653 1043 2720 lrabere¹
1062 2657 1208 2722 constitit.

198 2748 301 2830 itaque
322 2748 357 2811 ole
379 2766 415 2810 ea
436 2766 470 2810 re
487 2745 601 2810 arbiter
619 2745 772 2809 communi
789 2744 956 2810 dividundo
973 2746 1139 2810 sumendus
1156 2749 1209 2810 est.

556 2922 606 2988 De
628 2923 689 3006 lepe
711 2922 851 3005 Aquilia.

288 3038 340 3102 49.
370 3034 409 3100 D.
424 3037 454 3119 9,
468 3038 498 3119 2,
512 3038 564 3102 38.
608 3036 699 3101 Idem
722 3035 778 3123 (se.
801 3034 988 3122 Iavolenus)
1011 3036 1095 3101 libro
1118 3057 1209 3101 nono

198 3123 431 3208 Epistularum.
460 3161 498 3172 -
530 3122 568 3189 st
593 3146 626 3190 eo
654 3131 794 3207 tempore,
821 3147 880 3209 quo
907 3126 963 3190 tili
989 3145 1074 3190 nnus
1101 3145 1209 3191 seruus

195 3232 288 3294 quem
315 3213 393 3278 bono
418 3215 479 3296 fiale
505 3214 605 3278 emisti
630 3214 788 3295 serviebat,
814 3217 880 3300 ipse
905 3236 927 3280 a
953 3235 1037 3280 seruo
1065 3218 1118 3280 tuo
1140 3214 1208 3280 oul-

197 3304 323 3366 neratus
356 3306 410 3382 est,
442 3301 564 3382 plaouit
598 3303 683 3366 omni
714 3304 802 3370 modo
833 3324 880 3368 me
911 3309 1007 3368 teernn
1037 3307 1114 3369 reete
1147 3303 1211 3387 lopo

198 3388 331 3471 Aquilia
352 3389 493 3470 euperiri.

271 3584 285 3631 1
306 3580 353 3635 Fi.
377 3579 451 3635 etin
471 3581 532 3636 iure
551 3598 613 3637 eum
632 3580 742 3640 habere.
