2596 3902
387 224 412 278 4.
432 221 461 276 C.
476 219 621 275 cnsslus
640 219 826 276 LONGINUS
1031 292 1034 300 Ι
1069 220 1110 285 57

103 383 190 450 socio
210 405 281 448 essa
300 383 462 449 actionem
481 383 520 448 ad
539 383 782 467 reciperandum
802 389 966 470 sumptum
982 381 1114 451 Cassius

103 473 242 556 scripsit.

193 561 245 627 80.
268 559 309 625 D.
325 561 486 646 17,2,29,
502 564 531 626 1.
567 559 727 645 Ulpianus
750 561 834 627 libro
857 561 1049 648 trigessimo
1074 563 1114 628 ad

105 649 261 716 Sabinum
288 646 336 737 (P.
353 648 466 736 2742).
488 685 532 698 -
554 648 605 714 Ia
628 649 707 715 coiri
731 651 918 716 societatem
940 659 1056 736 posse‚'
1077 655 1115 716 ut

104 740 226 804 nullam
250 742 376 822 partem
400 739 508 803 damni
531 739 615 803 alter
638 739 767 822 sentiat,
789 740 913 804 lucrum
935 761 1010 805 vero
1030 763 1115 806 com·

104 849 200 893 mune
224 828 282 902 sit,
305 825 436 892 Cassius
459 830 563 913 putat.

193 918 246 981 81.
265 915 305 980 D.
321 917 372 996 17,
385 917 416 998 2,
430 917 483 1002 65,
491 917 520 981 3.
550 915 668 980 Paulus
678 915 760 980 libro
770 916 959 1001 trigensimo
974 919 1114 984 secundo

105 1005 145 1070 ad
168 1006 310 1069 edictum
333 1003 383 1091 (P.
397 1003 485 1090 495).
507 1042 552 1052 -
575 1005 723 1069 Diximus
747 1005 891 1069 dissensu
915 1008 996 1071 solvi
1015 1008 1114 1072 socie·

17 1087 18 1180 l
104 1099 220 1178 talem3
248 1093 311 1159 hoc
333 1095 381 1158 ita
404 1101 467 1178 ost,
493 1094 521 1158 si
543 1116 655 1159 omnes
678 1093 883 1159 dissentiunt.
928 1095 1005 1179 quid
1028 1117 1115 1181 ergo,

17 1183 19 1250 l
105 1183 132 1248 si
155 1205 239 1249 unus
261 1182 446 1247 renuntiet?
489 1180 620 1248 Cassius
639 1181 769 1267 scripsit
788 1204 859 1247 eum
880 1184 936 1267 qui
953 1186 1116 1249 renuntia·

106 1272 190 1336 verit
212 1272 374 1354 societati,
403 1292 478 1335 ase
506 1271 634 1356 quidem
658 1271 796 1335 liberare
825 1271 930 1337 socios
959 1294 1048 1357 suos,
1080 1295 1114 1337 se

105 1366 214 1426 autem
238 1360 280 1424 ab
302 1360 370 1424 illis
393 1382 460 1425 non
483 1360 632 1426 liberare.

273 1552 318 1610 De
339 1553 542 1612 donationibus
563 1555 638 1611 luter
660 1554 758 1610 cirum
781 1557 806 1611 et
827 1569 955 1612 oaorem.

193 1671 245 1736 82.
279 1668 317 1734 Ι).
336 1671 389 1753 24,
409 1671 437 1756 1,
464 1672 513 1755 11,
532 1670 561 1734 3.
616 1669 777 1753 Ulpianus
809 1670 892 1736 libro
924 1669 1115 1757 trigessimo

106 1759 245 1825 secundo
279 1759 319 1823 ad
347 1757 504 1824 Sabinum
536 1753 586 1845 (P.
605 1755 729 1846 27680).
757 1797 799 1806 -
827 1759 916 1826 Idem
951 1756 1007 1847 (sc.
1031 1759 1115 1825 Mar-

105 1846 221 1934 cellus)
245 1847 305 1913 ait:
328 1847 490 1932 placuisse
514 1848 580 1913 scio
600 1846 793 1933 Sabinianis,
817 1850 844 1913 si
867 1849 954 1914 filiae
972 1849 1114 1914 familias

17 1991 18 2024 ,
105 1936 197 2002 uxori
226 1937 361 2001 maritus
385 1936 492 2002 tradet
515 1933 666 2025 (fundum
690 1937 804 2002 mortis
829 1960 925 2003 causa
952 1937 1113 2023 mancipio

106 2024 209 2111 decr),
242 2025 449 2091 donationem
482 2027 550 2091 eius
578 2048 651 2092 cum
683 2025 772 2091 omni
805 2047 862 2098 suo
895 2029 1113 2093 emolumento

105 2113 183 2198 fieri,
206 2115 235 2178 si
258 2115 331 2179 vivo
356 2114 459 2179 adhuc
482 2115 599 2180 marito
624 2114 675 2178 sui
697 2114 776 2180 iuris
799 2115 895 2184 fucrit
919 2117 1039 2181 effecta.

193 2233 408 2294 Tribouianum
425 2235 561 2295 Marcelli
584 2235 677 2297 verba
700 2236 870 2312 corrupisse
888 2240 1016 2314 apparot
1035 2230 1113 2319 (do-

104 2323 257 2384 nationem
280 2323 345 2383 eius
359 2369 366 2383 .
381 2371 388 2383 .
403 2369 410 2384 .
425 2318 524 2405 fieri').

362 2501 409 2560 De
430 2519 529 2562 rerum
551 2507 715 2562 amotarum
736 2505 851 2564 iudicio.

194 2619 247 2685 83.
270 2619 308 2686 D.
323 2620 376 2703 25,
390 2621 420 2700 2,
436 2623 464 2688 1.
499 2619 620 2686 Paulus
638 2620 724 2686 libro
743 2622 882 2706 septimo
901 2623 941 2686 ad
957 2621 1114 2686 Sabinum

106 2706 155 2793 (P.
181 2707 291 2795 1773).
325 2745 364 2756 -
399 2708 520 2775 Rerum
553 2713 735 2774 amotarum
767 2710 919 2774 iudicium
951 2709 1115 2795 singulare

103 2796 324 2862 introductum
358 2801 407 2862 ast
433 2798 588 2863 adversus
615 2818 687 2862 eam
715 2819 798 2882 quae
825 2820 906 2863 uxor
932 2798 1008 2882 fuis,
1040 2798 1116 2882 quia

103 2907 169 2951 non
205 2887 328 2970 placuit
364 2909 436 2952 cum
471 2910 508 2952 ea
540 2885 619 2951 furti
651 2908 746 2972 agero
778 2908 886 2971 posse,
922 2887 1115 2972 quibusdam

105 2974 367 3040 existimantibus
386 2998 427 3040 ne
446 2975 574 3060 quidem
593 2976 715 3040 furtum
735 2999 806 3041 earn
825 2975 939 3060 facere,
957 2979 994 3042 ut
1007 2976 1115 3042 Nerva

105 3061 229 3147 Cassio,
248 3062 325 3148 quia
343 3064 481 3129 societas
500 3065 586 3130 vitae
605 3065 841 3148 quodammodo
861 3066 1024 3131 dominam
1044 3088 1114 3131 eam

104 3151 232 3217 faceret.

450 3258 500 3325 De
522 3261 617 3326 tutelo
639 3265 667 3324 et
688 3281 772 3326 curu

528 3381 576 3441 De
598 3382 694 3440 tutelo.

194 3487 245 3553 84.
272 3487 311 3554 D.
331 3489 384 3572 26,
399 3490 428 3574 1,
442 3491 471 3572 3,
485 3489 515 3553 2.
551 3489 712 3572 Ulpianus
730 3490 813 3555 libro
832 3490 1024 3574 trigensimo
1044 3508 1115 3569 sep·

106 3576 186 3641 timo
215 3577 255 3641 ad
278 3574 432 3643 Sabinum
457 3576 505 3662 (P.
525 3578 637 3663 2837).
663 3613 701 3623 -
727 3576 762 3641 Si
785 3577 927 3660 pupillus
950 3572 1114 3656 pupillave
