2580 3900
503 195 528 244 8.
547 187 721 244 VIVIANUS
1051 190 1116 256 241

101 359 261 418 Proculum
281 351 481 433 respondisse'
495 356 532 416 D.
542 359 572 434 4,
584 360 613 435 6,
624 359 675 434 35,
687 361 715 434 9,
730 351 822 416 ‘idem
840 357 896 418 ait:
915 358 1119 438 interrogatus

100 447 247 508 Proculus
266 447 303 505 de
322 465 356 506 eo
375 447 427 524 qui
442 492 485 507 ...
500 440 554 506 ait'
568 446 606 506 D.
617 448 668 523 21,
680 450 708 519 1,
720 449 771 520 17,
781 450 811 525 4,
826 439 961 525 ‘quidam
973 448 1117 522 referunt,

101 540 250 614 quantum
274 538 387 614 repeto,
410 535 491 612 apud
511 535 676 595 Vivianum
699 535 804 596 Sabini
827 540 858 595 et
877 535 974 596 Cassii
997 540 1028 597 et
1046 537 1117 597 Pro·

100 627 160 685 culi
179 625 345 701 expositam
363 643 429 684 esse
447 625 479 683 in
493 625 667 726 quaestione
684 624 857 684 huiusmodi
871 621 1117 686 oontroversiam'

101 714 138 774 D
149 717 201 790 29,
212 715 230 772 'l
234 715 358 790 ,1.,4pr
376 713 464 772 illum
482 713 617 789 priorum
635 713 710 772 iuris
729 713 934 773 consultorum
953 716 1117 775 sententias

101 805 131 862 et
153 821 299 878 responsa
322 802 506 879 congessisse
529 805 664 880 apparet.

188 891 354 968 Fragment
355 910 374 949 a
399 891 510 968 partim
538 891 576 949 sd
599 890 732 950 edietum
755 891 919 968 praetoris,
944 846 1055 967 partim
1080 893 1118 951 ad

100 980 234 1040 edietum
257 979 401 1039 aedilium
424 980 575 1040 eurulium
597 980 741 1040 videntur
763 979 922 1054 pertinere.

357 1214 386 1272 1.
418 1210 470 1270 Ad
494 1211 650 1271 edietum
672 1210 862 1288 praetoris.

189 1334 312 1395 Viviani
336 1353 410 1412 opus
433 1335 567 1411 amplum
589 1335 710 1395 videtur
732 1335 834 1408 fuisse,
860 1353 928 1394 eum
951 1335 988 1394 de
1011 1335 1118 1396 iisdem

100 1425 191 1484 rebus
210 1424 331 1500 saepius
347 1424 461 1484 dietum
476 1425 578 1484 fuerit.
612 1427 693 1484 eerte
707 1424 856 1500 Ulpianus
869 1423 1114 1502 D.43,24,13,1

101 1515 156 1573 ait:
179 1508 238 1573 ‘eet
257 1512 337 1589 apud
355 1513 518 1574 vivianum
537 1514 749 1589 saepissime
767 1513 898 1573 relatum
916 1513 1019 1574 heredi
1037 1532 1116 1574 eom·

100 1605 204 1680 petere
229 1602 285 1662 hoe
307 1597 521 1662 interdictum,
566 1603 646 1662 idem
668 1603 817 1679 Ulpianus
839 1602 947 1662 iisdem
969 1603 1055 1663 libris
1079 1604 1117 1663 01

101 1689 460 1770 01101110011.12,7,8
483 1692 590 1751 tradit:
614 1685 703 1751 ‘libro
721 1691 767 1751 VI
787 1711 822 1751 ex
840 1690 968 1752 Viviano
987 1694 1117 1753 relatum

101 1773 168 1857 est',
195 1779 241 1839 ita
269 1787 303 1838 nt
327 1779 460 1840 dubitari
481 1780 591 1859 possit,
613 1783 717 1840 utrum
740 1781 776 1840 de
800 1781 864 1840 eius
887 1781 939 1858 qni
962 1782 1117 1842 rettulerit

38 1877 41 1890 ¹
101 1887 140 1928 an
173 1869 210 1928 10
237 1867 360 1928 Viviani
391 1869 469 1928 libro
497 1869 610 1928 dietum
637 1870 685 1929 sit.
735 1868 812 1928 illud
839 1868 976 1948 Kruoger
1003 1892 1031 1947 p.
1053 1873 1115 1932 158

100 1958 197 2036 magis
228 1958 338 2033 probat
369 1948 474 2039 (‘naeh
501 1956 648 2036 Analogia
681 1959 734 2017 der
761 1958 879 2017 uhnlich
907 1957 1116 2021 100010110101

100 2045 214 2106 Werke
237 2046 327 2124 ginge
351 2041 416 2121 sie',
440 2065 478 2107 00.
496 2040 556 2107 ‘dio
575 2048 755 2148 Anlllhrung
774 2041 923 2125 Ulpians',
947 2041 1016 2107 ‘anf
1030 2049 1115 2108 01101

100 2135 297 2194 Kommentar
327 2155 366 2194 01
392 2091 538 2196 V’ivianus
570 2135 642 2196 oder
673 2136 722 2196 ein
753 2135 831 2195 nach
858 2135 970 2196 seinem
998 2137 1117 2214 System

100 2224 300 2303 gearboitetes
327 2223 434 2299 Werk,
462 2225 568 2284 dassen
596 2224 754 2284 Verfasser
781 2227 859 2284 etwa
886 2225 980 2285 durch
1006 2225 1116 2286 Fehlor

99 2313 153 2373 der
170 2299 420 2394 Uberliefernng
425 2313 509 2372 nieht
536 2318 670 2392 genennt
692 2306 857 2393 worden’),
885 2332 940 2392 ego
958 2315 1060 2390 potius
1078 2315 1116 2374 de

13 2441 14 2464 l
99 2400 194 2478 ipsius
225 2401 347 2461 Viviani
382 2421 471 2477 opere
503 2401 666 2478 Ulpianum
698 2402 810 2462 referre
841 2420 909 2461 eum
942 2403 1008 2462 aliis
1041 2404 1115 2474 yiris

98 2491 195 2551 doetis
208 2492 387 2566 putaverim.
416 2491 453 2551 ef.
463 2489 604 2550 Karlowa
617 2490 642 2568 I,
652 2493 670 2550 7
673 2491 726 2550 02.
757 2489 851 2550 Lonel
864 2490 897 2549 P.
908 2489 939 2550 11
953 2491 1006 2550 ool.
1020 2493 1115 2553 1225.

343 2645 430 2726 Quod
451 2651 549 2710 metue
570 2665 665 2710 01000
687 2649 791 2710 ortum
812 2646 879 2710 erit

190 2753 219 2818 1.
255 2749 295 2816 D.
313 2752 344 2834 4,
363 2753 393 2830 2,
413 2751 464 2834 14,
483 2751 512 2817 5.
569 2749 726 2836 Ulpianus
757 2750 840 2816 libro
873 2749 1041 2816 undecimo
1074 2750 1115 2814 ad

99 2840 239 2906 edietum
272 2837 323 2926 (P.
343 2838 433 2927 377).
461 2877 503 2887 -
535 2841 773 2925 Aliquando..
798 2845 831 2904 01
863 2839 891 2904 si
925 2845 1030 2904 metus
1063 2839 1115 2904 ad·

99 2929 222 2995 hibitus
263 2934 476 3013 proponatur,
518 2929 689 2994 arbitrium
726 2929 962 2994 absolutionem
1000 2927 1113 2993 adfert.

100 3019 176 3103 quid
206 3017 294 3083 enim
324 3018 351 3082 01
378 3022 498 3083 metum
523 3017 1116 3103 (1111011111υο0111111110101

98 3107 244 3189 0010010,
271 3129 322 3171 res
347 3112 455 3172 autem
479 3108 519 3172 ad
542 3129 593 3172 me
616 3108 777 3192 pervenit,
801 3108 936 3173 ethaeo
960 3107 995 3171 iu
1018 3107 1114 3173 rebus

98 3195 249 3261 humanis
273 3217 340 3260 non
364 3201 413 3261 est
437 3196 505 3262 sine
530 3197 603 3262 dolo
627 3197 715 3263 malo
739 3198 833 3265 meo‘l
868 3217 975 3262 nonne
998 3196 1113 3262 iudicis

100 3285 208 3350 officio
232 3284 406 3350 absolvar?
444 3285 552 3351 01101
576 3307 686 3351 servus
710 3285 745 3351 in
768 3285 846 3372 fuga
870 3290 929 3369 est,
954 3307 1063 3370 aeque,
1087 3285 1115 3350 01

100 3394 215 3440 cavero
240 3373 356 3439 iudiois
379 3374 487 3440 offitio
511 3395 572 3459 me,
596 3375 681 3439 siin
704 3397 808 3440 meam
827 3378 1025 3458 potestatem
1043 3395 1114 3456 per·

99 3465 237 3547 venerit,
269 3464 508 3546 restituturum,
541 3463 667 3528 absolvi
694 3463 827 3529 debebo.
871 3462 955 3527 unde
985 3461 1114 3544 quidam

100 3555 219 3634 potant
251 3552 338 3617 bona
369 3551 431 3616 fide
463 3555 640 3636 emptorem
673 3551 715 3615 ab
748 3573 785 3616 eo
819 3551 873 3633 qui
905 3551 971 3612 vim
1002 3547 1115 3612 intulit

149 3665 611 3716 1111011.ι1101011.1011.01.Β101ιοι.
635 3663 695 3715 11‚a.
921 3655 954 3702 16
