2580 3900
79 160 82 165 ’
160 171 224 234 170
237 137 1167 228 111.euncununnunnou.omniumomniumscoue.

148 333 314 399 crederet'.
359 333 415 400 sed
445 333 474 398 ei
500 333 660 418 peculium
688 333 808 399 habeat
832 337 889 399 aut
911 335 946 400 in
968 355 1036 400 rem
1059 355 1167 400 meam

149 444 278 487 versum
303 422 346 487 sit
369 444 409 487 ex
431 443 468 486 eo
487 421 674 488 contrectu¹
696 444 754 489 nec
773 423 951 508 velimque
970 422 1169 507 locupletior

150 511 212 576 sim
249 512 385 593 solvere,
420 511 571 596 replicari
603 511 641 575 de
674 510 748 578 dolo
781 513 866 577 melo
899 516 1036 596 oportet.
1089 534 1169 577 nem

149 599 250 664 videri
275 621 325 664 me
349 599 457 665 dolum
481 601 602 665 malum
625 601 743 684 facere,
770 599 887 686 quiex
911 601 1015 666 aliene
1037 602 1166 666 iactura

150 689 275 754 lucrum
299 710 463 773 quaeram.

155 848 241 930 Quae
267 849 302 913 irc
323 848 469 930 fraudem
491 849 673 914 creditorum
693 847 779 930 facta
800 853 875 915 sunt
895 854 931 915 ot
951 850 1167 917 restituentur.

242 973 292 1038 13.
324 971 363 1037 D.
383 974 436 1056 42,
450 973 479 1056 8,
495 973 524 1058 6,
540 973 592 1038 13.
640 970 801 1056 Ulpianus
830 972 914 1037 libro
942 973 1168 1059 sexagensimo

151 1063 243 1126 sexto
266 1062 308 1126 ad
330 1061 471 1128 edictum
495 1059 545 1148 (P.
561 1059 671 1148 1452).
688 1097 731 1107 —
751 1110 775 1126 ..
800 1061 827 1126 si
850 1062 1050 1128 necessarius
1072 1062 1168 1128 heres

153 1151 262 1234 legate
281 1151 492 1234 praestiterit,
510 1149 623 1214 deinde
640 1150 710 1215 eius
724 1150 811 1216 bone
824 1149 991 1236 venierint,
1009 1149 1167 1216 Proculus

150 1239 206 1323 ait,
220 1240 349 1305 etiamsi
357 1240 580 1324 ignoraverint
589 1239 749 1326 legatarii,
763 1243 873 1304 temen
881 1239 995 1303 utile'm
1004 1239 1168 1305 actionem

152 1328 357 1482 dandii'cn
373 1424 402 1497 e,
418 1423 468 1482 re.
491 1423 496 1432 ·

241 1523 291 1588 14.
314 1521 352 1588 D.
361 1523 415 1604 42,
425 1523 455 1603 8,
466 1524 493 1588 7.
534 1521 653 1587 Paulus
678 1522 758 1587 libro
782 1521 1004 1605 sexagensimo
1025 1522 1166 1588 secundo

150 1612 192 1678 ed
219 1613 358 1677 edictum
380 1607 430 1698 (P.
446 1607 533 1698 741).
559 1647 597 1658 -
624 1609 658 1676 Si
686 1611 813 1676 debitor
838 1611 873 1675 in
895 1610 1042 1675 fraudem
1066 1611 1168 1676 credi·

150 1705 259 1766 torum
277 1701 402 1765 minore
420 1700 524 1785 pretio
543 1700 677 1765 fundum
693 1700 806 1765 scienti
822 1699 962 1784 emptori
975 1699 1167 1784 vendiderit,

151 1789 265 1854 deinde
292 1788 341 1867 hi,
369 1790 484 1873 quibus
513 1788 551 1853 de
578 1789 758 1854 revocando
786 1809 824 1855 eo
848 1788 932 1853 ectio
956 1787 1065 1872 detur,
1093 1810 1168 1853 enm

151 1881 277 1963 petent,
305 1878 486 1961 quaesitum
513 1880 575 1959 est,
604 1900 645 1942 en
673 1878 813 1962 pretium
840 1877 1010 1942 restituere
1039 1877 1168 1943 debent.

151 1966 306 2031 Proculus
321 1966 484 2031 existimet
498 1965 683 2032 omnimodo
697 1965 931 2031 restituendum
944 1987 1014 2030 esee
1024 1965 1170 2052 fundum,

152 2056 282 2120 etiamsi
304 2055 445 2139 pretium
469 2077 536 2121 non
559 2055 713 2121 solvatur.

239 2166 354 2226 Paulus
382 2165 478 2227 addit:
506 2162 549 2228 ‘et
574 2166 753 2246 rescriptum
780 2168 827 2225 est
855 2166 1017 2226 secundum
1044 2165 1169 2227 Proculi

152 2249 353 2316 sententiam'.

585 2357 744 2366 -—-—

351 2510 353 2517 ’
429 2496 469 2580 8.
505 2499 706 2574 Ursulus
740 2501 898 2574 FEROX

244 2647 457 2724 iurisperitus
481 2644 583 2707 Cassio
607 2649 637 2707 et
659 2645 787 2707 Proculo
811 2646 908 2706 minor
930 2635 1033 2722 netu²‚
1059 2643 1172 2720 Sebini,

153 2741 189 2798 ut
212 2736 339 2814 videtur,
364 2736 492 2814 auditor,
514 2736 568 2812 qui
590 2753 650 2796 non
672 2738 736 2795 tem
755 2733 958 2811 respondendo
982 2753 1073 2811 quem
1090 2733 1171 2810 prio-

155 2845 224 2886 rum
247 2826 321 2885 inris
346 2826 551 2885 consultorum
573 2825 725 2901 responsis
749 2823 918 2902 digerendis
938 2841 1059 2899 operum
1078 2821 1172 2884 dedit.

156 2915 241 2973 euius
265 2914 363 2989 operis
393 2932 453 2973 non
477 2915 546 2972 ente
569 2912 696 2972 Neronis
719 2915 864 2988 tempore,
886 2915 922 2972 ut
944 2911 1071 2987 videtur,
1096 2911 1169 2972 edit'

156 3020 251 3078 neque
276 3020 385 3061 nomen
407 3019 505 3078 neque
528 3003 739 3078 argumentum
762 3001 923 3061 memoriae
946 3000 1093 3061 traditum
1116 3004 1172 3060 eet.

155 3083 206 3149 ‘ed
228 3084 380 3149 Urseium'
403 3089 509 3163 libros,
537 3106 664 3165 quorum
686 3089 857 3165 fragmenta
879 3088 911 3147 in
934 3088 1097 3149 Iustiniani
1120 3088 1172 3148 Di-

155 3178 248 3256 gestis
272 3180 392 3238 servete
415 3180 498 3255 eunt,
522 3176 689 3252 composuit
712 3175 831 3236 Salvius
854 3177 997 3238 Iulianus.

229 3335 242 3382 1
265 3329 313 3383 Fl.
335 3328 383 3383 sed
402 3327 426 3382 ei
445 3343 530 3384 exeo
549 3328 635 3383 contr.
655 3327 745 3398 pecul.
764 3327 869 3384 habeut
886 3332 936 3384 cut
953 3329 982 3384 in
1000 3347 1060 3385 rem
1078 3344 1174 3384 mecm

157 3400 373 3526 versuinlidi-licie
397 3486 551 3539 cognomen
569 3485 657 3540 prope
675 3468 826 3525 Patavium
845 3472 875 3524 et
892 3471 994 3527 Tomoe
1018 3473 1048 3525 et
1067 3469 1174 3543 Vespa·

156 3540 228 3597 eleni
248 3540 360 3610 quidem
378 3542 472 3596 aetate
489 3541 635 3611 reperitur.
673 3539 830 3597 Wilmunne
848 3542 896 3596 Ex.
916 3546 995 3597 2683.
1016 3547 1094 3597 2866.
