2590 3902
158 180 229 245 258
246 179 292 234 IV.
306 177 521 234 VESPASIANI
535 177 610 233 ΤΙΤΙ
623 177 817 234 Domuum
830 177 937 232 Tune.
951 175 1047 234 IURIS
1062 176 1165 233 CONS.

160 348 247 410 asset
273 343 306 408 in
335 341 469 408 consilio
496 340 621 406 Duceni
643 341 722 406 Veri
751 342 906 423 consulis,
928 343 1020 406 itum
1046 341 1080 405 in
1108 362 1170 404 sen

158 433 295 497 tentiam
317 452 421 514 suane,
443 435 493 514 ut,
516 453 590 496 eum
607 429 767 502 Otacilius
783 428 920 496 Catulus
941 430 1008 495 filia
1031 451 1070 494 ex
1093 450 1169 494 asse

158 521 280 586 herede
304 519 457 584 instimte
483 519 600 590 liberto
633 520 772 584 ducenta
797 520 944 604 legasset
968 520 1171 603 petissetque

160 611 201 676 ab
225 631 277 693 eo,
298 613 336 673 ut
357 631 396 674 ea
418 609 616 674 concubinae
637 609 739 692 ipsius
758 608 862 692 «bret,
885 612 918 672 et
936 608 1075 673 libertus
1091 609 1171 674 rivo

159 701 314 764 testatore
346 697 536 763 decessisset
565 701 598 760 et
629 697 716 782 quod·
746 697 775 760 ei
806 697 954 762 relietum
982 700 1051 761 erat
1081 695 1172 780 apud

159 787 260 852 filiam
288 786 510 869 remansisset,
538 789 710 871 cogeretur
733 785 800 849 filie
829 784 862 849 id
885 784 1170 850 fideicommissum

160 875 356 942 concubinae
379 874 521 939 reddere.

249 985 335 1056 Quod
349 984 452 1045 Celsus
469 979 650 1062 referebat,
669 1004 736 1043 eum
755 1003 813 1044 non
833 985 918 1063 libro,
937 985 990 1045 sed
1008 985 1077 1046 viva
1094 1003 1168 1046 vcoe

160 1076 265 1135 fecisse
280 1078 414 1151 apparet.
445 1093 504 1134 nen
518 1077 604 1134 caute
616 1073 752 1152 Krueger
764 1094 793 1151 p.
805 1075 867 1135 156
883 1075 919 1133 de
934 1072 1014 1133 Celsi
1027 1073 1168 1150 operibus

160 1165 245 1224 nobis
267 1182 327 1223 non
348 1163 469 1223 traditis
492 1163 544 1224 ait.

491 1332 542 1399 De
564 1334 701 1400 libertate
720 1335 833 1400 relicta.

250 1459 279 1526 3.
303 1458 342 1532 D.
361 1459 412 1539 12,
425 1457 456 1542 4,
470 1458 499 1538 3,
516 1459 544 1522 7.
585 1456 745 1542 Ulpianus
768 1458 851 1524 libro
874 1458 1051 1530 vicensimo
1075 1461 1168 1524 sexto

162 1548 203 1614 ad
226 1547 370 1620 edictum¹
389 1544 438 1633 (P.
459 1544 562 1633 ll2b).
586 1583 628 1592 -
652 1547 725 1614 ..si
748 1569 871 1631 servus,
895 1547 949 1631 qui
971 1549 1169 1615 testamento

161 1636 272 1705 heredi
295 1634 401 1703 iussus
426 1639 496 1699 erat
520 1635 631 1702 decem
653 1635 729 1702 dare
752 1640 785 1699 et
806 1635 889 1699 liber
908 1657 987 1718 esee,
1010 1635 1168 1706 codicillis

161 1746 241 1808 pure
266 1724 451 1790 libertatem
475 1724 598 1808 accepit
622 1725 655 1790 et
677 1724 715 1796 id
734 1725 887 1813 ignorans
911 1723 1035 1792 dederit
1056 1724 1170 1791 heredi

162 1813 285 1896 decem,
316 1834 361 1876 an
389 1815 532 1897 repetere
563 1811 688 1896 possit?
733 1819 766 1878 et
792 1812 892 1881 refert
917 1816 1044 1904 patrem
1074 1835 1172 1884 suurn

163 1899 292 1972 Celsum
316 1900 515 1976 existimasse
537 1904 682 1984 repetere
706 1923 778 1969 eum
801 1923 866 1972 neu
889 1923 993 1990 posse.

453 2075 504 2142 De
525 2078 655 2163 ἀῳοείΐο
678 2082 706 2144 et
726 2079 885 2151 mandate..

250 2201 281 2266 4.
306 2199 344 2265 D.
361 2202 412 2281 Π,
428 2202 456 2285 1,
470 2200 520 2268 39.
565 2199 723 2266 Neratius
742 2201 827 2267 libro
851 2202 988 2286 septirno
1011 2201 1173 2270 Membra

163 2311 278 2353 narum
302 2287 349 2375 (P.
369 2286 435 2375 52).
460 2326 500 2336 -
525 2289 570 2355 Et
592 2289 741 2355 Aristoni
763 2294 796 2355 et
818 2287 913 2356 Celso
936 2290 1023 2374 patri
1045 2290 1171 2374 placuit

164 2383 258 2463 po'sse
284 2399 352 2442 rem
375 2379 436 2444 hec
459 2379 646 2450 condicione
670 2379 785 2464 deponi
808 2380 1057 2463 mandatumque
1081 2377 1172 2466 (con-

164 2465 288 2532 dicione
315 2468 451 2532 fiduciae
481 2467 612 2552 causei)
642 2467 774 2553 suscipi,
801 2475 838 2532 ut
860 2489 912 2532 res
934 2468 1076 2552 periculo
1101 2470 1170 2535 eius

165 2557 208 2621 sit
231 2557 285 2642 qui
304 2557 485 2642 depositum
504 2557 555 2622 vel
574 2557 763 2622 mandatum
781 2554 935 2643 (depositi
954 2556 1005 2623 vel
1023 2557 1170 2623 mandati

163 2643 297 2732 causal)
320 2645 469 2730 suscepit.

251 2757 373 2818 Pernice
396 2758 457 2835 ΙΠ,
482 2759 544 2819 139
568 2778 597 2817 n.
612 2761 640 2818 2;

252 2969 320 3029 Non
333 2970 421 3045 plene
434 2973 669 3046 praetereundus
683 2972 801 3033 ridetur
814 2971 1006 3049 Pompeius
1017 2971 1172 3052 ductus,

164 3057 201 3116 de
225 3076 284 3134 quc
308 3057 436 3117 Martiul.
458 3061 486 3134 7,
505 3061 555 3137 51,
578 3063 663 3122 2-6
687 3061 743 3120 ait:
767 3055 954 3141 ‘Pompeium
977 3080 1101 3140 quaeres
1124 3057 1172 3143 (et

163 3145 244 3204 nosti
274 3137 414 3227 forsitan)
447 3145 590 3223 Auctum3
622 3146 737 3214 Ultoris
768 3149 867 3225 prima
896 3150 1001 3213 Martis
1033 3153 1065 3212 in
1096 3156 1170 3216 cede

165 3232 261 3292 sedet:
291 3233 361 3292 Iure
392 3233 514 3293 madens
546 3236 688 3313 varioque
719 3241 808 3316 togae
835 3239 957 3299 limatus
983 3241 1015 3298 in
1042 3261 1102 3302 usu
1117 3291 1123 3304 .
1140 3291 1169 3305 ..

167 3315 252 3380 Hunc
282 3320 354 3381 lieet
384 3339 403 3380 e
434 3321 548 3384 decima
580 3317 690 3404 (neque
722 3326 800 3388 enirn
833 3329 906 3388 satis
937 3331 1006 3388 ente
1035 3325 1173 3416 secabit)

165 3404 328 3470 sollicites'.
373 3410 410 3472 of.
433 3410 644 3473 Friedleender
664 3413 712 3477 III
730 3436 758 3492 p.
774 3417 838 3478 450
853 3435 894 3494 eq.
