2602 3906
173 205 241 270 458
278 205 312 260 V.
330 203 480 260 NERVAE
499 205 545 260 ET
565 203 717 259 TRAIANI
734 204 841 260 ΤΕΜΡ.
860 204 956 261 Iunis
976 203 1154 260 CONSUL'II

172 375 228 524 qui
251 393 319 454 oum
337 373 514 433 deductione
533 392 623 450 egere
641 373 772 450 iubetur,
795 391 961 433 sermonem
980 391 1042 433 esse
1060 373 1185 434 iudicat.

222 463 274 523 ’.4
326 466 349 524 '.

201 482 231 522 ³¹
264 465 490 649 1181011514,
506 564 556 629 13.
593 563 681 628 Idem
698 561 757 649 (so.
770 560 958 650 Iavolenus)
972 563 1055 628 libro
1070 564 1183 648 quinto

169 652 296 717 decimo
321 674 359 716 ex
378 651 500 718 Cassio.
527 689 565 699 -
597 653 722 718 Vuuutio
744 653 872 734 itemque
894 653 1083 735 immunitus,
1107 675 1184 736 quae

171 741 277 807 tuteris
307 746 337 806 et
361 743 494 823 posteris
524 742 657 806 alieuius
688 741 763 805 duta
791 747 847 825 est,
879 741 923 805 ud
942 759 995 806 'eos
1021 743 1186 807 dumtuuut

165 831 311 914 pertinet,
334 832 389 912 qui
410 832 476 895 eius
498 831 639 909 familiae
660 835 741 896 suut.

260 943 297 1000 of.
315 942 408 1001 Lenel
426 941 522 1001 Ediot.
541 961 569 1017 p.
590 942 663 1001 343.

448 1145 485 1205 V.
513 1145 563 1204 Ex
586 1145 734 1206 Plautio
757 1145 845 1204 libri
868 1145 903 1204 V.

258 1260 392 1321 Iauoleni
430 1255 484 1320 ‘ad
515 1255 684 1320 Plautium’
721 1260 791 1320 libri
824 1260 989 1320 laudantur
1023 1265 1055 1320 11
1085 1260 1182 1322 indico

168 1351 301 1410 Florent.
334 1354 364 1410 et
396 1350 433 1409 D.
452 1352 504 1427 45,
524 1352 553 1426 3,
573 1351 628 1426 34,
664 1351 696 1408 in
727 1349 851 1424 reliquis
882 1349 1073 1428 fragmentis,
1105 1370 1182 1427 quae

168 1458 266 1516 pauoa
294 1442 377 1514 sunt,
407 1438 477 1497 libri
506 1432 553 1498 ‘ex
576 1431 708 1498 Plautio’
731 1438 932 1499 nominantur.
978 1432 1026 1497 ‘ex
1048 1435 1182 1500 Plautio'

168 1529 262 1588 libros
294 1527 355 1587 iam
386 1530 476 1587 antea
502 1527 645 1587 Neratius
678 1531 897 1604 composuerat,
929 1546 1057 1604 quorum
1087 1547 1182 1587 unum

168 1620 290 1676 tantum
316 1617 519 1692 fragmentum
547 1619 631 1676 extat
657 1609 708 1697 (D.
724 1618 753 1692 8,
769 1619 797 1692 3,
813 1618 842 1691 5,
859 1607 901 1697 1).
946 1616 1099 1676 Antonino
1126 1618 1180 1677 Pio

167 1709 222 1764 aut
250 1705 334 1765 Divis
366 1706 511 1766 fratribus
539 1706 756 1780 imperantibus
784 1700 945 1779 (nimirum
970 1708 1040 1781 post
1068 1705 1182 1765 Iuliani

167 1793 361 1872 Digestorum
387 1795 499 1853 librum
521 1794 606 1852 XLII
632 1789 761 1873 editum)
784 1793 966 1870 Pomponius
989 1813 1108 1871 quoque
1130 1789 1181 1854 ‘nd

167 1878 333 1942 PlautIum'
363 1883 410 1943 vel
438 1876 486 1942 ‘ex
508 1878 641 1943 Plautio'
664 1882 756 1942 libros
779 1882 947 1958 composuit
968 1882 1028 1942 VII
1051 1877 1099 1962 (P.
1116 1885 1179 1944 326

166 1964 305 2050 -371);
340 1971 480 2047 denique,
512 1975 645 2048 tempore
674 1992 734 2032 non
764 1972 837 2031 sutis
866 1972 1033 2047 explorato,
1066 1971 1180 2032 Paulus

167 2060 260 2120 libros
274 2059 376 2118 XVIII
387 2052 444 2143 ,(Ρ.
461 2054 703 2142 1071-1246).
741 2060 771 2119 in
787 2060 876 2119 Pauli
893 2060 940 2119 his
959 2059 1044 2120 libris
1058 2063 1181 2137 praeter

167 2149 255 2222 alien,
280 2148 415 2224 inprimis
438 2149 603 2226 Iulianum,
626 2149 790 2209 laudantur
812 2148 994 2224 Pomponius
1018 2141 1066 2228 (P.
1083 2151 1179 2210 1073.

170 2239 264 2298 1140.
291 2239 385 2297 1142.
411 2240 504 2297 1152.
531 2232 746 2316 11611239)
771 2241 801 2297 11
822 2237 981 2298 Iavolenus
1005 2230 1052 2318 (P.
1069 2235 1180 2318 1172),

167 2327 220 2386 111
251 2327 309 2403 111,
336 2330 372 2385 11
402 2345 551 2405 nusquam
582 2326 740 2403 Pomponii
772 2329 826 2385 aut
856 2326 991 2387 Iauoleni
1023 2345 1098 2402 opus
1129 2327 1178 2387 de

167 2416 317 2493 signetur3
349 2417 380 2474 in
407 2415 563 2492 Pomponii
594 2435 664 2476 vero
698 2415 744 2474 his
777 2415 861 2474 libris
889 2416 1025 2475 Iulianus
1057 2415 1178 2493 quidem

165 2505 321 2580 laudatur,
354 2503 406 2564 sed
437 2522 585 2582 nusquam
617 2505 786 2564 Iavolenus
840 2505 871 2562 in
902 2504 1020 2564 Neratii
1051 2505 1178 2582 denique

165 2593 218 2654 illo
249 2595 419 2672 fragmento
447 2594 622 2653 Iauolenum
654 2612 714 2654 non
746 2592 865 2652 laudari
896 2593 1006 2652 mirum
1034 2612 1095 2653 non
1122 2597 1177 2654 est.

165 2684 267 2759 itaque
297 2703 364 2743 oum
388 2703 423 2742 en
446 2683 581 2742 Iauoleni
602 2682 688 2742 libris
711 2682 738 2740 V
761 2701 798 2741 ne
821 2681 931 2757 viginti
953 2681 1075 2758 quidem
1097 2682 1178 2760 frug·

166 2775 275 2847 menta,
296 2771 382 2832 tertii
400 2777 431 2830 11
449 2772 549 2846 quarti
567 2771 636 2831 libri
655 2772 735 2850 bina,
754 2770 851 2848 quinti
869 2790 962 2830 unum
980 2771 1094 2830 tradita
1108 2771 1177 2848 sint,

166 2861 313 2920 librorum
335 2860 450 2919 indoles
473 2879 580 2936 parum
605 2860 804 2938 cognoscitur.
843 2860 920 2919 iliud
942 2863 1022 2920 uerte
1041 2863 1177 2936 apparet,

165 2948 340 3008 Iauolenum
370 2968 431 3008 non
462 2949 549 3008 modo
577 2948 690 3008 Plautii
722 2949 884 3008 sententias
911 2948 1065 3008 rettulisse
1093 2940 1177 3029 (uu’

165 3036 201 3095 D.
218 3038 269 3110 12,
285 3039 313 3113 6,
329 3039 357 3108 4,
381 3036 460 3111 quod
482 3038 607 3096 verbum
631 3037 668 3095 ad
690 3038 843 3096 Plautium
866 3037 977 3097 referre
999 3030 1098 3113 lieet),
1124 3037 1177 3096 sed

164 3143 235 3184 suas
272 3143 389 3202 quoque
422 3125 570 3184 addidisse
602 3117 715 3205 (‘puto’
742 3127 778 3185 D.
800 3128 850 3204 23,
869 3129 899 3201 3,
917 3130 969 3188 47.
1015 3119 1176 3186 ‘existimo’

164 3212 201 3272 D.
216 3216 269 3284 41,
283 3215 313 3290 4,
328 3209 363 3290 4)
392 3218 423 3273 11
450 3215 494 3272 ita
516 3212 649 3290 quidem,
677 3217 712 3272 ut
734 3233 948 3292 nonnunquam
970 3212 1108 3274 Cassium
1131 3233 1176 3275 se·

163 3305 308 3378 queretur
331 3295 478 3380 (Cassius
501 3302 545 3360 ait
564 3346 592 3360 ..
612 3303 731 3362 Paulus.
773 3303 852 3362 idem
875 3303 1034 3364 Iavolenus
1058 3296 1176 3364 scribit’

163 3383 443 3555 Ιλ3411111111111111
478 3477 613 3553 priorum
646 3480 765 3538 tantum
801 3479 946 3540 librorum
984 3481 1175 3558 aliquatenus

162 3569 398 3645 cognoscuntur:
427 3566 523 3641 primo
551 3567 627 3626 libro
650 3567 810 3629 Iavolenus
838 3562 890 3648 (de
917 3571 1107 3629 testamentis
1129 3564 1175 3648 et)
