2580 3900
172 224 213 287 17
217 224 236 287 6
251 223 297 278 111.
310 221 385 279 GAII
395 219 544 276 CLAUDII
553 218 688 276 NERON.
698 217 845 274 GALBAF
855 217 965 273 ΤΕΜΡ.
975 215 1071 274 IURIS
1081 216 1185 274 CONS.

173 387 298 470 legetur
326 389 360 450 et
388 407 427 450 ex
455 406 493 449 ea
519 405 597 448 vasa
625 381 690 447 sint
712 381 800 447 facta
822 381 874 446 vel
896 386 1023 466 contra,
1051 381 1184 449 Cassius

175 474 260 560 apud
283 473 435 540 Urseium
459 473 574 538 scribit
595 471 727 536 interire
749 493 844 536 usum
868 469 1017 557 fructum.

260 563 290 626 4.
313 561 353 628 D.
368 564 397 644 7,
413 564 442 645 1,
455 561 498 626 35
508 586 552 644 pr.
593 559 683 625 Idem
707 557 765 646 (sc.
784 555 945 645 Iulianus)
969 559 1053 626 libro
1076 561 1183 645 primo
1269 639 1271 644 Ι

173 650 214 716 ad
227 649 377 717 Urseium
387 651 539 715 Ferocem
555 647 604 736 (P.
616 646 706 735 887).
720 684 764 696 —
778 647 812 712 si
826 670 903 713 usus
917 649 1041 714 fructus
1055 650 1183 734 legatus

172 743 230 824 est,
254 739 310 804 sed
333 741 426 805 heres
449 740 588 822 scriptus
613 739 654 804 ob
677 738 740 802 hoc
759 737 884 801 tardius
903 737 980 822 adit,
1003 742 1040 803 ut
1058 739 1183 805 tardius

173 829 213 893 ad
237 828 379 913 legatum
402 829 634 912 perveniretur,
656 826 719 892 hoc
743 847 870 910 quoque
892 827 1123 912 praestabitur,
1146 832 1184 894 ut

158 917 292 983 'Sabino
316 917 445 1001 placuit.

259 1005 290 1072 5.
318 1005 398 1073 Ibid.
422 1009 442 1087 ᾗ
463 1007 492 1071 1.
518 1041 555 1054 -
581 1002 667 1069 Usus
695 1003 818 1068 fructus
843 1003 927 1067 servi
950 1004 1030 1068 mihi
1053 1006 1182 1090 legatus

158 1102 220 1161 'est
243 1097 342 1181 isque,
365 1117 438 1160 eum
462 1115 522 1180 ego
545 1093 594 1157 uti
615 1092 679 1156 frui
698 1091 862 1177 desissem‚
885 1093 967 1157 liber
985 1115 1055 1158 esse
1073 1095 1181 1161 iussus

170 1189 228 1249 est
277 1184 391 1249 deinde
414 1204 474 1268 ego
499 1183 540 1248 ab
559 1181 676 1246 herede
700 1181 959 1245 aestimationem
982 1183 1083 1266 legati
1107 1186 1182 1250 tuli:

168 1274 270 1339 nihilo
303 1273 409 1358 magis
442 1294 515 1337 oum
546 1270 684 1335 liberum
719 1269 788 1334 fore
822 1267 961 1334 Sabinus
998 1274 1182 1357 respondit3

169 1384 307 1448 namque
334 1360 437 1426 videri
459 1382 510 1425 me
532 1359 582 1424 uti
604 1358 669 1422 frui
691 1357 837 1442 homine,
866 1381 924 1443 pro
949 1381 1013 1444 quo
1037 1361 1181 1447 aliquam

158 1473 237 1516 rem
264 1451 417 1533 habeam,
444 1447 664 1515 condicionem
693 1453 799 1512 autem
830 1447 898 1512 eius
922 1447 1084 1514 libertatis
1109 1473 1182 1517 ean·

170 1540 242 1605 dem
265 1561 407 1623 manere,
434 1541 541 1602 itaut
564 1537 678 1601 mortis
702 1557 791 1601 meae
816 1541 873 1601 aut
895 1537 1011 1620 capitis
1034 1538 1178 1606 deminu-
1272 1617 1273 1626 ¹

169 1628 267 1694 tionis
290 1629 473 1693 interventu
495 1628 578 1693 liber
599 1625 729 1691 futurus
752 1627 847 1690 esset.

441 1847 489 1904 Dc
505 1850 593 1920 porte
613 1845 778 1905 hereditatis
800 1845 902 1919 leuato.

259 1975 288 2038 6.
312 1971 418 2060 D.30‚
434 1974 507 2058 104,
523 1976 551 2039 7.
588 1973 677 2038 Idem
702 1970 760 2059 (sc.
782 1969 942 2059 Iulianus)
965 1973 1050 2038 libro
1074 1975 1181 2060 primo
1272 1961 1273 2038 s

169 2062 209 2127 ad
238 2061 391 2128 Urseium
422 2063 586 2129 Ferocem.
619 2097 661 2108 —
696 2060 728 2126 si
768 2083 878 2126 socero
917 2083 936 2125 a
969 2082 1086 2146 genero
1122 2087 1180 2130 suo

168 2152 285 2216 herede
317 2151 470 2217 instituto
502 2174 579 2236 pars
611 2150 801 2215 hereditatis
835 2150 892 2214 elii
920 2151 1030 2235 legata
1057 2151 1181 2239 fuisset,
1272 2171 1273 2174 ’

169 2241 305 2306 deducta
332 2239 408 2305 dote
436 2263 508 2305 eum
538 2240 721 2305 debiturum
745 2260 814 2304 esse
837 2241 965 2322 partem
988 2239 1180 2308 hereditatis

160 2331 309 2414 legatam
328 2327 467 2395 Sabinus
490 2329 666 2414 respondit,
689 2327 967 2413 quemadmodum,
991 2329 1019 2392 si
1041 2333 1180 2413 pecunia

168 2441 207 2484 ex
243 2418 355 2484 crediti
391 2441 488 2484 causa
520 2440 631 2484 socero
664 2417 774 2482 debita
803 2416 933 2500 fuisset,
970 2439 1008 2482 ea
1041 2419 1179 2486 deducta

168 2513 293 2592 partem
316 2508 505 2574 hereditatis
529 2508 662 2572 daturus
684 2506 808 2572 fuisset.

481 2728 529 2787 De
550 2729 641 2802 leuato
663 2725 863 2786 condicionali.

257 2856 286 2920 8.
309 2855 348 2920 D.
363 2856 415 2938 30,
431 2855 504 2938 104,
520 2855 548 2919 1.
584 2854 673 2920 Idem
697 2851 755 2940 (sc.
777 2851 937 2937 Iulianus)
960 2851 1044 2916 libro
1067 2852 1176 2936 primo

168 2943 209 3008 ad
235 2942 387 3009 Urseium
415 2942 567 3009 Ferocem
589 2941 639 3021 (P.
659 2941 750 3026 888).
775 2977 812 2988 —
838 2940 876 3005 In
903 2944 1100 3006 testamento
1131 2942 1178 3008 sio

168 3033 238 3095 erat
262 3032 431 3115 scriptum:
455 3030 565 3096 ‘Lucio
585 3030 682 3115 Titio,
704 3033 733 3095 si
755 3030 783 3094 is
806 3028 916 3094 heredi
936 3051 1007 3094 meo
1026 3029 1176 3117 tabellas,

168 3119 284 3203 quibus
317 3120 346 3184 ei
377 3119 546 3202 pecuniam
578 3119 841 3201 expromiseram,
875 3118 1011 3201 dederit,
1044 3123 1175 3185 centum

168 3207 265 3272 dato’.
293 3207 397 3272 Titius
417 3207 529 3272 deinde
549 3210 722 3291 antequam
740 3207 876 3272 tabellas
890 3207 1000 3272 heredi
1017 3207 1176 3293 redderet,

167 3296 375 3363 decesserat.
400 3295 580 3381 quaesitum
615 3305 676 3377 est,
713 3317 755 3359 an
783 3295 894 3359 heredi
926 3297 995 3360 eius
1027 3295 1173 3382 legatum

168 3385 343 3450 deberetur.
384 3382 516 3449 Cassius
539 3383 716 3468 respondit,
738 3384 767 3449 si
789 3384 921 3449 tabulae
940 3384 1087 3470 fuissent,
1110 3407 1177 3451 non

168 3473 290 3551 deberi,
318 3473 394 3557 quia
421 3494 487 3538 non
513 3473 646 3538 redditis
674 3472 726 3538 his
754 3472 821 3538 dies
849 3473 950 3556 legati
978 3494 1045 3538 non
1068 3474 1176 3540 cessit.

258 3582 432 3660 Sequuntur
453 3584 540 3645 haec:
563 3577 710 3644 ‘Iulianus
733 3587 831 3647 notat:
855 3577 891 3644 si’
915 3587 947 3644 et
969 3604 998 3660 q.
1021 3603 1043 3646 s.
