2602 3906
174 205 238 268 518
543 198 818 256 11111111111.

177 367 287 432 eodem
305 369 389 450 agat,
408 366 436 429 si
454 365 539 430 circa
558 366 724 429 columnas
744 367 799 428 aut
817 365 972 428 stationes
988 385 1021 426 se
1036 363 1193 448 occultet,

174 455 275 519 videri
308 455 437 518 latitare
464 458 588 518 veteres
619 453 864 536 responderunt,
897 457 930 517 et
962 473 1056 536 posse
1090 474 1192 538 quem

176 544 328 609 adversus
352 544 489 608 alterum
512 544 651 625 latitare,
675 541 826 606 adversus
851 541 988 606 alterum
1012 563 1087 606 non.

461 701 512 768 De
535 703 595 768 tooo
612 701 736 784 publico
757 701 897 782 fruendo.

265 819 315 882 70.
348 818 387 884 D.
418 820 476 903 47,
510 820 564 903 10,
600 819 654 899 13,
692 818 720 881 7.
774 817 935 901 Ulpianus
971 816 1054 882 libro
1094 818 1194 902 quin·

148 908 383 992 'quagensimo
413 908 549 991 septimo
578 912 617 970 ad
645 905 792 971 edietum.
825 944 862 967 —.-
892 951 922 973 ..
946 905 1195 972 conductori..

175 996 530 1150 {gffiffistinterdietum
557 994 725 1076 dederunt,
759 996 786 1060 ei
813 995 897 1060 forte
925 995 1053 1079 publice
1082 996 1194 1060 locum

573 1247 785 1254 ——oe-u

228 1440 269 1506 II.
301 1438 590 1506 INOERTORUM
614 1437 897 1506 SENTENTIAE
922 1438 977 1504 ΕΤ
1001 1437 1136 1504 LIBRI.

550 1598 580 1666 1.
608 1596 809 1688 Responsa.

263 1757 448 1816 Incertorum
475 1775 619 1832 responsa
641 1757 698 1817 duo
723 1775 833 1835 genera
856 1760 938 1815 sunt:
965 1775 1060 1814 unum
1084 1774 1193 1815 eorum

175 1865 303 1922 quorum
341 1848 478 1905 auctores
514 1866 551 1904 ne
589 1846 740 1906 veteribus
778 1845 897 1921 quidem
933 1843 1006 1903 iuris
1043 1845 1189 1904 consultis

176 1934 286 2010 cogniti
312 1937 405 2012 erant,
425 1935 554 1993 alterum
573 1954 684 2010 eorum,
704 1954 831 2011 quorum
850 1936 987 1992 auctores
1004 1932 1036 1990 in
1050 1935 1189 1993 veterum

176 2023 261 2081 libris
285 2023 400 2081 laudati
423 2022 511 2082 hodie
530 2042 590 2083 non
608 2024 761 2098 adparent.
797 2022 948 2081 interdum
966 2039 1190 2098 responsorum,

175 2131 302 2187 quorum
338 2115 473 2171 auctores
509 2131 568 2170 non
601 2112 774 2190 laudantur,
812 2111 860 2171 vel
896 2109 983 2170 hodie
1013 2113 1068 2168 aut
1105 2114 1188 2170 certo

175 2202 309 2259 statuere
346 2204 399 2259 aut
432 2202 538 2260 saltem
570 2200 703 2260 divinare
735 2202 813 2260 licet.
865 2193 968 2276 ‘quod'
997 2218 1040 2257 ex.
1068 2219 1112 2274 gr.
1144 2193 1188 2258 ‘in

175 2289 374 2367 vectigalibus
397 2289 595 2366 dependendis
619 2282 805 2365 responsum'
831 2306 908 2363 esse,
936 2287 1049 2347 Paulus
1072 2287 1108 2346 D.
1135 2290 1186 2363 33,

177 2381 205 2458 2,
226 2380 266 2438 38
292 2379 510 2454 Responsorum
533 2379 610 2438 libro
629 2379 741 2454 attulit,
766 2378 861 2454 ipsius
879 2395 1054 2452 responsum
1077 2377 1189 2436 haben-

176 2469 245 2526 dum
272 2470 324 2527 est.
367 2467 447 2544 quod
479 2467 662 2543 Papinianus
694 2462 729 2528 D.
755 2470 805 2543 31,
830 2469 869 2527 73
902 2459 1088 2541 ‘responsum
1112 2459 1188 2525 esse'

174 2557 280 2630 tradit,
309 2556 419 2615 Iuliani
449 2574 625 2633 responsum
657 2574 721 2616 esse
757 2556 790 2615 D.
816 2558 866 2633 30,
891 2557 930 2614 82
960 2554 1034 2614 satis
1066 2554 1188 2614 indicet.

176 2647 213 2706 cf.
228 2646 321 2705 Lenel
336 2645 368 2704 P.
383 2645 574 2722 apudPapin.
592 2647 664 2705 309.
687 2646 770 2704 illius
785 2647 904 2704 tantum
918 2643 1035 2722 generis
1046 2661 1189 2720 responsa

175 2737 313 2795 hocloco
332 2734 524 2810 proponenda
543 2752 606 2794 esse
626 2737 758 2812 apparet,
778 2733 891 2793 scilicet
909 2751 985 2808 quae
1004 2751 1064 2792 non
1084 2735 1188 2809 aperte

176 2824 224 2884 vel
247 2822 445 2900 probabiliter
467 2824 641 2897 posterioris
665 2823 783 2882 demum
807 2821 915 2881 aetatis
939 2825 1016 2880 sunt.

265 2912 410 2972 Veterum
433 2929 575 2987 response
597 2931 624 2972 v.
650 2931 741 2988 supra
764 2932 791 2987 p.
812 2912 874 2972 506
891 2929 953 2988 sqq.

512 3121 538 3182 1.
566 3117 622 3182 Ad
645 3119 703 3183 ius
728 3119 853 3184 civile.

548 3241 598 3306 De
620 3245 813 3308 testamentis.

495 3361 542 3420 De
572 3364 634 3434 filio
665 3364 868 3424 eateredoudu

270 3469 309 3533 1?
338 3467 376 3533 D.
399 3469 451 3550 28,
475 3471 504 3550 d,
526 3472 579 3554 43,
602 3472 631 3536 2.
661 3471 780 3538 Paulus
803 3473 887 3536 libro
910 3493 996 3536 nono
1021 3470 1189 3548 Quaestio-

178 3581 266 3622 num.
292 3595 331 3604 -
356 3556 473 3621 Lucius
497 3558 601 3623 Titius
617 3582 689 3624 oum
707 3561 842 3624 haberet
860 3561 945 3625 filios
963 3560 998 3625 in
1017 3565 1189 3644 potestate,
