2590 3902
145 165 211 230 250
236 164 282 220 IV.
297 116 515 218 VEsPASIANI
529 162 604 218 TITI
617 161 813 218 DOMITIANI
828 162 936 219 TEMP.
949 161 1045 218 IURIS
1061 160 1165 216 CONS.

305 373 333 428 1.
366 369 419 427 Ad
443 367 601 428 edictum
624 368 796 427 aedilium
819 367 1006 428 curulium.

230 493 369 554 Priorum
392 493 525 552 eiusdem
548 492 719 569 argumenti
741 492 827 552 libris
846 509 920 551 usus
939 494 994 568 est,
1016 491 1162 550 nimirum

144 581 224 644 Ofilii
241 576 280 662 (Ι,
291 573 450 664 344sqq.)‚
468 580 604 642 Trebatii
618 573 661 663 (p.
672 573 762 660 423),
780 580 930 641 Labeonis
946 572 1000 662 (Π,
1012 583 1074 639 142
1082 577 1162 658 sqq).

143 672 291 748 quomodo
325 671 507 747 posteriores
539 671 575 730 de
608 670 712 730 ecdem
744 670 841 730 edicto
874 669 1037 730 scribentes
1065 668 1162 730 Caelii

144 761 221 820 libro
245 761 293 820 usi
311 763 389 834 sunt,
414 760 450 818 de
468 760 553 819 nullo
576 758 634 818 nisi
657 759 694 818 de
712 758 841 834 Ulpiano
866 758 975 818 scimus
994 749 1046 840 (D.
1062 761 1115 832 21,
1132 763 1161 833 1,

143 851 197 928 38,
213 852 242 909 7.
259 841 328 930 11);
351 868 447 925 neque
465 849 545 908 enim
565 847 724 908 aViviano
743 867 840 924 neque
860 867 878 906 a
896 847 989 906 Paulo
1007 847 1161 908 laudatur.

141 942 298 1015 praeterea
326 937 442 998 Gellius
469 930 515 1018 (4,
535 939 563 1012 2,
583 930 684 1017 3-5)
714 955 750 995 ex
777 935 871 996 Caelii
902 935 980 995 libro
1013 937 1163 1013 quaedam

142 1029 232 1087 affert
254 1030 286 1087 et
307 1027 360 1106 ita,
384 1030 421 1086 ut
442 1026 539 1103 plura,
563 1045 653 1101 quam
676 1025 797 1086 disertis
819 1025 920 1085 verbis
942 1023 1098 1102 indicarit,
1123 1026 1161 1085 de

142 1117 248 1177 eadem
270 1135 302 1176 re
326 1136 362 1175 ex
385 1115 489 1176 eodem
511 1116 595 1174 fonte
617 1114 755 1174 hausisse
778 1113 925 1175 videatur.

431 1285 480 1352 De
502 1287 668 1368 mancipiis
689 1287 868 1352 vendundis.

233 1413 274 1478 1?
305 1411 386 1477 Gell.
400 1411 475 1495 4,2,
491 1412 541 1476 13.
565 1447 607 1458 -
630 1409 706 1476 Non
733 1410 1003 1495 praetereundum
1031 1415 1093 1494 cst,
1125 1411 1160 1476 id

143 1551 177 1568 ..
208 1501 243 1566 in
275 1501 367 1566 libris
398 1503 544 1566 veterum
576 1499 655 1564 iuris
687 1501 864 1584 peritorum
894 1499 1050 1583 scriptum
1078 1521 1161 1585 esse,

142 1592 290 1656 morbum
324 1594 356 1654 et
386 1589 501 1654 vitium
532 1588 667 1669 distare,
699 1589 785 1673 quod
812 1586 927 1653 vitium
955 1592 1160 1673 perpetuum,

142 1680 274 1744 morbus
297 1700 370 1743 cum
394 1697 524 1742 accessu
547 1676 744 1762 decessuque
768 1678 818 1742 sit

232 1769 262 1832 2.
293 1765 340 1833 Id.
353 1768 385 1851 4,
394 1769 424 1847 2,
436 1767 531 1832 3-5.
551 1803 588 1812 —
606 1763 735 1831 Caelius
747 1764 887 1832 Sabinus
901 1766 937 1830 in
952 1765 1047 1850 libro,
1062 1788 1160 1850 quem

143 1857 181 1921 de
219 1855 325 1920 edicto
362 1856 514 1920 aedilium
547 1855 708 1920 curulium
741 1855 936 1940 composuit,
973 1853 1161 1920 Labeonem

142 1944 254 2022 refert,
297 1945 373 2028 quid
414 1949 498 2008 esset
536 1942 682 2026 morbus,
723 1943 811 2008 hisce
848 1943 956 2008 verbis
994 1943 1157 2009 definisse:

142 2032 287 2098 ‘morbus
310 2038 361 2097 est
380 2032 513 2096 habitus
531 2033 685 2116 cuiusque
704 2033 847 2115 corporis
867 2036 980 2097 contra
998 2035 1161 2117 naturam,

142 2123 197 2206 qni
224 2143 319 2186 usum
347 2121 415 2185 eius
442 2121 522 2185 facit
549 2119 761 2186 deteriorem'.
812 2121 867 2184 sed
891 2118 1046 2186 'morbum
1074 2120 1159 2186 alias

141 2213 176 2275 in
199 2212 271 2275 toto
295 2231 430 2294 corpore
454 2209 596 2274 accidere
620 2209 707 2288 dicit,
730 2210 811 2274 alias
835 2211 869 2273 in
891 2215 983 2294 parte
1003 2211 1160 2293 corporis.

142 2300 243 2364 totius
272 2298 417 2384 corporis
445 2299 593 2365 morbum
623 2319 706 2382 esse,
733 2298 837 2364 veluti
865 2300 908 2364 sit
936 2297 1077 2382 phthisis
1101 2304 1161 2364 aut

144 2387 256 2472 febris,
282 2388 386 2472 partis
410 2391 532 2470 autem,
559 2387 660 2453 veluti
683 2388 727 2452 sit
750 2387 889 2453 caecitas
913 2392 970 2452 ant
991 2388 1083 2470 pedis
1107 2389 1160 2452 de-

142 2476 265 2542 bilibus.
312 2477 419 2542 buibrcs
445 2481 561 2556 autem,
586 2476 705 2561 inquit,
731 2481 761 2542 et
785 2481 897 2560 atypus
922 2477 1027 2542 vitiosi
1057 2478 1160 2560 maqis

142 2587 237 2648 quom
254 2567 388 2632 morbosi
405 2571 487 2650 sunt,
504 2571 534 2631 et
545 2586 640 2648 equus
656 2567 789 2632 ucordux
807 2570 862 2630 aut
878 2566 1004 2631 calcitro
1021 2567 1160 2651 uitiosus,

141 2677 205 2721 noa
223 2657 381 2722 morbosus
398 2661 450 2722 est.
486 2657 540 2720 sed
555 2657 607 2721 cui
623 2655 745 2720 corbos
762 2659 814 2739 est,
830 2655 911 2720 idem
924 2655 1018 2719 etium
1030 2656 1161 2722 vitiosus

142 2751 196 2810 est.
237 2766 333 2828 neque
354 2747 390 2810 id
410 2749 513 2810 umen
534 2749 641 2810 conto
662 2747 714 2828 pit
731 2749 833 2828 potest
854 2745 936 2809 enim
958 2745 1014 2826 qui
1035 2744 1163 2810 virosus

142 2839 199 2916 esi,
237 2855 300 2899 con
336 2834 493 2899 morbosus
522 2853 592 2899 asse.
646 2833 840 2916 quamobrem
871 2853 941 2897 cum
964 2833 1008 2897 'dc
1038 2832 1162 2898 lumine

142 2921 279 2986 morboso
311 2926 432 3005 apetm,
464 2942 570 3006 aeque,
596 2922 718 3006 inquit,
749 2924 795 2987 itu
821 2922 955 2988 occur:
980 2926 1095 3004 quanto
1123 2921 1161 2987 ob

141 3011 178 3074 id
197 3011 309 3074 uitium
331 3011 463 3075 minoris
484 3012 533 3074 sit.

234 3098 264 3162 3.
297 3097 335 3162 D.
360 3098 616 3182 21,1,14,10.
662 3097 824 3181 Ulpianus
861 3099 945 3164 libro
978 3099 1084 3184 primo
1117 3099 1160 3163 ad

143 3186 284 3250 edictum
313 3187 465 3250 aedilium
493 3186 661 3251 curulium.
687 3222 725 3234 —
752 3185 787 3252 si
810 3187 1004 3253 nominatim
1027 3188 1159 3252 morbus

143 3277 296 3357 exceptus
319 3295 386 3339 non
410 3275 461 3352 sit,
484 3275 560 3339 talis
578 3279 688 3339 tamen
707 3275 838 3340 morbus
857 3277 909 3355 sit,
931 3277 987 3360 qui
1006 3276 1159 3342 omnibus

143 3363 251 3446 potuit
275 3384 442 3448 apparere,
465 3368 500 3428 ut
517 3368 597 3447 puta
615 3385 727 3428 caecus
745 3365 842 3430 homo
862 3366 1004 3449 venibat,
1027 3369 1085 3429 ant
1104 3365 1160 3450 qni

143 3451 325 3516 cicatricem
358 3452 539 3518 evidentem
571 3456 604 3517 et
631 3453 848 3537 periculosam
872 3454 1019 3520 habebat
1045 3455 1097 3519 rel
1123 3455 1160 3518 in

145 3539 251 3624 capite
285 3541 336 3606 rel
367 3541 402 3605 in
435 3541 500 3608 elia
528 3545 622 3627 parte
649 3543 808 3627 corporis,
839 3543 907 3608 eius
935 3543 1065 3609 nomine
1092 3563 1160 3608 non
