2590 3902
157 193 223 257 346
260 193 293 248 V.
312 191 461 248 NERVAE
480 193 528 248 ET
546 192 698 248 TRAIANI
714 191 819 249 TEMP.
837 192 933 249 IURIS
952 192 1132 249 CONSULTI

157 381 210 422 aus
234 363 301 421 dem
323 363 396 421 kurz
419 363 528 422 vorher
551 365 721 440 genennten
743 361 887 422 Neratius
911 358 1168 440 abgeschrieben?

155 451 280 511 Pernice
303 444 347 510 Π2
370 471 398 527 p.
414 453 478 512 436
503 472 530 510 n.
547 453 575 512 3.

551 623 601 690 De
622 625 771 690 societate.

244 749 294 814 35.
327 749 367 814 D.
389 750 437 828 17,
457 750 487 832 2,
506 749 558 827 52,
579 750 628 814 17.
673 747 763 812 Idem
792 747 850 835 (sc.
875 746 1050 838 Ulpianus)
1080 750 1166 816 libro

153 838 345 923 trigensimo
368 838 473 922 primo
498 837 539 902 ad
562 838 701 902 edictum
720 833 770 924 (P.
784 836 888 923 922⁰).
906 873 949 885 -
970 838 1094 904 Ibidem
1118 841 1168 904 ait

153 923 212 1015 (sc.
230 922 407 1012 Neratius),
426 927 549 992 socium
568 927 711 991 omnium
734 927 893 991 bonomm
913 949 978 993 non
996 929 1071 1014 cogi
1089 951 1167 994 con·

153 1019 238 1082 ferre
262 1037 342 1100 quae
366 1038 405 1080 ex
428 1015 601 1099 prohibitis
624 1016 730 1081 causis
753 1015 950 1099 adquisierit.

242 1107 293 1171 36.
318 1105 355 1170 Ι).
370 1107 401 1184 2,
416 1107 468 1189 14,
481 1105 523 1169 27
532 1126 578 1188 pr.
614 1104 734 1169 Paulus
753 1105 836 1170 libro
853 1105 949 1170 tertio
964 1105 1007 1170 ad
1020 1105 1162 1172 edictum

152 1191 202 1282 (P.
224 1190 322 1281 127¹).
344 1230 387 1241 -
412 1192 447 1258 Si
474 1215 556 1258 unus
579 1215 618 1258 ex
642 1193 835 1279 argentariis
859 1193 954 1259 sociis
978 1215 1051 1260 curn
1074 1195 1161 1260 debi-

152 1288 223 1348 tore
260 1287 373 1366 pactus
410 1283 465 1366 sit,
502 1303 544 1346 an
580 1282 680 1346 etiarn
717 1282 810 1347 alteri
843 1286 960 1347 noceat
992 1283 1162 1368 exceptio?

152 1371 306 1438 Neratius
329 1371 501 1436 Atilicinus
520 1369 685 1454 Proculus,
704 1392 762 1436 nec
786 1371 814 1435 si
835 1371 870 1435 in
888 1392 955 1436 rem
974 1375 1088 1456 pactus
1108 1373 1163 1454 sit,

152 1462 246 1526 alteri
274 1481 403 1543 nocere3
435 1463 570 1524 tentum
590 1459 676 1524 enim
705 1460 931 1543 constitutum,
958 1463 995 1526 ut
1023 1461 1162 1528 solidum

152 1550 235 1615 alter
257 1552 367 1634 petere
389 1549 503 1634 possit
540 1549 626 1613 idem
649 1547 767 1614 Labeo.

239 1643 275 1703 ef.
298 1643 366 1702 111
391 1647 490 1718 per.
583 1675 596 1702 .

515 1814 565 1881 De
587 1816 655 1879 iare
676 1816 802 1881 dotium.

239 1939 292 2004 37.
312 1938 351 2003 D.
362 1939 414 2019 23,
429 1939 459 2022 3,
469 1940 498 2022 5,
509 1939 539 2004 6.
576 1937 736 2022 Ulpianus
751 1940 834 2004 libro
849 1939 1040 2026 trigensimo
1054 1940 1161 2024 primo

150 2027 190 2092 ad
210 2025 363 2092 Sabinum
383 2025 433 2112 (P.
447 2023 572 2114 27510).
596 2062 641 2073 —
665 2024 700 2092 Si
723 2031 815 2120 pater
839 2030 919 2110 [non
942 2029 1035 2114 quasi
1057 2036 1161 2114 pater,

150 2115 218 2197 sed]
252 2117 314 2180 alio
343 2114 452 2180 dotem
480 2116 690 2200 promittente
718 2115 877 2182 fideiussit
904 2122 937 2182 et
963 2117 1056 2202 quasi
1083 2118 1160 2183 fide-

150 2206 258 2270 iussor
290 2204 435 2286 solverit,
472 2203 624 2269 Neratius
658 2204 706 2269 ait
735 2225 801 2270 non
833 2228 902 2271 esse
934 2205 1159 2290 proiecticiam

149 2294 272 2377 dotem,
306 2294 453 2378 quamvis
481 2300 573 2377 pater
602 2313 729 2358 servare
757 2315 777 2358 a
803 2317 858 2360 reo
886 2295 918 2360 id
947 2293 1033 2380 quod
1061 2297 1160 2362 solvit

149 2404 215 2448 non
237 2383 350 2468 possit.

238 2490 290 2556 38.
312 2487 394 2554 Ibid.
412 2491 432 2570 ξ
447 2488 478 2554 8.
496 2525 540 2536 -
559 2487 595 2554 Si
612 2489 696 2555 filius
715 2489 857 2554 familias
876 2494 1044 2556 mutuatus
1058 2491 1159 2556 credi-

148 2584 252 2645 torem
280 2579 454 2664 delegcvit,
481 2584 520 2642 ut
547 2577 639 2643 daret
661 2601 720 2662 pro
743 2579 811 2642 filia
834 2578 957 2664 dotem,
985 2581 1036 2644 vel
1059 2581 1159 2645 etiam

148 2669 217 2753 ipse
243 2667 367 2752 accepit
390 2672 423 2732 et
445 2667 545 2752 dedit,
572 2667 674 2733 rideri
698 2667 806 2733 dotem
829 2668 870 2732 ab
895 2689 954 2733 evo
977 2667 1160 2754 profectam

148 2755 300 2823 Neratius
329 2757 376 2821 eit
402 2757 572 2839 hactenus,
599 2762 757 2842 quatenus
781 2779 859 2822 avus
883 2759 967 2821 esset
989 2756 1158 2824 dotaturus

147 2851 278 2929 neptem
302 2867 407 2931 ruan13
430 2845 463 2909 id
486 2846 571 2910 enim
594 2845 628 2909 in
652 2868 719 2911 rem
744 2845 796 2911 avi
819 2843 920 2910 videri
942 2867 1080 2911 versum.

237 2952 290 3017 39.
317 2950 356 3014 D.
371 2952 423 3034 23,
438 2952 468 3036 3,
483 2953 535 3017 20.
580 2951 700 3017 Paulus
728 2952 812 3017 libro
836 2951 975 3036 septimo
999 2953 1041 3017 ad
1063 2951 1157 3019 Sabi·

147 3061 224 3104 num
243 3037 292 3126 (P.
310 3040 418 3124 1756).
443 3074 484 3086 -
509 3039 652 3104 Iulianus
676 3041 789 3106 scribit
810 3042 918 3106 valere
936 3041 1037 3106 telem
1056 3043 1158 3126 stipu-

147 3127 301 3192 lationem
325 3127 409 3192 ‘cum
433 3128 589 3212 morieris,
612 3129 697 3193 dotis
720 3130 850 3194 nomine
873 3133 925 3195 tot
943 3129 1055 3213 darii,
1079 3133 1158 3216 qnia

148 3220 181 3280 et
212 3217 332 3300 pacisci
364 3215 501 3299 soleant,
534 3237 574 3280 ne
607 3239 627 3282 a
655 3217 729 3282 viva
756 3215 928 3302 exipatur1.
978 3218 1063 3303 quod
1090 3242 1157 3288 non

147 3327 218 3370 esse
241 3304 345 3369 simile
369 3303 491 3389 accepi3
514 3305 601 3370 eliud
625 3309 673 3369 est
694 3307 779 3372 enim
798 3307 926 3373 differre
945 3309 1156 3394 exactionem,

147 3394 235 3460 aliud
267 3394 308 3458 ab
340 3393 434 3458 initio
466 3393 501 3457 in
533 3394 566 3458 id
597 3398 723 3479 tempus
757 3395 918 3480 stipulari,
951 3418 1015 3481 quo
1043 3399 1156 3463 matri·

224 3575 238 3623 1
260 3569 307 3625 Fl.
326 3568 498 3625 exhibeatur.
