2614 3912
425 211 449 259 6.
472 203 680 261 IAVOLENUS
698 203 847 260 PltlSCUS
1074 204 1139 269 401

127 373 180 434 ubi
202 372 276 432 haee
298 373 453 448 leguntur:
482 367 637 433 ‘Iavolenu
665 391 701 431 ex
723 372 826 433 Cassio
853 372 954 452 βιβλία
976 369 1140 443 δεκαπέντε,

128 461 277 538 epistolon
305 460 405 540 βιβλία
433 456 638 542 δεκατέσσαρα,
666 461 704 520 ad
726 461 879 522 Plautium
907 461 1007 541 βιβλία
1034 456 1139 524 πέντε]

128 550 199 610 libri
223 569 258 610 ex
280 550 427 611 Labeonis
450 550 665 626 posterioribus
689 545 847 626 eom‘positi
868 552 949 626 apud
968 551 1143 612 Iauolenum

126 658 187 700 uon
205 639 380 714 laudantur3
399 639 561 699 laudantur
579 639 655 698 falso
674 638 755 715 apud
768 638 938 699 Labeonem
952 631 1141 721 (marmor

127 728 330 804 posteriorum
352 727 453 807 βιβλία
476 719 587 809 ds'uu’),
612 746 700 804 quem
722 746 783 788 non
805 729 914 801 desem,
938 730 990 788 sed
1014 729 1140 805 quadra·

25 881 26 886 ,
126 817 215 894 ginta
237 817 301 876 fere
323 815 416 877 libros
438 817 596 894 reliquisse
619 817 744 876 oonstat.
781 815 896 894 v.11,1
921 837 948 893 p.
966 819 1038 877 160.

376 1028 399 1088 Ι.
431 1029 499 1089 Res
522 1029 558 1089 in
581 1032 761 1091 conventu
783 1032 895 1091 aetas.

156 1219 161 1230 ,
216 1147 255 1214 Ι).
274 1149 328 1231 40,
346 1148 377 1234 2,
395 1148 424 1213 5.
478 1148 622 1215 Iulianus
655 1149 766 1214 eodem
796 1148 880 1214 libro
913 1145 969 1235 (se.
1004 1149 1138 1233 quadra·

126 1236 275 1325 gensimo
303 1236 443 1302 seeundo
470 1234 696 1324 Digestorum)
722 1235 773 1325 (P.
793 1235 882 1324 586).
906 1273 948 1284 -
971 1235 1025 1301 An
1054 1237 1138 1321 apud

126 1350 161 1394 se
181 1325 409 1392 manumittere
427 1327 533 1411 possit
549 1327 578 1391 is
597 1327 652 1412 qui
671 1327 840 1392 eonsilium
858 1327 1022 1411 praebeat,
1042 1346 1138 1410 saepe

126 1415 310 1501 quaesitum
334 1419 393 1481 est.
434 1434 495 1500 ego
518 1415 574 1500 qui
597 1416 815 1481 meminissem
836 1414 1025 1481 Iauolenum
1047 1436 1138 1499 prae·

126 1508 291 1590 captorem
317 1524 424 1568 meum
448 1507 481 1568 et
503 1503 537 1567 in
560 1503 673 1570 Africa
697 1508 729 1570 et
752 1505 786 1569 in
809 1501 905 1589 Syria
928 1525 1038 1570 servos
1061 1525 1137 1570 suos

126 1592 368 1673 manumisisse,
392 1615 464 1658 eum
488 1593 658 1658 eonsilium
680 1593 917 1678 praeberet...

219 1719 285 1782 Gai
311 1725 343 1797 1,
368 1722 419 1782 18.
444 1724 494 1783 19.
520 1715 618 1792 ‘Quod
632 1767 639 1782 .
654 1769 661 1781 .
675 1723 712 1782 de
740 1725 841 1782 aetate
866 1721 944 1782 servi
966 1721 1138 1800 requiritur,

126 1811 196 1888 legs
221 1809 309 1870 Aelia
332 1809 434 1870 Sentis
459 1811 665 1870 introductum
688 1814 742 1871 est.
788 1830 857 1871 nam
880 1810 987 1870 salex
1008 1811 1138 1870 minores

124 1899 210 1960 XXX
232 1917 378 1959 annorum
401 1917 503 1961 servos
526 1918 586 1959 non
608 1900 697 1960 aliter
719 1900 816 1961 voluit
838 1899 1039 1960 manumissos
1058 1900 1137 1960 uiues

125 1989 276 2048 Romanos
308 1987 385 2066 fieri,
418 2007 508 2066 quam
540 1989 566 2048 si
598 1989 731 2048 vindicta
763 1989 843 2065 apud
874 1988 1031 2049 eonsilium
1058 1988 1139 2048 iusta

124 2095 217 2138 causa
243 2077 484 2137 manumissionis
512 2077 690 2155 adprobata,
716 2077 838 2137 liberati
863 2077 977 2137 fuerint
1068 2096 1138 2137 oon·

126 2166 230 2227 silium
256 2169 356 2225 autem
380 2165 564 2228 adhibetur.
589 2165 672 2227 ..in
694 2166 878 2243 provinciis.
898 2211 905 2225 .
923 2165 1032 2245 viginti
1054 2186 1138 2227 recu·

56 2259 64 2266 “
125 2257 300 2331 paratorum
327 2255 437 2316 uirium
460 2255 676 2333 Romanorum,
700 2255 789 2332 idque
811 2255 846 2315 fit
867 2255 974 2316 ultimo
998 2255 1045 2314 die
1068 2274 1137 2316 aon·

125 2345 277 2404 ventus..
293 2337 310 2401 .'

500 2467 539 2528 Π.
568 2468 761 2545 Responsa.

214 2591 388 2654 Iauolenum
428 2593 475 2653 ius
516 2593 603 2653 oivile
643 2592 761 2670 publius
797 2589 983 2667 respondisse
1020 2591 1135 2651 Plinius

123 2682 280 2758 sp.6,15
311 2681 445 2742 tradidit.
490 2681 569 2758 quod
594 2682 627 2741 in
654 2680 896 2757 inscriptionibus
923 2680 999 2755 illis,
1027 2679 1135 2758 quibus

123 2770 290 2848 officiorum
308 2769 443 2830 Iauoleni
465 2771 576 2831 mentio
599 2770 643 2843 fit,
665 2770 738 2829 iuris
761 2769 889 2830 consulti
910 2787 1019 2830 nomen
1042 2768 1135 2845 deest,

123 2847 153 2920 ei
183 2862 289 2935 postea
320 2858 440 2918 demum
471 2860 519 2920 ius
546 2858 745 2937 respondendi
773 2858 876 2918 datum
905 2877 970 2918 esse
997 2857 1137 2935 Krueger

122 2969 153 3025 p.
169 2949 232 3008 162
256 2966 284 3008 n.
301 2950 363 3009 129
391 2947 456 3008 iure
478 2947 599 3009 videtur
621 2947 763 3009 conicere.
808 2947 888 3006 inter
909 2965 959 3008 eos
987 2947 1039 3023 qui
1066 2964 1136 3007 oon·

123 3036 272 3112 sulebant,
295 3037 387 3097 etiam
409 3037 604 3114 magistratus
623 3037 717 3097 fuisse
734 3036 800 3114 ipse
818 3037 854 3095 D.
870 3038 922 3112 40,
937 3038 966 3109 2,
981 3037 999 3096 5
1019 3039 1135 3097 narrat:

122 3119 317 3202 ‘quibusdam
343 3127 531 3201 praetoribus
559 3125 783 3186 consulentibus
803 3120 976 3200 ...suasi'‚
1004 3128 1034 3185 et
1061 3125 1135 3185 iuris

122 3213 237 3291 peritos
269 3233 388 3299 quoque
420 3215 495 3275 alios
526 3217 575 3276 vel
606 3215 680 3276 iuris
708 3214 857 3275 studiosos
884 3234 943 3274 non
970 3233 1039 3274 raro
1068 3233 1136 3273 eum

122 3303 309 3364 cousuluisse
333 3321 369 3363 ea
390 3305 533 3382 probant,
561 3323 636 3383 quas
659 3304 695 3365 D.
711 3305 740 3379 8,
755 3306 784 3378 4,
801 3305 828 3364 5.
852 3304 904 3378 41,
919 3306 948 3377 2,
964 3305 1015 3378 23,
1030 3305 1059 3362 2.
1082 3304 1136 3382 42,

123 3392 383 3470 b,2ssleg1mtur.
423 3392 459 3453 of.
480 3391 617 3472 Krueger
639 3413 668 3469 p.
684 3395 756 3453 162.
779 3392 831 3469 qui
853 3392 1055 3467 consulebant,
1074 3410 1135 3451 non

122 3480 213 3541 modo
231 3481 433 3556 proferebant,
451 3474 543 3559 ‘quod
557 3481 800 3557 praeceptoribus
813 3480 874 3539 tuis
887 3475 997 3556 plaset’
1033 3480 1068 3538 D.
1083 3481 1136 3556 42,

124 3571 155 3646 b,
171 3559 239 3652 28),
259 3571 312 3631 sed
331 3571 422 3631 etiam
440 3570 520 3648 quod
535 3570 668 3630 Labeoni
686 3571 740 3628 sut
753 3568 880 3628 Proculo
899 3568 999 3645 placet
1034 3567 1068 3627 D.
1084 3569 1136 3643 50,

180 3677 278 3728 Iutlspr.
291 3678 410 3720 sutehadr.
423 3678 474 3720 rell
483 3678 518 3719 ed.
527 3678 625 3719 Brome:
650 3677 681 3729 Π,
692 3678 710 3718 2.
888 3669 922 3719 26
