2570 3904
1082 232 1133 288 XV

118 399 213 474 1542,
228 397 302 456 dnm
320 396 492 458 Florentiae
510 400 654 476 moratur,
672 418 691 459 o
708 397 816 460 Oosmo
829 399 952 478 Medios,
966 401 1133 463 Tuscorum

117 488 205 562 duee,
229 487 462 566 impetraverat,
490 489 527 547 nt
548 487 648 547 oodioe
671 487 847 549 Florentino
870 490 916 548 uti
940 489 998 550 sibi
1018 489 1132 572 liceret

117 575 310 638 adiutoribus
338 574 450 636 Ioanne
478 577 600 637 Metello
632 579 664 636 et
690 576 792 637 Laelio
821 579 977 653 Taurello,
1008 582 1133 658 propter

115 665 251 785 legendil
275 664 484 725 difficultatem
521 666 613 726 etiam
649 666 760 744 Angeli
790 667 934 728 Politiani
964 668 1051 730 libris
1082 671 1133 730 ad-

115 755 231 815 hibitis.
527 750 529 758 ‘

207 843 297 904 Anno
325 844 410 904 1574
438 843 619 905 Iohannes
641 843 882 924 Wolfgengns
905 846 1131 909 Freimonins

117 935 254 996 Bavares
282 924 542 1015 (1546-1610)
571 952 589 993 e
621 933 762 1010 Donello,
791 927 954 996 Valentino
981 936 1132 1014 Porsiere,

117 1023 244 1083 Nieolao
268 1021 404 1096 Oisnero,
427 1021 559 1082 Iohanne
581 1022 730 1083 Fiehardo
758 1024 880 1084 adiutus
902 1018 1132 1102 ‘symphoniam

118 1112 194 1172 iuris
217 1111 378 1188 utriusque
400 1105 651 1189 chronologicum'
676 1111 783 1186 edidit,
805 1131 888 1189 qua„
904 1116 941 1174 ut
962 1114 1024 1174 alia
1045 1134 1131 1190 pree·

117 1205 242 1276 teneam,
266 1219 335 1260 enm
355 1200 553 1276 imperatores
576 1200 645 1260 inde
670 1220 688 1260 a
711 1199 837 1261 Cessero
861 1219 956 1280 usque
980 1203 1018 1264 ed
1040 1203 1131 1264 Iusti·

117 1291 243 1352 nianum
263 1307 424 1368 eorumque
444 1289 683 1367 constitutiones,
691 1292 757 1350 tum
771 1290 1000 1352 iurisconsultos
1014 1311 1130 1352 eornm·

118 1401 176 1463 que
223 1380 319 1440 libros
355 1379 464 1440 aetatis
500 1378 616 1439 ratione
657 1379 762 1439 habite
804 1379 950 1456 separatis
989 1399 1132 1441 versuum

118 1471 266 1534 columnis
289 1473 320 1530 et
342 1467 491 1545 disposuit
513 1470 545 1528 et
566 1468 762 1544 comparauit,
783 1468 931 1530 librorum
952 1469 1131 1546 fragmentis

118 1581 194 1639 quae
221 1560 254 1620 in
275 1558 409 1638 Digestis
436 1561 557 1618 servata
582 1559 654 1617 sunt
679 1551 847 1618 indioetis.²
899 1576 960 1636 qno
985 1577 1022 1619 ex
1044 1577 1131 1635 opere

120 1648 348 1727 diligentissime
371 1646 536 1722 composito
559 1645 597 1706 ad
617 1645 695 1706 hano
714 1646 881 1708 doctrinam
898 1649 1029 1708 multum
1048 1648 1131 1709 utili·

120 1739 194 1800 tatis
217 1736 398 1797 redundasse
422 1738 550 1796 constat

207 1824 371 1904 Augustini
384 1827 475 1900 atque
490 1823 603 1885 Cniaoii
619 1825 821 1900 praeceptoris
839 1824 975 1902 vestigiis
988 1825 1131 1886 insistens

117 1915 269 1977 Iaoobns
296 1913 444 1975 Leotius
472 1906 732 1993 (1560-1611)
759 1916 896 1976 a.1592
924 1916 961 1974 ad
989 1914 1131 1976 Modesti·

117 2025 189 2066 nnm
207 2005 246 2064 de
268 2002 380 2080 poenis,
403 2002 509 2062 deinde
527 2020 554 2064 a.
576 2003 659 2063 1601
680 2003 717 2062 de
736 2001 801 2062 vite
819 2005 851 2064 et
869 2003 988 2080 seriptis
1007 2003 1132 2064 Domitii

117 2093 241 2171 Ulpiani
250 2094 414 2153 tractatum
424 2091 554 2169 scripsit
569 2091 601 2150 in
610 2090 713 2151 eodem
723 2091 892 2152 studiosum
901 2111 1011 2169 genere
1021 2093 1132 2154 versati

16 2193 17 2206 ¹
119 2187 188 2243 sunt
206 2183 318 2259 plures,
336 2181 369 2240 in
382 2180 430 2240 his
444 2180 652 2241 Ednsnndus
672 2180 855 2242 Merillius
870 2175 1131 2262 (1579-1647),

16 2269 17 2298 l
120 2272 170 2348 qui
202 2271 240 2331 de
268 2270 358 2330 Pauli
389 2269 474 2330 libris
505 2269 692 2329 Manualium
724 2273 755 2330 et
786 2270 822 2330 de
850 2269 1018 2331 callistrati
1043 2270 1130 2331 libris

17 2359 18 2362 ’
120 2360 335 2431 Quaestionum
357 2359 532 2435 disputavit

17 2435 18 2468 ¹
206 2449 381 2526 nequens
399 2449 518 2508 saeculo
535 2447 639 2508 xvm
656 2447 836 2508 serenam
854 2441 1129 2532 wieling(1693

120 2531 266 2619 -1746)
285 2537 449 2613 pleniorem
467 2537 595 2598 indioem
614 2555 641 2598 e.
661 2540 746 2598 1727
766 2538 860 2597 edidit
878 2538 921 2598 sio
938 2537 1129 2612 inscriptum:

119 2621 371 2704 ‘Iunisprudentio
387 2626 539 2707 restituta,
557 2626 621 2687 sive
639 2625 728 2684 index
744 2626 972 2703 chronologicus
986 2625 1017 2683 in
1031 2626 1131 2684 totum

116 2716 194 2776 iuris
225 2715 402 2776 Iustinianei
434 2733 555 2791 eorpus,
593 2714 632 2773 ad
668 2713 789 2773 modum
816 2712 876 2773 Iao.
902 2711 1032 2789 lubitu,
1059 2713 1131 2776 Ant.

117 2805 284 2882 Augustini
311 2807 342 2864 et
364 2803 477 2882 Wolfg.
500 2801 687 2881 Freymonii,
713 2820 792 2863 nova
818 2805 920 2861 tamen
943 2803 974 2861 et
996 2801 1131 2863 faciliore

117 2893 260 2954 methodo
283 2887 445 2954 oolleotus'.
488 2892 595 2952 deinde
617 2893 777 2969 postquam
798 2890 976 2952 Henrieus
999 2891 1131 2953 Breue-

116 3001 222 3043 mann
250 2982 512 3043 Roterodamensis
535 2971 807 3064 (11186--17311)8
832 2984 924 3058 atque
950 2981 1131 3042 Iohannes

117 3071 262 3132 Salomo
284 3071 486 3148 Brunqnell
509 3062 917 3153 (1693-1735),qu0rum
934 3070 986 3130 ille
1005 3070 1042 3130 de
1060 3069 1130 3132 enisi

116 3159 148 3219 in
166 3160 302 3238 Digestis
321 3159 491 3232 exercenda,
511 3159 559 3219 hio
578 3159 615 3219 de
632 3159 760 3220 historia
778 3159 852 3221 iuris
870 3159 982 3237 optime
1004 3159 1130 3218 meritus

118 3253 171 3325 set,
195 3249 245 3310 sel
268 3249 305 3308 de
327 3248 523 3309 restituendis
540 3251 676 3309 veterum
700 3249 895 3326 prudentium
912 3248 998 3309 libris
1017 3248 1130 3326 eogita-

189 3478 214 3529 1.
233 3471 286 3528 Th.
304 3471 461 3528 Mommsen
477 3471 565 3541 prael.
585 3472 621 3526 sd
639 3470 757 3542 Digesta
774 3489 802 3541 p.
821 3471 893 3525 XVI.

188 3549 215 3600 2.
236 3543 390 3614 Stintuing‚
410 3542 508 3598 Gesoh.
528 3542 587 3612 lp.
607 3547 658 3597 512
667 3559 707 3610 sq.

188 3620 214 3672 n.
233 3615 389 3671 Mommsen
406 3613 495 3685 praef.
512 3631 541 3684 p.
559 3611 657 3668 XVIII.
