<?xml version="1.0" encoding="UTF-8"?>
<!DOCTYPE html PUBLIC "-//W3C//DTD XHTML 1.0 Transitional//EN"
    "http://www.w3.org/TR/xhtml1/DTD/xhtml1-transitional.dtd">
<html xmlns="http://www.w3.org/1999/xhtml" xml:lang="en" lang="en">
 <head>
  <title>
</title>
<meta http-equiv="Content-Type" content="text/html;charset=utf-8" />
  <meta name='ocr-system' content='tesseract 3.04.00' />
  <meta name='ocr-capabilities' content='ocr_page ocr_carea ocr_par ocr_line ocrx_word'/>
</head>
<body>
  <div class='ocr_page' id='page_1' title='image "./iurisprudentiae03bremgoog_0401.png"; bbox 0 0 2614 3912; ppageno 0'>
   <div class='ocr_carea' id='block_1_1' title="bbox 474 239 1129 308">
    <p class='ocr_par' dir='ltr' id='par_1_1' title="bbox 474 239 1129 308">
     <span class='ocr_line' id='line_1_1' title="bbox 474 239 1129 308; baseline 0.005 -14"><span class='ocrx_word' id='word_1_1' title='bbox 474 245 498 294; x_wconf 81' lang='lat' dir='ltr'><strong>s.</strong></span> <span class='ocrx_word' id='word_1_2' title='bbox 521 239 637 296; x_wconf 82' lang='lat' dir='ltr'><strong>vrrrus</strong></span> <span class='ocrx_word' id='word_1_3' title='bbox 655 240 784 297; x_wconf 74' lang='lat' dir='ltr'><strong>sauro</strong></span> <span class='ocrx_word' id='word_1_4' title='bbox 1066 243 1129 308; x_wconf 75' lang='lat'><strong>371</strong></span> 
     </span>
    </p>
   </div>
   <div class='ocr_carea' id='block_1_2' title="bbox 27 407 1132 575">
    <p class='ocr_par' dir='ltr' id='par_1_2' title="bbox 27 407 1132 558">
     <span class='ocr_line' id='line_1_2' title="bbox 27 407 1132 491; baseline 0.003 -23"><span class='ocrx_word' id='word_1_5' title='bbox 27 431 28 436; x_wconf 48' lang='lat'>¹</span> <span class='ocrx_word' id='word_1_6' title='bbox 123 408 272 485; x_wconf 82' lang='lat' dir='ltr'><strong>sufficer03</strong></span> <span class='ocrx_word' id='word_1_7' title='bbox 302 427 366 468; x_wconf 90' lang='lat' dir='ltr'><strong>esse</strong></span> <span class='ocrx_word' id='word_1_8' title='bbox 392 407 470 468; x_wconf 89' lang='lat' dir='ltr'><strong>enim</strong></span> <span class='ocrx_word' id='word_1_9' title='bbox 493 411 692 484; x_wconf 79' lang='lat' dir='ltr'><strong>contractam,</strong></span> <span class='ocrx_word' id='word_1_10' title='bbox 716 410 795 484; x_wconf 90' lang='lat' dir='ltr'><strong>quod</strong></span> <span class='ocrx_word' id='word_1_11' title='bbox 817 410 920 470; x_wconf 90' lang='lat' dir='ltr'><strong>Aristo</strong></span> <span class='ocrx_word' id='word_1_12' title='bbox 944 410 1132 491; x_wconf 77' lang='grc' dir='ltr'><em>συνάλλαγμα</em></span> 
     </span>
     <span class='ocr_line' id='line_1_3' title="bbox 27 454 682 575; baseline -0.003 -17"><span class='ocrx_word' id='word_1_13' title='bbox 27 511 28 534; x_wconf 37' lang='lat' dir='ltr'><strong>i</strong></span> <span class='ocrx_word' id='word_1_14' title='bbox 121 499 206 575; x_wconf 81' lang='lat' dir='ltr'><strong>dicit,</strong></span> <span class='ocrx_word' id='word_1_15' title='bbox 229 454 309 558; x_wconf 79' lang='lat' dir='ltr'><strong>udde</strong></span> <span class='ocrx_word' id='word_1_16' title='bbox 331 497 405 557; x_wconf 86' lang='lat' dir='ltr'><strong>haee</strong></span> <span class='ocrx_word' id='word_1_17' title='bbox 427 497 561 556; x_wconf 84' lang='lat' dir='ltr'><strong>nascitur</strong></span> <span class='ocrx_word' id='word_1_18' title='bbox 583 489 682 557; x_wconf 87' lang='lat' dir='ltr'><strong>aotio&#39;</strong></span> 
     </span>
    </p>
   </div>
   <div class='ocr_carea' id='block_1_3' title="bbox 514 668 732 736">
    <p class='ocr_par' dir='ltr' id='par_1_3' title="bbox 514 668 732 736">
     <span class='ocr_line' id='line_1_4' title="bbox 514 668 732 736; baseline -0.005 -2"><span class='ocrx_word' id='word_1_19' title='bbox 514 668 565 735; x_wconf 89' lang='lat' dir='ltr'><strong>De</strong></span> <span class='ocrx_word' id='word_1_20' title='bbox 586 671 732 736; x_wconf 73' lang='lat' dir='ltr'><strong>societate.</strong></span> 
     </span>
    </p>
   </div>
   <div class='ocr_carea' id='block_1_4' title="bbox 26 791 1130 970">
    <p class='ocr_par' dir='ltr' id='par_1_4' title="bbox 26 791 1130 970">
     <span class='ocr_line' id='line_1_5' title="bbox 26 791 1130 878; baseline 0.005 -19"><span class='ocrx_word' id='word_1_21' title='bbox 26 791 27 812; x_wconf 60' lang='lat'>³</span> <span class='ocrx_word' id='word_1_22' title='bbox 210 796 262 860; x_wconf 92' lang='grc'><strong>11.</strong></span> <span class='ocrx_word' id='word_1_23' title='bbox 289 793 329 858; x_wconf 93' lang='lat' dir='ltr'><strong>D.</strong></span> <span class='ocrx_word' id='word_1_24' title='bbox 346 795 396 876; x_wconf 79' lang='lat'><strong>17,</strong></span> <span class='ocrx_word' id='word_1_25' title='bbox 410 794 441 876; x_wconf 94' lang='grc'><strong>2,</strong></span> <span class='ocrx_word' id='word_1_26' title='bbox 455 794 506 859; x_wconf 89' lang='grc'><strong>62.</strong></span> <span class='ocrx_word' id='word_1_27' title='bbox 551 792 750 878; x_wconf 86' lang='lat' dir='ltr'><strong>Pomponius</strong></span> <span class='ocrx_word' id='word_1_28' title='bbox 778 793 862 860; x_wconf 90' lang='lat' dir='ltr'><strong>libro</strong></span> <span class='ocrx_word' id='word_1_29' title='bbox 887 797 1130 864; x_wconf 81' lang='lat' dir='ltr'><strong>tertiodecimo</strong></span> 
     </span>
     <span class='ocr_line' id='line_1_6' title="bbox 26 879 1130 970; baseline 0.002 -20"><span class='ocrx_word' id='word_1_30' title='bbox 26 897 27 908; x_wconf 62' lang='lat'>¹</span> <span class='ocrx_word' id='word_1_31' title='bbox 119 885 159 950; x_wconf 86' lang='lat' dir='ltr'><strong>ad</strong></span> <span class='ocrx_word' id='word_1_32' title='bbox 192 882 352 950; x_wconf 84' lang='lat' dir='ltr'><strong>Sabinum</strong></span> <span class='ocrx_word' id='word_1_33' title='bbox 385 879 433 967; x_wconf 99' lang='grc' dir='ltr'><strong>(Ρ.</strong></span> <span class='ocrx_word' id='word_1_34' title='bbox 452 881 540 964; x_wconf 85' lang='grc'>586).</span> <span class='ocrx_word' id='word_1_35' title='bbox 569 919 614 929; x_wconf 91' lang='grc'>-</span> <span class='ocrx_word' id='word_1_36' title='bbox 644 881 679 947; x_wconf 82' lang='lat' dir='ltr'><strong>Si</strong></span> <span class='ocrx_word' id='word_1_37' title='bbox 711 880 817 948; x_wconf 87' lang='lat' dir='ltr'><strong>Titius</strong></span> <span class='ocrx_word' id='word_1_38' title='bbox 850 905 923 949; x_wconf 87' lang='lat' dir='ltr'><strong>eum</strong></span> <span class='ocrx_word' id='word_1_39' title='bbox 955 907 1018 970; x_wconf 92' lang='lat' dir='ltr'><strong>quo</strong></span> <span class='ocrx_word' id='word_1_40' title='bbox 1050 888 1130 952; x_wconf 90' lang='lat' dir='ltr'><strong>mihi</strong></span> 
     </span>
    </p>
   </div>
   <div class='ocr_carea' id='block_1_5' title="bbox 25 971 1131 1144">
    <p class='ocr_par' dir='ltr' id='par_1_5' title="bbox 25 971 1131 1144">
     <span class='ocr_line' id='line_1_7' title="bbox 25 971 1131 1058; baseline 0 -18"><span class='ocrx_word' id='word_1_41' title='bbox 25 1011 26 1014; x_wconf 33' lang='lat'>¹</span> <span class='ocrx_word' id='word_1_42' title='bbox 121 973 260 1040; x_wconf 79' lang='lat' dir='ltr'><strong>societas</strong></span> <span class='ocrx_word' id='word_1_43' title='bbox 298 976 369 1036; x_wconf 89' lang='lat' dir='ltr'><strong>erat</strong></span> <span class='ocrx_word' id='word_1_44' title='bbox 406 971 580 1037; x_wconf 73' lang='lat' dir='ltr'>decesserit</span> <span class='ocrx_word' id='word_1_45' title='bbox 611 993 734 1058; x_wconf 81' lang='lat' dir='ltr'><strong>egoque</strong></span> <span class='ocrx_word' id='word_1_46' title='bbox 766 992 839 1036; x_wconf 88' lang='lat' dir='ltr'><strong>oum</strong></span> <span class='ocrx_word' id='word_1_47' title='bbox 870 976 1019 1056; x_wconf 90' lang='lat' dir='ltr'><strong>putarem</strong></span> <span class='ocrx_word' id='word_1_48' title='bbox 1050 974 1131 1040; x_wconf 80' lang='lat' dir='ltr'><strong>Titii</strong></span> 
     </span>
     <span class='ocr_line' id='line_1_8' title="bbox 25 1058 1129 1144; baseline 0.006 -22"><span class='ocrx_word' id='word_1_49' title='bbox 25 1089 27 1122; x_wconf 65' lang='lat'>3</span> <span class='ocrx_word' id='word_1_50' title='bbox 118 1062 335 1127; x_wconf 85' lang='lat' dir='ltr'><strong>hereditatem</strong></span> <span class='ocrx_word' id='word_1_51' title='bbox 362 1060 402 1125; x_wconf 92' lang='lat' dir='ltr'><strong>ad</strong></span> <span class='ocrx_word' id='word_1_52' title='bbox 426 1058 535 1126; x_wconf 83' lang='lat' dir='ltr'><strong>Seium</strong></span> <span class='ocrx_word' id='word_1_53' title='bbox 557 1059 732 1144; x_wconf 90' lang='lat' dir='ltr'><strong>pertinere,</strong></span> <span class='ocrx_word' id='word_1_54' title='bbox 761 1062 973 1126; x_wconf 77' lang='lat' dir='ltr'><strong>communiter</strong></span> <span class='ocrx_word' id='word_1_55' title='bbox 994 1085 1068 1128; x_wconf 86' lang='lat' dir='ltr'><strong>eum</strong></span> <span class='ocrx_word' id='word_1_56' title='bbox 1091 1086 1129 1130; x_wconf 89' lang='lat' dir='ltr'><strong>eo</strong></span> 
     </span>
    </p>
   </div>
   <div class='ocr_carea' id='block_1_6' title="bbox 24 1149 1129 2393">
    <p class='ocr_par' dir='ltr' id='par_1_6' title="bbox 24 1149 1129 2393">
     <span class='ocr_line' id='line_1_9' title="bbox 118 1149 1128 1234; baseline 0.001 -19"><span class='ocrx_word' id='word_1_57' title='bbox 118 1174 169 1217; x_wconf 90' lang='lat' dir='ltr'><strong>res</strong></span> <span class='ocrx_word' id='word_1_58' title='bbox 197 1149 396 1216; x_wconf 85' lang='lat' dir='ltr'>vendiderim</span> <span class='ocrx_word' id='word_1_59' title='bbox 422 1153 455 1213; x_wconf 88' lang='lat' dir='ltr'><strong>et</strong></span> <span class='ocrx_word' id='word_1_60' title='bbox 482 1151 610 1232; x_wconf 91' lang='lat' dir='ltr'><strong>partem</strong></span> <span class='ocrx_word' id='word_1_61' title='bbox 633 1150 787 1234; x_wconf 85' lang='lat' dir='ltr'><strong>pecuniae</strong></span> <span class='ocrx_word' id='word_1_62' title='bbox 811 1171 849 1214; x_wconf 86' lang='lat' dir='ltr'><strong>ex</strong></span> <span class='ocrx_word' id='word_1_63' title='bbox 872 1150 1057 1216; x_wconf 81' lang='lat' dir='ltr'><strong>venditione</strong></span> <span class='ocrx_word' id='word_1_64' title='bbox 1079 1175 1128 1217; x_wconf 88' lang='lat' dir='ltr'><strong>re-</strong></span> 
     </span>
     <span class='ocr_line' id='line_1_10' title="bbox 24 1234 1129 1324; baseline 0.001 -20"><span class='ocrx_word' id='word_1_65' title='bbox 24 1291 26 1322; x_wconf 83' lang='grc'>,</span> <span class='ocrx_word' id='word_1_66' title='bbox 118 1241 232 1306; x_wconf 85' lang='lat' dir='ltr'><strong>dactae</strong></span> <span class='ocrx_word' id='word_1_67' title='bbox 261 1259 335 1324; x_wconf 83' lang='lat' dir='ltr'><strong>ego,</strong></span> <span class='ocrx_word' id='word_1_68' title='bbox 361 1242 488 1322; x_wconf 86' lang='lat' dir='ltr'><strong>partem</strong></span> <span class='ocrx_word' id='word_1_69' title='bbox 512 1234 605 1303; x_wconf 83' lang='lat' dir='ltr'><strong>Seius</strong></span> <span class='ocrx_word' id='word_1_70' title='bbox 631 1238 815 1322; x_wconf 89' lang='lat' dir='ltr'><strong>abstulerit,</strong></span> <span class='ocrx_word' id='word_1_71' title='bbox 842 1243 889 1323; x_wconf 90' lang='lat' dir='ltr'><strong>te,</strong></span> <span class='ocrx_word' id='word_1_72' title='bbox 917 1239 972 1323; x_wconf 91' lang='lat' dir='ltr'><strong>qui</strong></span> <span class='ocrx_word' id='word_1_73' title='bbox 994 1261 1029 1305; x_wconf 89' lang='lat' dir='ltr'><strong>re</strong></span> <span class='ocrx_word' id='word_1_74' title='bbox 1051 1262 1129 1306; x_wconf 88' lang='lat' dir='ltr'><strong>vera</strong></span> 
     </span>
     <span class='ocr_line' id='line_1_11' title="bbox 24 1327 1129 1413; baseline 0 -19"><span class='ocrx_word' id='word_1_75' title='bbox 24 1327 25 1330; x_wconf 63' lang='grc'>’</span> <span class='ocrx_word' id='word_1_76' title='bbox 118 1328 205 1394; x_wconf 86' lang='lat' dir='ltr'><strong>Titio</strong></span> <span class='ocrx_word' id='word_1_77' title='bbox 227 1328 322 1394; x_wconf 86' lang='lat' dir='ltr'><strong>heres</strong></span> <span class='ocrx_word' id='word_1_78' title='bbox 346 1349 389 1411; x_wconf 90' lang='lat' dir='ltr'><strong>es,</strong></span> <span class='ocrx_word' id='word_1_79' title='bbox 412 1330 539 1411; x_wconf 83' lang='lat' dir='ltr'><strong>purtem</strong></span> <span class='ocrx_word' id='word_1_80' title='bbox 561 1327 602 1391; x_wconf 88' lang='lat' dir='ltr'><strong>ad</strong></span> <span class='ocrx_word' id='word_1_81' title='bbox 620 1349 671 1391; x_wconf 90' lang='lat' dir='ltr'><strong>me</strong></span> <span class='ocrx_word' id='word_1_82' title='bbox 689 1327 839 1393; x_wconf 81' lang='lat' dir='ltr'><strong>redactae</strong></span> <span class='ocrx_word' id='word_1_83' title='bbox 858 1328 1012 1413; x_wconf 87' lang='lat' dir='ltr'><strong>peeum&#39;ae</strong></span> <span class='ocrx_word' id='word_1_84' title='bbox 1031 1328 1129 1394; x_wconf 78' lang='lat' dir='ltr'><strong>sotie-</strong></span> 
     </span>
     <span class='ocr_line' id='line_1_12' title="bbox 116 1415 1128 1484; baseline -0.002 0"><span class='ocrx_word' id='word_1_85' title='bbox 116 1419 197 1484; x_wconf 90' lang='lat' dir='ltr'><strong>tatis</strong></span> <span class='ocrx_word' id='word_1_86' title='bbox 230 1417 349 1483; x_wconf 86' lang='lat' dir='ltr'><strong>iudicio</strong></span> <span class='ocrx_word' id='word_1_87' title='bbox 381 1437 446 1481; x_wconf 91' lang='lat' dir='ltr'><strong>non</strong></span> <span class='ocrx_word' id='word_1_88' title='bbox 478 1421 723 1482; x_wconf 81' lang='lat' dir='ltr'><strong>consecuturum</strong></span> <span class='ocrx_word' id='word_1_89' title='bbox 755 1415 890 1482; x_wconf 89' lang='lat' dir='ltr'><strong>Neratio</strong></span> <span class='ocrx_word' id='word_1_90' title='bbox 922 1425 955 1482; x_wconf 89' lang='lat' dir='ltr'><strong>et</strong></span> <span class='ocrx_word' id='word_1_91' title='bbox 982 1417 1128 1482; x_wconf 84' lang='lat' dir='ltr'><strong>Aristoni</strong></span> 
     </span>
     <span class='ocr_line' id='line_1_13' title="bbox 116 1504 1128 1592; baseline -0.002 -20"><span class='ocrx_word' id='word_1_92' title='bbox 116 1507 277 1592; x_wconf 79' lang='lat' dir='ltr'><strong>placebat,</strong></span> <span class='ocrx_word' id='word_1_93' title='bbox 292 1506 368 1590; x_wconf 89' lang='lat' dir='ltr'><strong>quia</strong></span> <span class='ocrx_word' id='word_1_94' title='bbox 381 1526 472 1571; x_wconf 80' lang='lat' dir='ltr'><strong>mese</strong></span> <span class='ocrx_word' id='word_1_95' title='bbox 487 1504 656 1569; x_wconf 87' lang='lat' dir='ltr'><strong>dumtaxat</strong></span> <span class='ocrx_word' id='word_1_96' title='bbox 669 1506 772 1589; x_wconf 86' lang='lat' dir='ltr'><strong>partis</strong></span> <span class='ocrx_word' id='word_1_97' title='bbox 786 1505 893 1588; x_wconf 89' lang='lat' dir='ltr'><strong>pretia</strong></span> <span class='ocrx_word' id='word_1_98' title='bbox 904 1506 1128 1591; x_wconf 83' lang='lat' dir='ltr'><strong>percepissem,</strong></span> 
     </span>
     <span class='ocr_line' id='line_1_14' title="bbox 115 1595 1127 1680; baseline -0.002 -18"><span class='ocrx_word' id='word_1_99' title='bbox 115 1618 221 1680; x_wconf 89' lang='lat' dir='ltr'><strong>neque</strong></span> <span class='ocrx_word' id='word_1_100' title='bbox 239 1596 416 1678; x_wconf 76' lang='lat' dir='ltr'><strong>interesset,</strong></span> <span class='ocrx_word' id='word_1_101' title='bbox 433 1599 543 1659; x_wconf 91' lang='lat' dir='ltr'><strong>utrum</strong></span> <span class='ocrx_word' id='word_1_102' title='bbox 560 1615 620 1678; x_wconf 89' lang='lat' dir='ltr'><strong>per</strong></span> <span class='ocrx_word' id='word_1_103' title='bbox 637 1615 671 1658; x_wconf 90' lang='lat' dir='ltr'><strong>se</strong></span> <span class='ocrx_word' id='word_1_104' title='bbox 687 1596 798 1678; x_wconf 90' lang='lat' dir='ltr'><strong>partes</strong></span> <span class='ocrx_word' id='word_1_105' title='bbox 812 1615 900 1658; x_wconf 86' lang='lat' dir='ltr'><strong>meas</strong></span> <span class='ocrx_word' id='word_1_106' title='bbox 914 1595 1127 1660; x_wconf 77' lang='lat' dir='ltr'><strong>reddidissem</strong></span> 
     </span>
     <span class='ocr_line' id='line_1_15' title="bbox 117 1683 1127 1768; baseline 0 -19"><span class='ocrx_word' id='word_1_107' title='bbox 117 1706 160 1750; x_wconf 89' lang='lat' dir='ltr'><strong>an</strong></span> <span class='ocrx_word' id='word_1_108' title='bbox 183 1684 396 1749; x_wconf 85' lang='lat' dir='ltr'><strong>communiter</strong></span> <span class='ocrx_word' id='word_1_109' title='bbox 418 1705 492 1748; x_wconf 87' lang='lat' dir='ltr'><strong>eum</strong></span> <span class='ocrx_word' id='word_1_110' title='bbox 511 1704 559 1767; x_wconf 91' lang='lat' dir='ltr'><strong>eo,</strong></span> <span class='ocrx_word' id='word_1_111' title='bbox 583 1684 638 1767; x_wconf 91' lang='lat' dir='ltr'><strong>qui</strong></span> <span class='ocrx_word' id='word_1_112' title='bbox 655 1683 796 1767; x_wconf 87' lang='lat' dir='ltr'><strong>reliquas</strong></span> <span class='ocrx_word' id='word_1_113' title='bbox 814 1687 923 1768; x_wconf 85' lang='lat' dir='ltr'><strong>partes</strong></span> <span class='ocrx_word' id='word_1_114' title='bbox 942 1684 984 1749; x_wconf 89' lang='lat' dir='ltr'><strong>ad</strong></span> <span class='ocrx_word' id='word_1_115' title='bbox 1003 1706 1037 1749; x_wconf 90' lang='lat' dir='ltr'><strong>se</strong></span> <span class='ocrx_word' id='word_1_116' title='bbox 1055 1706 1127 1768; x_wconf 91' lang='lat' dir='ltr'><strong>per-</strong></span> 
     </span>
     <span class='ocr_line' id='line_1_16' title="bbox 115 1772 1126 1858; baseline 0.002 -20"><span class='ocrx_word' id='word_1_117' title='bbox 115 1773 224 1838; x_wconf 87' lang='lat' dir='ltr'><strong>tinere</strong></span> <span class='ocrx_word' id='word_1_118' title='bbox 247 1773 374 1838; x_wconf 81' lang='lat' dir='ltr'><strong>diceret</strong></span> <span class='ocrx_word' id='word_1_119' title='bbox 419 1772 563 1857; x_wconf 86' lang='lat' dir='ltr'><strong>alioquin</strong></span> <span class='ocrx_word' id='word_1_120' title='bbox 585 1775 788 1856; x_wconf 90' lang='lat' dir='ltr'><strong>eventurum,</strong></span> <span class='ocrx_word' id='word_1_121' title='bbox 814 1776 854 1837; x_wconf 90' lang='lat' dir='ltr'><strong>ut</strong></span> <span class='ocrx_word' id='word_1_122' title='bbox 876 1772 989 1858; x_wconf 89' lang='lat' dir='ltr'><strong>etiam,</strong></span> <span class='ocrx_word' id='word_1_123' title='bbox 1012 1773 1040 1836; x_wconf 93' lang='lat' dir='ltr'><strong>si</strong></span> <span class='ocrx_word' id='word_1_124' title='bbox 1064 1774 1126 1840; x_wconf 88' lang='lat' dir='ltr'><strong>duo</strong></span> 
     </span>
     <span class='ocr_line' id='line_1_17' title="bbox 116 1859 1127 1945; baseline 0 -17"><span class='ocrx_word' id='word_1_125' title='bbox 116 1860 198 1928; x_wconf 84' lang='lat' dir='ltr'><strong>soeir&#39;</strong></span> <span class='ocrx_word' id='word_1_126' title='bbox 222 1883 287 1927; x_wconf 89' lang='lat' dir='ltr'><strong>rem</strong></span> <span class='ocrx_word' id='word_1_127' title='bbox 310 1860 522 1943; x_wconf 85' lang='lat' dir='ltr'><strong>vendiderint,</strong></span> <span class='ocrx_word' id='word_1_128' title='bbox 545 1860 764 1945; x_wconf 88' lang='lat' dir='ltr'><strong>unusquisque</strong></span> <span class='ocrx_word' id='word_1_129' title='bbox 784 1859 896 1944; x_wconf 87' lang='lat' dir='ltr'><strong>&lt;eius&gt;</strong></span> <span class='ocrx_word' id='word_1_130' title='bbox 919 1862 1003 1945; x_wconf 92' lang='lat' dir='ltr'><strong>quod</strong></span> <span class='ocrx_word' id='word_1_131' title='bbox 1028 1862 1068 1926; x_wconf 90' lang='lat' dir='ltr'><strong>ad</strong></span> <span class='ocrx_word' id='word_1_132' title='bbox 1092 1884 1127 1928; x_wconf 89' lang='lat' dir='ltr'><strong>se</strong></span> 
     </span>
     <span class='ocr_line' id='line_1_18' title="bbox 114 1949 1127 2036; baseline 0 -20"><span class='ocrx_word' id='word_1_133' title='bbox 114 1951 298 2036; x_wconf 90' lang='lat' dir='ltr'><strong>pervenerit</strong></span> <span class='ocrx_word' id='word_1_134' title='bbox 330 1953 458 2035; x_wconf 86' lang='lat' dir='ltr'><strong>partem</strong></span> <span class='ocrx_word' id='word_1_135' title='bbox 491 1950 584 2014; x_wconf 87' lang='lat' dir='ltr'><strong>alteri</strong></span> <span class='ocrx_word' id='word_1_136' title='bbox 619 1950 783 2015; x_wconf 76' lang='lat' dir='ltr'><strong>societatis</strong></span> <span class='ocrx_word' id='word_1_137' title='bbox 813 1949 931 2015; x_wconf 90' lang='lat' dir='ltr'><strong>iudieio</strong></span> <span class='ocrx_word' id='word_1_138' title='bbox 961 1960 1127 2034; x_wconf 83' lang='lat' dir='ltr'><strong>praestare</strong></span> 
     </span>
     <span class='ocr_line' id='line_1_19' title="bbox 115 2038 1126 2123; baseline 0 -19"><span class='ocrx_word' id='word_1_139' title='bbox 115 2041 240 2106; x_wconf 78' lang='lat' dir='ltr'><strong>debeat</strong></span> <span class='ocrx_word' id='word_1_140' title='bbox 271 2038 327 2104; x_wconf 89' lang='lat' dir='ltr'><strong>sed</strong></span> <span class='ocrx_word' id='word_1_141' title='bbox 345 2061 404 2104; x_wconf 88' lang='lat' dir='ltr'><strong>nee</strong></span> <span class='ocrx_word' id='word_1_142' title='bbox 422 2043 456 2104; x_wconf 90' lang='lat' dir='ltr'><strong>te</strong></span> <span class='ocrx_word' id='word_1_143' title='bbox 475 2041 634 2122; x_wconf 85' lang='lat' dir='ltr'><strong>exparte,</strong></span> <span class='ocrx_word' id='word_1_144' title='bbox 653 2060 750 2122; x_wconf 87' lang='lat' dir='ltr'><strong>quam</strong></span> <span class='ocrx_word' id='word_1_145' title='bbox 764 2038 954 2104; x_wconf 85' lang='lat' dir='ltr'><strong>hereditatis</strong></span> <span class='ocrx_word' id='word_1_146' title='bbox 968 2040 1126 2123; x_wconf 90' lang='lat' dir='ltr'><strong>petitione</strong></span> 
     </span>
     <span class='ocr_line' id='line_1_20' title="bbox 114 2127 1125 2213; baseline 0.001 -19"><span class='ocrx_word' id='word_1_147' title='bbox 114 2129 199 2195; x_wconf 89' lang='lat' dir='ltr'><strong>forte</strong></span> <span class='ocrx_word' id='word_1_148' title='bbox 219 2127 326 2194; x_wconf 84' lang='lat' dir='ltr'><strong>aSeio</strong></span> <span class='ocrx_word' id='word_1_149' title='bbox 345 2131 574 2194; x_wconf 87' lang='lat' dir='ltr'><strong>eonseeuturus</strong></span> <span class='ocrx_word' id='word_1_150' title='bbox 594 2127 649 2211; x_wconf 89' lang='lat' dir='ltr'><strong>sis,</strong></span> <span class='ocrx_word' id='word_1_151' title='bbox 668 2127 841 2213; x_wconf 88' lang='lat' dir='ltr'><strong>quiequam</strong></span> <span class='ocrx_word' id='word_1_152' title='bbox 859 2128 941 2193; x_wconf 92' lang='lat' dir='ltr'><strong>mihi</strong></span> <span class='ocrx_word' id='word_1_153' title='bbox 959 2133 1125 2212; x_wconf 87' lang='lat' dir='ltr'><strong>praestare</strong></span> 
     </span>
     <span class='ocr_line' id='line_1_21' title="bbox 115 2214 1125 2303; baseline 0 -20"><span class='ocrx_word' id='word_1_154' title='bbox 115 2218 239 2303; x_wconf 90' lang='lat' dir='ltr'><strong>debere,</strong></span> <span class='ocrx_word' id='word_1_155' title='bbox 258 2217 334 2302; x_wconf 90' lang='lat' dir='ltr'><strong>quia</strong></span> <span class='ocrx_word' id='word_1_156' title='bbox 352 2216 436 2301; x_wconf 91' lang='lat' dir='ltr'><strong>quod</strong></span> <span class='ocrx_word' id='word_1_157' title='bbox 456 2217 496 2280; x_wconf 91' lang='lat' dir='ltr'><strong>ad</strong></span> <span class='ocrx_word' id='word_1_158' title='bbox 511 2214 619 2282; x_wconf 80' lang='lat' dir='ltr'><strong>Seium</strong></span> <span class='ocrx_word' id='word_1_159' title='bbox 633 2216 825 2300; x_wconf 89' lang='lat' dir='ltr'><strong>pervenerit,</strong></span> <span class='ocrx_word' id='word_1_160' title='bbox 838 2220 968 2281; x_wconf 87' lang='lat' dir='ltr'><strong>tuarum</strong></span> <span class='ocrx_word' id='word_1_161' title='bbox 981 2219 1125 2301; x_wconf 87' lang='lat' dir='ltr'><strong>partium</strong></span> 
     </span>
     <span class='ocr_line' id='line_1_22' title="bbox 114 2304 1126 2393; baseline -0.001 -21"><span class='ocrx_word' id='word_1_162' title='bbox 114 2307 257 2393; x_wconf 89' lang='lat' dir='ltr'><strong>pretium</strong></span> <span class='ocrx_word' id='word_1_163' title='bbox 282 2305 325 2371; x_wconf 91' lang='lat' dir='ltr'><strong>sit</strong></span> <span class='ocrx_word' id='word_1_164' title='bbox 346 2326 404 2371; x_wconf 88' lang='lat' dir='ltr'><strong>nee</strong></span> <span class='ocrx_word' id='word_1_165' title='bbox 427 2304 468 2370; x_wconf 90' lang='lat' dir='ltr'><strong>ad</strong></span> <span class='ocrx_word' id='word_1_166' title='bbox 491 2327 543 2370; x_wconf 94' lang='lat' dir='ltr'><strong>me</strong></span> <span class='ocrx_word' id='word_1_167' title='bbox 565 2304 739 2371; x_wconf 79' lang='lat' dir='ltr'><strong>habentem</strong></span> <span class='ocrx_word' id='word_1_168' title='bbox 763 2327 869 2370; x_wconf 91' lang='lat' dir='ltr'><strong>meum</strong></span> <span class='ocrx_word' id='word_1_169' title='bbox 893 2306 1062 2390; x_wconf 87' lang='lat' dir='ltr'><strong>quiequam</strong></span> <span class='ocrx_word' id='word_1_170' title='bbox 1087 2329 1126 2372; x_wconf 85' lang='lat' dir='ltr'><strong>ex</strong></span> 
     </span>
    </p>
   </div>
   <div class='ocr_carea' id='block_1_7' title="bbox 114 2394 717 2600">
    <p class='ocr_par' dir='ltr' id='par_1_7' title="bbox 114 2394 717 2600">
     <span class='ocr_line' id='line_1_23' title="bbox 114 2394 426 2462; baseline -0.003 -2"><span class='ocrx_word' id='word_1_171' title='bbox 114 2418 152 2462; x_wconf 92' lang='lat' dir='ltr'><strong>eo</strong></span> <span class='ocrx_word' id='word_1_172' title='bbox 175 2395 279 2462; x_wconf 89' lang='lat' dir='ltr'><strong>redire</strong></span> <span class='ocrx_word' id='word_1_173' title='bbox 302 2394 426 2461; x_wconf 89' lang='lat' dir='ltr'><strong>debeat.</strong></span> 
     </span>
     <span class='ocr_line' id='line_1_24' title="bbox 520 2517 717 2600; baseline -0.005 -17"><span class='ocrx_word' id='word_1_174' title='bbox 520 2517 570 2583; x_wconf 87' lang='lat' dir='ltr'><strong>De</strong></span> <span class='ocrx_word' id='word_1_175' title='bbox 591 2519 717 2600; x_wconf 75' lang='lat' dir='ltr'><strong>nuptiis.</strong></span> 
     </span>
    </p>
   </div>
   <div class='ocr_carea' id='block_1_8' title="bbox 112 2641 1124 2906">
    <p class='ocr_par' dir='ltr' id='par_1_8' title="bbox 112 2641 1124 2906">
     <span class='ocr_line' id='line_1_25' title="bbox 205 2641 1124 2729; baseline -0.003 -20"><span class='ocrx_word' id='word_1_176' title='bbox 205 2645 255 2710; x_wconf 94' lang='grc'><strong>12.</strong></span> <span class='ocrx_word' id='word_1_177' title='bbox 292 2643 332 2709; x_wconf 93' lang='lat' dir='ltr'><strong>D.</strong></span> <span class='ocrx_word' id='word_1_178' title='bbox 353 2644 405 2725; x_wconf 83' lang='lat'><strong>23,</strong></span> <span class='ocrx_word' id='word_1_179' title='bbox 423 2645 454 2729; x_wconf 94' lang='grc'><strong>2,</strong></span> <span class='ocrx_word' id='word_1_180' title='bbox 472 2643 525 2709; x_wconf 87' lang='grc'><strong>40.</strong></span> <span class='ocrx_word' id='word_1_181' title='bbox 578 2641 777 2725; x_wconf 88' lang='lat' dir='ltr'><strong>Pomponius</strong></span> <span class='ocrx_word' id='word_1_182' title='bbox 812 2641 896 2706; x_wconf 90' lang='lat' dir='ltr'><strong>libro</strong></span> <span class='ocrx_word' id='word_1_183' title='bbox 933 2643 1049 2725; x_wconf 86' lang='lat' dir='ltr'><strong>quarto</strong></span> <span class='ocrx_word' id='word_1_184' title='bbox 1085 2662 1124 2706; x_wconf 87' lang='lat' dir='ltr'><strong>ex</strong></span> 
     </span>
     <span class='ocr_line' id='line_1_26' title="bbox 112 2729 1124 2832; baseline -0.004 -34"><span class='ocrx_word' id='word_1_185' title='bbox 112 2733 220 2800; x_wconf 90' lang='lat' dir='ltr'><strong>Plaut</strong></span> <span class='ocrx_word' id='word_1_186' title='bbox 194 2737 242 2799; x_wconf 88' lang='lat' dir='ltr'><strong>tro</strong></span> <span class='ocrx_word' id='word_1_187' title='bbox 267 2731 315 2817; x_wconf 91' lang='grc' dir='ltr'><strong>(Ρ.</strong></span> <span class='ocrx_word' id='word_1_188' title='bbox 330 2730 481 2819; x_wconf 85' lang='lat'><strong>340).-</strong></span> <span class='ocrx_word' id='word_1_189' title='bbox 444 2729 619 2796; x_wconf 88' lang='lat' dir='ltr'><strong>-Aristo</strong></span> <span class='ocrx_word' id='word_1_190' title='bbox 642 2729 817 2832; x_wconf 36' lang='lat' dir='ltr'><strong>respondit·</strong></span> <span class='ocrx_word' id='word_1_191' title='bbox 831 2729 1012 2831; x_wconf 81' lang='lat' dir='ltr'><strong>privignae</strong></span> <span class='ocrx_word' id='word_1_192' title='bbox 1022 2729 1124 2794; x_wconf 91' lang='lat' dir='ltr'><strong>filiam</strong></span> 
     </span>
     <span class='ocr_line' id='line_1_27' title="bbox 112 2817 1123 2906; baseline -0.006 -18"><span class='ocrx_word' id='word_1_193' title='bbox 112 2845 179 2888; x_wconf 90' lang='lat' dir='ltr'><strong>non</strong></span> <span class='ocrx_word' id='word_1_194' title='bbox 202 2823 308 2906; x_wconf 83' lang='lat' dir='ltr'><strong>magis</strong></span> <span class='ocrx_word' id='word_1_195' title='bbox 331 2842 463 2886; x_wconf 86' lang='lat' dir='ltr'><strong>uxorem</strong></span> <span class='ocrx_word' id='word_1_196' title='bbox 486 2819 559 2885; x_wconf 89' lang='lat' dir='ltr'><strong>duei</strong></span> <span class='ocrx_word' id='word_1_197' title='bbox 579 2840 674 2904; x_wconf 90' lang='lat' dir='ltr'><strong>posse</strong></span> <span class='ocrx_word' id='word_1_198' title='bbox 694 2840 789 2903; x_wconf 86' lang='lat' dir='ltr'><strong>quam</strong></span> <span class='ocrx_word' id='word_1_199' title='bbox 807 2818 912 2903; x_wconf 84' lang='lat' dir='ltr'><strong>ipsam</strong></span> <span class='ocrx_word' id='word_1_200' title='bbox 930 2817 1123 2903; x_wconf 86' lang='lat' dir='ltr'><strong>privignam.</strong></span> 
     </span>
    </p>
   </div>
   <div class='ocr_carea' id='block_1_9' title="bbox 484 3014 748 3082">
    <p class='ocr_par' dir='ltr' id='par_1_9' title="bbox 484 3014 748 3082">
     <span class='ocr_line' id='line_1_28' title="bbox 484 3014 748 3082; baseline -0.004 -2"><span class='ocrx_word' id='word_1_201' title='bbox 484 3014 534 3080; x_wconf 89' lang='lat' dir='ltr'><strong>De</strong></span> <span class='ocrx_word' id='word_1_202' title='bbox 555 3016 748 3082; x_wconf 68' lang='lat' dir='ltr'><strong>cordatione.</strong></span> 
     </span>
    </p>
   </div>
   <div class='ocr_carea' id='block_1_10' title="bbox 110 3138 1123 3493">
    <p class='ocr_par' dir='ltr' id='par_1_10' title="bbox 110 3138 1123 3493">
     <span class='ocr_line' id='line_1_29' title="bbox 204 3138 1121 3225; baseline -0.001 -19"><span class='ocrx_word' id='word_1_203' title='bbox 204 3142 254 3208; x_wconf 84' lang='lat'><strong>13.</strong></span> <span class='ocrx_word' id='word_1_204' title='bbox 290 3140 330 3205; x_wconf 88' lang='lat' dir='ltr'><strong>D.</strong></span> <span class='ocrx_word' id='word_1_205' title='bbox 351 3140 448 3225; x_wconf 83' lang='grc'>13,1,</span> <span class='ocrx_word' id='word_1_206' title='bbox 469 3140 566 3221; x_wconf 93' lang='grc'>12,2.</span> <span class='ocrx_word' id='word_1_207' title='bbox 621 3138 781 3223; x_wconf 84' lang='lat' dir='ltr'><strong>Ulpianus</strong></span> <span class='ocrx_word' id='word_1_208' title='bbox 812 3139 897 3205; x_wconf 91' lang='lat' dir='ltr'><strong>libro</strong></span> <span class='ocrx_word' id='word_1_209' title='bbox 930 3138 1121 3224; x_wconf 81' lang='lat' dir='ltr'><strong>trigensimo</strong></span> 
     </span>
     <span class='ocr_line' id='line_1_30' title="bbox 112 3226 1123 3314; baseline -0.005 -17"><span class='ocrx_word' id='word_1_210' title='bbox 112 3235 228 3298; x_wconf 88' lang='lat' dir='ltr'><strong>oetavo</strong></span> <span class='ocrx_word' id='word_1_211' title='bbox 253 3230 293 3295; x_wconf 85' lang='lat' dir='ltr'><strong>ed</strong></span> <span class='ocrx_word' id='word_1_212' title='bbox 317 3229 455 3294; x_wconf 86' lang='lat' dir='ltr'><strong>edietum</strong></span> <span class='ocrx_word' id='word_1_213' title='bbox 475 3228 523 3314; x_wconf 90' lang='grc' dir='ltr'><strong>(Ρ.</strong></span> <span class='ocrx_word' id='word_1_214' title='bbox 534 3226 659 3312; x_wconf 65' lang='lat'><strong>105812).</strong></span> <span class='ocrx_word' id='word_1_215' title='bbox 680 3227 892 3296; x_wconf 84' lang='lat' dir='ltr'><strong>-Neratius</strong></span> <span class='ocrx_word' id='word_1_216' title='bbox 912 3227 1003 3294; x_wconf 89' lang='lat' dir='ltr'><strong>libris</strong></span> <span class='ocrx_word' id='word_1_217' title='bbox 1022 3226 1123 3293; x_wconf 85' lang='lat' dir='ltr'><strong>Mem·</strong></span> 
     </span>
     <span class='ocr_line' id='line_1_31' title="bbox 111 3316 1123 3402; baseline -0.004 -16"><span class='ocrx_word' id='word_1_218' title='bbox 111 3320 287 3387; x_wconf 87' lang='lat' dir='ltr'><strong>branarum</strong></span> <span class='ocrx_word' id='word_1_219' title='bbox 301 3318 488 3384; x_wconf 83' lang='lat' dir='ltr'><strong>Aristonem</strong></span> <span class='ocrx_word' id='word_1_220' title='bbox 502 3317 702 3384; x_wconf 85' lang='lat' dir='ltr'><strong>existimasse</strong></span> <span class='ocrx_word' id='word_1_221' title='bbox 716 3318 816 3383; x_wconf 87' lang='lat' dir='ltr'><strong>refert</strong></span> <span class='ocrx_word' id='word_1_222' title='bbox 829 3340 911 3402; x_wconf 91' lang='lat' dir='ltr'><strong>eum,</strong></span> <span class='ocrx_word' id='word_1_223' title='bbox 927 3317 979 3383; x_wconf 86' lang='lat' dir='ltr'><strong>oui</strong></span> <span class='ocrx_word' id='word_1_224' title='bbox 992 3316 1123 3402; x_wconf 81' lang='lat' dir='ltr'><strong>pignori</strong></span> 
     </span>
     <span class='ocr_line' id='line_1_32' title="bbox 110 3405 1122 3493; baseline -0.005 -19"><span class='ocrx_word' id='word_1_225' title='bbox 110 3431 162 3474; x_wconf 89' lang='lat' dir='ltr'><strong>res</strong></span> <span class='ocrx_word' id='word_1_226' title='bbox 190 3408 268 3474; x_wconf 83' lang='lat' dir='ltr'><strong>data</strong></span> <span class='ocrx_word' id='word_1_227' title='bbox 296 3408 352 3492; x_wconf 89' lang='lat' dir='ltr'><strong>sit,</strong></span> <span class='ocrx_word' id='word_1_228' title='bbox 379 3407 493 3472; x_wconf 83' lang='lat' dir='ltr'><strong>incerti</strong></span> <span class='ocrx_word' id='word_1_229' title='bbox 521 3405 724 3472; x_wconf 79' lang='lat' dir='ltr'><strong>condictione</strong></span> <span class='ocrx_word' id='word_1_230' title='bbox 747 3410 907 3493; x_wconf 84' lang='lat' dir='ltr'><strong>acturum,</strong></span> <span class='ocrx_word' id='word_1_231' title='bbox 936 3407 963 3470; x_wconf 90' lang='lat' dir='ltr'><strong>si</strong></span> <span class='ocrx_word' id='word_1_232' title='bbox 986 3427 1025 3470; x_wconf 87' lang='lat' dir='ltr'><strong>ea</strong></span> <span class='ocrx_word' id='word_1_233' title='bbox 1049 3405 1122 3470; x_wconf 91' lang='lat' dir='ltr'><strong>sub·</strong></span> 
     </span>
    </p>
   </div>
   <div class='ocr_carea' id='block_1_11' title="bbox 111 3500 306 3584">
    <p class='ocr_par' dir='ltr' id='par_1_11' title="bbox 111 3500 306 3584">
     <span class='ocr_line' id='line_1_33' title="bbox 111 3500 306 3584; baseline -0.01 -22"><span class='ocrx_word' id='word_1_234' title='bbox 111 3501 206 3584; x_wconf 85' lang='lat' dir='ltr'><strong>repta</strong></span> <span class='ocrx_word' id='word_1_235' title='bbox 228 3500 306 3568; x_wconf 62' lang='lat' dir='ltr'><strong>est„</strong></span> 
     </span>
    </p>
   </div>
   <div class='ocr_carea' id='block_1_12' title="bbox 201 3605 908 3757">
    <p class='ocr_par' dir='ltr' id='par_1_12' title="bbox 201 3605 908 3757">
     <span class='ocr_line' id='line_1_34' title="bbox 201 3605 886 3685; baseline -0.009 -15"><span class='ocrx_word' id='word_1_236' title='bbox 201 3609 237 3670; x_wconf 87' lang='lat' dir='ltr'><strong>uf.</strong></span> <span class='ocrx_word' id='word_1_237' title='bbox 256 3607 396 3685; x_wconf 81' lang='lat' dir='ltr'><strong>Pflueger</strong></span> <span class='ocrx_word' id='word_1_238' title='bbox 418 3606 450 3667; x_wconf 87' lang='lat' dir='ltr'><strong>Z.</strong></span> <span class='ocrx_word' id='word_1_239' title='bbox 464 3605 491 3666; x_wconf 90' lang='lat' dir='ltr'><strong>d.</strong></span> <span class='ocrx_word' id='word_1_240' title='bbox 507 3605 641 3666; x_wconf 64' lang='lat' dir='ltr'><strong>San-St.</strong></span> <span class='ocrx_word' id='word_1_241' title='bbox 653 3605 755 3664; x_wconf 85' lang='lat' dir='ltr'>XVHI</span> <span class='ocrx_word' id='word_1_242' title='bbox 769 3627 797 3682; x_wconf 88' lang='lat' dir='ltr'><strong>p.</strong></span> <span class='ocrx_word' id='word_1_243' title='bbox 814 3608 886 3665; x_wconf 93' lang='grc'><strong>112.</strong></span> 
     </span>
     <span class='ocr_line' id='line_1_35' title="bbox 852 3703 908 3757; baseline 0.018 -1"><span class='ocrx_word' id='word_1_244' title='bbox 852 3703 908 3757; x_wconf 76' lang='lat'><strong>24⁸</strong></span> 
     </span>
    </p>
   </div>
   <div class='ocr_carea' id='block_1_13' title="bbox 0 0 1312 3912">
    <p class='ocr_par' dir='ltr' id='par_1_13' title="bbox 0 0 1312 3912">
     <span class='ocr_line' id='line_1_36' title="bbox 0 0 1312 3912; baseline 0 4"><span class='ocrx_word' id='word_1_245' title='bbox 0 0 1312 3912; x_wconf 95' lang='lat' dir='ltr'><strong> </strong></span> 
     </span>
    </p>
   </div>
  </div>
 </body>
</html>
