2570 3904
1090 159 1130 214 ix

119 332 314 406 veteremque
338 327 519 406 elegantiam
541 327 724 405 praeferunt,
746 345 837 405 quam
859 327 930 387 noui
952 326 1133 404 interpretes
1220 357 1222 363 ·

116 418 149 478 iu
171 420 293 478 tantum
316 417 402 476 abest
423 419 459 476 ut
481 417 621 495 consequi
637 416 800 494 potuerint,
823 418 858 475 ut
877 434 933 494 per
949 415 1133 494 imperitiam

119 506 239 584 linguae
260 524 350 582 saepe
367 523 542 565 numerous
559 505 732 582 intelligant
745 499 900 581 quidem'.¹
936 505 1132 582 Maphaeus

119 598 221 656 autem
238 594 377 672 Vegius
397 588 437 676 (†
453 586 552 674 1458)
572 588 648 654 ‘tem
665 587 845 672 vehemens',
862 593 970 672 inquit,
989 587 1033 654 ‘et
1049 597 1134 656 reeta

117 684 193 744 iaris
212 683 419 743 consultorum
438 686 469 744 et
483 682 601 743 dioendi
615 685 646 742 et
660 681 783 742 docendi
800 683 888 759 ratio,
902 686 965 744 tam
979 683 1133 762 integrum

118 776 149 833 et
161 791 239 850 pene
252 771 388 833 divinum
402 774 449 832 est
462 771 614 845 iudioium,
629 774 665 831 ut
677 770 710 829 in
723 771 779 830 hoo
792 790 848 831 suo
863 771 1014 832 seribendi
1022 791 1132 851 genere

18 877 19 934 i
116 862 269 921 neminem
291 879 394 921 eorum
407 861 587 921 existimem
609 859 662 937 qui
684 859 856 938 eloquentia
880 861 1008 938 gloriam
1030 861 1133 937 adepti

118 953 198 1027 sunt,
222 968 326 1027 parem
348 950 482 1027 ipsisne
505 949 602 1009 diuam
626 948 810 1024 superiorem
833 967 907 1009 esse.
951 949 997 1009 ita
1019 950 1133 1010 iaotum

118 1042 173 1116 eet,
191 1041 228 1098 ut
250 1039 303 1115 qui
321 1041 411 1098 antea
429 1037 537 1098 auditu
555 1037 648 1098 etiam
666 1037 749 1115 leges
768 1037 967 1116 abhorrerem,
984 1039 1134 1116 eoeperim

116 1127 193 1188 miro
212 1169 214 1177 .
230 1127 393 1187 admodum
422 1145 522 1187 amore
549 1126 730 1187 inflammari
757 1125 919 1203 degustata
948 1127 1134 1204 sapientissi-

116 1235 237 1277 morum
255 1215 465 1294 legislatorum
484 1215 651 1276 eruditione
671 1217 702 1275 et
720 1215 880 1293 elegantia.
910 1215 991 1275 inter
1009 1219 1133 1293 poetan-

18 1337 20 1364 ›
118 1305 189 1364 dum
221 1304 318 1382 igitur
347 1304 566 1365 hmsferebam
594 1322 641 1363 me
669 1321 883 1381 saepenumero
912 1304 950 1363 ad
977 1304 1134 1365 lectionem

18 1397 19 1416 ³
116 1393 327 1472 Digestorum,
356 1394 437 1472 quod
459 1395 492 1453 et
513 1412 593 1454 nuno
615 1393 693 1454 faoio
792 1393 939 1470 pellectus
963 1410 1081 1452 summa
1102 1393 1134 1455 vi

117 1481 248 1561 dicendi,
277 1500 393 1542 summo
417 1481 578 1543 verborum
601 1484 711 1542 ornatu
733 1484 764 1541 et
788 1481 945 1558 splendore
969 1481 1132 1543 sententia·

117 1589 243 1646 rumque
266 1571 435 1648 maiestate,
459 1571 623 1648 plurimum
646 1570 738 1630 etiam
756 1572 1013 1646 maximarumque
1032 1589 1134 1632 rerum

117 1659 290 1720 traditione.
332 1661 470 1736 persuasi
495 1659 571 1719 mihi
598 1659 759 1735 aliquando
786 1659 863 1718 nihil
893 1659 1018 1732 tersius,
1056 1659 1134 1720 nihil

117 1748 299 1824 praeclarius
327 1752 358 1807 et
386 1749 569 1825 sempiterna
595 1747 685 1808 laude
712 1748 833 1826 dignius
859 1747 988 1812 inveniri
1010 1741 1134 1823 posse'.²

118 1835 245 1915 denique
268 1836 490 1898 Laurentiue
508 1836 618 1897 Valla
634 1828 886 1918 (1407-1457)
908 1837 940 1896 in
959 1836 1133 1914 Elegantia·

116 1943 183 1988 rum
211 1925 297 1986 libris
321 1919 469 2004 ‘perlegi'‚
492 1926 605 2005 inquit,
632 1920 776 2002 ‘proxime
799 1925 1018 2005 quinquaginta
1040 1926 1133 2005 Dige-

118 2016 234 2074 storum
255 2014 350 2075 libros
373 2033 410 2074 ax
432 2015 583 2092 plerisque
606 2014 682 2074 iuris
706 2014 911 2075 consultorum
929 2015 1132 2076 voluminibus

118 2105 271 2180 excerptos
295 2106 327 2164 et
349 2104 445 2182 relegi
467 2123 536 2164 oum
558 2103 700 2182 libenter,
728 2106 794 2163 tum
816 2122 888 2164 vero
912 2104 1042 2183 quadam
1065 2122 1133 2165 oum

120 2191 329 2252 admiratione:
352 2193 483 2269 primum
505 2191 587 2269 quod
607 2194 723 2253 nescias
747 2194 850 2252 utrum
874 2191 1070 2270 diligentiore
1093 2212 1133 2253 an

118 2281 260 2357 gravitas,
287 2281 450 2358 prudentia
475 2300 515 2340 an
543 2281 692 2360 aequitas,
720 2281 847 2342 seientia
872 2301 975 2341 rerum
1003 2300 1042 2341 an
1065 2301 1132 2342 ora-

118 2369 206 2430 tionis
230 2369 362 2448 dignitas
385 2372 520 2447 praestet
542 2373 573 2430 et
594 2371 701 2431 maiori
724 2369 809 2430 laudi
828 2369 927 2430 danda
947 2389 1013 2432 esse
1030 2370 1132 2430 videa-

118 2460 179 2535 tur;
208 2457 337 2536 denique
365 2460 445 2537 quod
471 2459 546 2520 haee
572 2458 639 2535 ipsa
665 2460 710 2519 ita
736 2459 770 2518 in
796 2478 857 2519 uno
885 2477 1005 2537 quoque
1029 2477 1133 2518 eorum

119 2547 217 2607 omnia
245 2550 318 2608 sunt
345 2547 468 2626 egregia
494 2549 526 2608 et
552 2549 700 2626 perfecta,
731 2551 766 2608 ut
792 2548 984 2608 vehementer
1011 2546 1132 2607 dubites

119 2654 206 2712 quem
242 2635 291 2695 oui
325 2636 556 2714 praeferendum
587 2639 676 2713 putes
707 2680 743 2696 ..
768 2681 775 2695 .
807 2636 983 2712 utinamque
1020 2634 1133 2712 integri

118 2724 228 2784 forent!
247 2766 277 2785 ..
297 2726 377 2802 quod
400 2725 438 2784 ad
462 2744 563 2785 meum
585 2725 641 2785 hoo
665 2741 740 2800 opus
764 2723 884 2796 attinet,
906 2740 967 2782 non
983 2722 1131 2786 fraudabo

118 2811 191 2872 iuris
210 2813 379 2874 eonditores
398 2813 501 2879 debita
518 2814 609 2874 laude
624 2831 734 2889 ...per
753 2811 958 2890 quotidianam
972 2810 1132 2874 lectionem

21 2907 22 2934 ³
119 2899 314 2980 Digestorum
340 2906 373 2963 et
399 2920 517 2980 semper
543 2903 646 2981 aliqua
671 2921 708 2962 ex
738 2904 825 2980 parte
853 2901 1011 2962 incolumis
1039 2905 1131 2982 atque

21 3001 22 3006 ’
118 2988 282 3051 inhonore
304 2991 363 3051 fuit
384 2991 491 3071 lingna
513 2991 657 3070 Romana,
681 2994 712 3052 et
733 2990 819 3054 brevi
842 3009 928 3052 suam
950 2991 1131 3069 dignItatem

119 3081 207 3157 atque
230 3079 459 3156 amplitudinem
481 3072 715 3157 recuperabit'.⁸

188 3199 214 3249 1.
234 3193 357 3266 flavigny
374 3195 394 3251 l.
413 3213 437 3252 o.
456 3194 497 3250 vi
514 3213 542 3266 p.
556 3201 617 3252 428.

188 3271 216 3323 2.
236 3265 361 3338 flavigny
378 3267 398 3322 l.
416 3284 440 3324 o.
458 3284 486 3337 p.
501 3272 562 3323 480.

184 3341 211 3391 8.
230 3336 311 3392 Hune
328 3339 421 3393 loenm
440 3355 458 3392 a
476 3337 617 3408 Savignio,
637 3338 686 3394 ubi
704 3339 739 3395 de
753 3337 837 3394 Valla
855 3336 969 3394 disserit
983 3337 1041 3421 (vl,
1055 3339 1129 3407 438),

117 3423 170 3463 non
188 3408 310 3464 allatum
326 3408 475 3481 proposuit
494 3407 578 3479 Hugo
596 3409 627 3464 in
644 3425 690 3493 eo,
709 3426 792 3479 quem
810 3407 932 3478 primum
953 3409 1042 3463 edidit
1058 3406 1131 3462 libro

118 3483 246 3607 {0ng
276 3479 402 3535 ‘Eduard
431 3479 558 3537 Gibbons
590 3480 757 3536 histonsehe
789 3467 941 3535 llbersieht
975 3479 1024 3532 dee
1061 3482 1131 3529 rom.

157 3553 220 3606 ete
251 3567 280 3620 p.
294 3555 394 3621 211sq.
