2580 3900
173 233 240 298 236
266 232 312 288 IV.
326 230 544 286 VESPASIANI
557 228 630 285 ΤΙΤΙ
643 228 838 286 DOMITIANI
851 229 959 286 ΤΕΜΡ.
972 229 1068 285 IURIS
1083 228 1188 288 CONS.

593 427 793 496 dommedart.

263 555 328 621 54?
352 555 390 620 D.
408 557 458 631 12,
472 554 504 637 5,
517 556 593 638 9pr.
629 554 719 620 Idem
739 553 796 639 (sc.
813 548 949 640 Paulus)
967 552 1051 618 libro
1070 554 1190 638 quinto

174 645 215 710 ed
238 644 403 709 Plautium
426 642 475 730 (P.
496 642 606 730 1106).
631 680 669 691 —
696 643 730 709 Si
759 643 954 708 vestimenta
981 641 1102 707 utenda
1126 642 1189 708 tibi

101 751 107 761 ·
174 733 429 818 commodarem,
452 733 565 798 deinde
583 733 734 816 pretium,
756 737 793 796 ut
810 731 995 816 reciperem,
1018 730 1189 817 dedissem,

174 821 377 887 condictione
402 845 452 886 me
470 825 557 887 recte
577 826 723 888 acturum
742 841 934 905 responsum
953 824 1015 904 est,
1040 821 1192 905 quemvis

174 911 258 976 enim
279 915 413 996 propter
431 933 501 976 rem
519 911 631 976 datum
651 910 694 976 sit
713 914 745 976 et
762 931 861 975 cause
881 913 991 974 secuta
1007 910 1060 993 sit,
1079 912 1188 975 tamen

174 1001 312 1086 turpiter
336 1000 448 1065 datum
472 1003 529 1065 est.

502 1200 549 1259 De
571 1202 717 1260 institoria
740 1203 859 1260 uddone.

264 1321 315 1388 55.
338 1319 378 1384 D.
396 1317 446 1401 15,
463 1321 491 1403 1,
505 1319 546 1382 47
556 1341 604 1404 pr.
640 1318 728 1383 Idem
750 1315 808 1404 (sc.
822 1316 957 1406 Paulus)
972 1317 1057 1383 libro
1072 1322 1190 1403 quarto

176 1409 216 1475 ad
242 1409 408 1474 Plautium
438 1404 487 1494 (P.
507 1404 619 1494 1101).
647 1444 689 1454 -
718 1407 874 1484 Quotiens
906 1407 940 1473 in
972 1406 1109 1472 taberna
1141 1407 1190 1472 ite

178 1499 335 1582 seriptum
357 1497 474 1562 fuisset
502 1495 587 1561 ‘cum
609 1495 761 1562 Ianuario
786 1518 878 1562 servo
902 1518 972 1561 meo
997 1497 1065 1580 geri
1088 1516 1188 1581 nego-

174 1589 257 1652 tium
294 1584 391 1669 veto',
431 1585 493 1651 hoc
530 1586 634 1650 sotum
671 1590 878 1650 consecutum
915 1607 984 1650 esee
1023 1584 1190 1650 dominum

174 1676 312 1760 placuit,
341 1697 381 1739 ne
405 1673 570 1740 institoria
592 1677 752 1757 teneatur,
779 1695 845 1739 non
868 1675 967 1739 etiem
991 1673 1029 1738 de
1053 1673 1190 1758 peculio.

589 1875 636 1934 De
655 1876 775 1950 peculio.

266 1993 318 2058 56.
340 1992 381 2059 D.
397 1993 448 2075 15,
465 1996 492 2076 1,
506 1994 559 2076 47,
575 1995 604 2059 1.
640 1993 730 2058 Idem
750 1991 807 2078 (se.
821 1990 956 2080 Paulus)
973 1993 1058 2059 libro
1072 1997 1193 2078 quarto

179 2082 220 2147 ad
238 2081 402 2147 Plautium
422 2078 472 2169 (P.
489 2080 599 2170 1101).
618 2119 660 2130 -
680 2080 819 2148 Sabinus
837 2082 1005 2166 respondit
1022 2104 1088 2147 non
1107 2083 1191 2149 elias

178 2170 318 2236 dandam
342 2171 380 2236 de
403 2171 530 2255 peculio
554 2171 712 2236 actionem
736 2173 769 2236 in
788 2172 962 2250 dominum,
986 2193 1057 2237 cum
1077 2193 1190 2238 servus

177 2259 397 2342 fideiussisset,
415 2259 479 2325 nisi
498 2260 533 2324 in
551 2282 620 2324 rem
639 2259 761 2324 domini
780 2265 838 2326 aut
856 2262 897 2326 ob
913 2282 980 2324 rem
994 2261 1190 2346 peculiarem

175 2348 396 2414 fideiueeisset.

266 2437 319 2504 57.
342 2438 382 2504 D.
400 2437 478 2503 ibid.
497 2437 562 2518 §3-
587 2475 625 2484 -
652 2435 687 2502 si
711 2437 849 2503 creditor
871 2437 955 2503 servi
979 2437 1020 2502 ab
1043 2441 1193 2522 emptore

179 2532 266 2592 esset
298 2530 425 2612 partem
456 2530 657 2611 consecutur,
690 2531 872 2611 competere
903 2531 938 2591 in
965 2527 1125 2611 reliquum
1156 2528 1191 2592 in

177 2617 379 2683 venditorem
402 2616 482 2682 utile
505 2615 656 2681 iudicium
675 2614 830 2682 Proculus
850 2616 911 2701 ait;
934 2615 990 2680 eed
1009 2615 1191 2702 reintegra

177 2727 242 2771 non
272 2727 343 2770 ease
372 2705 625 2791 permittendum
653 2706 755 2771 actori
783 2704 922 2770 dividere
950 2705 1125 2791 actionem,
1153 2710 1192 2770 ut

178 2796 276 2860 simul
299 2816 372 2860 cum
395 2799 540 2879 emptore
564 2799 687 2860 etcum
705 2795 870 2860 venditore
889 2793 1087 2878 experiatur,
1110 2794 1192 2858 satie

179 2884 265 2948 enim
295 2905 364 2948 esse
392 2881 454 2949 hoc
479 2884 583 2949 solum
608 2884 637 2947 ei
660 2883 775 2967 tribui,
804 2888 842 2947 ut
863 2882 1000 2947 rescisso
1024 2884 1191 2967 euperIcre

178 2970 297 3036 iudicio
315 2973 350 3035 in
368 2971 504 3036 alterum
522 2971 614 3036 detur
632 2971 662 3035 ei
681 2972 775 3055 ectio,
794 2993 867 3037 oum
886 2972 989 3036 eleeto
1008 2991 1063 3036 reo
1083 2972 1193 3038 minue

177 3063 263 3125 esset
286 3064 483 3124 consecutus.

607 3201 764 3266 Mundati.

266 3326 318 3391 58.
340 3323 380 3388 Ι).
397 3325 448 3406 17,
465 3325 493 3409 1,
507 3324 560 3400 45,
576 3326 603 3388 7.
643 3324 764 3391 Paulus
787 3326 870 3393 libro
894 3327 1009 3412 quinto
1032 3325 1073 3391 ad
1095 3325 1194 3392 Plau-

177 3414 259 3478 tium
283 3413 334 3500 (P.
352 3409 461 3501 1114).
486 3450 528 3461 -
552 3411 644 3490 Quod
668 3415 748 3479 mihi
771 3414 910 3481 debebas
931 3438 951 3482 a
969 3415 1114 3481 debitore
1132 3419 1192 3481 tuo

179 3502 355 3587 stipulatus
385 3524 456 3567 eum
483 3502 627 3587 periculo
655 3507 721 3569 tuo.
768 3526 864 3588 posse
888 3527 939 3569 me
964 3525 1059 3588 agere
1082 3507 1192 3570 tecum

178 3592 322 3657 mandati
354 3593 388 3656 in
418 3592 465 3674 id,
498 3591 584 3678 quod
616 3593 723 3658 minus
751 3595 792 3659 ab
821 3594 878 3659 illo
910 3614 1037 3658 servare
1064 3596 1193 3678 potero,
