2590 3902
391 243 417 292 4.
440 239 471 292 L.
489 235 671 294 NERATIUS
689 238 837 295 Priscus
1051 239 1114 303 331

100 422 208 485 neque
235 401 404 486 possideat
430 422 534 487 neque
557 401 630 467 dolo
655 403 742 468 malo
765 401 891 480 fecerit,
920 402 1114 488 quominus

99 488 286 573 possideret
318 488 402 574 quod
429 490 546 556 iudicio
576 491 717 556 revictus
744 491 935 574 restituerit,
969 513 1010 556 an
1039 492 1115 577 quia

98 578 210 662 possit
229 582 262 643 et
281 578 454 644 secundum
474 579 573 644 alium
592 579 735 664 iudicari,
754 601 820 645 non
835 580 929 645 aliter
944 581 1113 646 restituere

100 667 222 732 debeat
246 689 342 752 quam
362 668 390 732 si
409 671 538 733 cautum
558 669 587 733 ei
605 668 713 746 fuerit,
736 668 821 752 quod
841 668 994 734 adversus
1014 670 1113 735 alium

9 767 10 798 l
100 755 237 821 eandem
265 755 477 822 hereditatem
505 756 657 822 defendit.
689 755 759 842 [sed
787 757 901 821 melius
928 763 979 823 est
1006 758 1113 824 officio

99 844 221 909 iudicis
245 846 394 910 cautione
416 845 467 910 vel
491 845 701 911 satisdatione
725 845 810 910 victo
835 844 962 929 mederi,
986 869 1057 912 cum
1081 855 1114 912 et

9 959 10 1000 1
99 954 153 998 res
183 934 274 999 salva
300 934 344 998 sit
371 935 400 999 ei
429 935 483 1019 qui
510 934 544 999 in
574 935 776 1000 exsecutione
799 934 923 999 tardior
945 937 1034 1000 veuit
1058 937 1113 1001 ad-

9 1069 10 1098 ,
99 1043 214 1087 versus
237 1023 376 1106 priorem
392 1024 579 1106 uictorem]

9 1125 10 1136 ¹
191 1133 313 1193 Inclusa
334 1134 428 1194 verba
449 1153 509 1194 non
532 1134 649 1194 Neratii
673 1153 736 1196 esse
759 1135 881 1196 Pernieo
908 1135 973 1194 iure
1003 1141 1112 1196 censet.

363 1323 413 1390 De
435 1325 604 1407 amcam
625 1327 673 1390 rei
694 1327 855 1392 iudicatae.

191 1445 245 1512 59.
268 1448 308 1513 D.
321 1450 374 1532 44,
388 1451 419 1532 2,
434 1451 498 1514 27:
522 1448 674 1514 Neratius
693 1450 776 1516 libro
796 1451 935 1533 septimo
954 1449 1113 1515 Membra-

100 1559 226 1602 narum.
254 1573 291 1584 -
318 1535 399 1604 Oum
424 1538 556 1622 dehoc,
582 1560 624 1603 an
646 1538 757 1603 eadem
781 1559 833 1603 res
856 1543 915 1624 est,
938 1539 1112 1624 quaeritur,

100 1627 180 1692 haee
200 1627 375 1710 spectanda
394 1630 483 1691 sunt:
502 1648 666 1711 personae,
684 1626 716 1692 id
735 1629 843 1711 ipsum
861 1628 900 1692 de
919 1649 980 1713 quo
997 1629 1112 1713 agitur,

101 1736 199 1780 causa
223 1715 371 1798 proxima
389 1715 536 1781 actionis.
577 1737 636 1780 nec
654 1716 720 1780 iam
737 1717 882 1798 interest,
906 1738 970 1801 qua
987 1717 1112 1782 ratione
1240 1737 1242 1742 ·

102 1805 173 1888 quis
199 1825 272 1868 eam
295 1826 425 1869 causam
448 1805 585 1876 actionis
605 1809 787 1888 competere
806 1805 867 1870 sibi
887 1807 1113 1890 existimasset,

99 1891 235 1977 perinde
259 1915 296 1958 ac
320 1894 348 1958 si
373 1893 454 1977 quis,
477 1898 687 1979 posteaquam
711 1897 826 1960 contra
843 1893 916 1960 eu'm
934 1895 1110 1961 iudicatum

101 1987 201 2060 esset,
223 2003 308 2046 nova
330 1983 548 2047 instrumenta
570 2003 685 2048 causae
709 2005 785 2048 suae
808 1985 1013 2068 repperisset.

473 2177 523 2244 Da
544 2179 737 2260 resucopioac.

193 2302 245 2367 60.
273 2300 312 2365 Ι).
331 2304 383 2384 41,
402 2301 432 2382 3,
450 2302 502 2367 41.
547 2299 636 2367 Idem
660 2302 719 2390 (sc.
742 2301 909 2390 Neratius)
933 2304 1017 2370 libro
1042 2326 1112 2390 sep·

100 2391 182 2456 timo
206 2388 475 2456 Membranarum.
502 2427 538 2436 -
565 2389 599 2456 Si
626 2414 694 2456 rem
723 2392 909 2476 subreptam
935 2393 1015 2456 mihi
1037 2415 1111 2478 pro-

100 2483 232 2544 curator
254 2500 344 2544 meus
368 2479 593 2564 adprehendit,
616 2481 764 2564 quamvis
788 2502 845 2565 per
867 2485 1110 2568 procuratorem¹

98 2567 335 2651 possessionem
369 2569 468 2652 apisci
502 2589 562 2632 nos
594 2569 659 2633 iam
691 2569 758 2633 fare
791 2569 975 2652 conveniat,
1007 2569 1109 2634 nihilo

100 2657 205 2742 magis
234 2678 305 2721 eam
332 2656 367 2721 in
394 2659 590 2740 potestatem
618 2678 723 2722 meam
746 2657 868 2722 redisse
891 2677 1015 2740 usuque
1038 2657 1110 2742 capi

98 2766 194 2829 posse
227 2743 476 2811 existimandum
508 2748 570 2825 est,
603 2745 679 2829 quia
712 2749 823 2810 contra
856 2745 955 2809 statui
988 2746 1108 2830 captio-

99 2855 172 2899 sum
198 2834 268 2899 erit.

502 2939 552 3006 ne
572 2889 727 3024 repostos

190 3063 243 3127 61.
266 3061 303 3128 D.
321 3065 371 3146 17,
389 3063 485 3148 1,39.
521 3063 675 3140 Neratius
695 3065 778 3130 libro
798 3065 934 3149 septimo
950 3065 1109 3132 Membra·

99 3173 225 3216 narum.
248 3187 290 3199 -
314 3153 358 3218 Et
386 3153 533 3218 Aristoni
563 3156 596 3218 et
623 3151 717 3219 Celso
745 3152 832 3238 patri
860 3154 984 3238 placuit
1011 3177 1108 3238 posse

98 3262 167 3305 rem
194 3240 257 3304 hac
279 3241 465 3307 condicione
489 3242 606 3327 deponi
630 3242 882 3328 mandatumque
906 3240 1108 3331 (condicione

98 3329 236 3394 fiduciae
260 3328 393 3417 causat)
423 3331 556 3416 suscipi,
584 3335 621 3395 nt
647 3353 701 3396 res
729 3333 871 3416 periculo
896 3335 964 3397 eius
988 3334 1031 3398 sit
1053 3335 1108 3418 qui

99 3417 284 3502 depositum
303 3420 354 3483 vel
373 3419 562 3484 mandatum
580 3417 736 3505 (depositi
751 3421 801 3484 vel
815 3420 960 3486 mandati
975 3421 1108 3507 causei)

99 3506 258 3590 suscepit,
281 3508 365 3592 quod
389 3512 421 3573 et
445 3508 525 3573 mihi
548 3530 657 3572 verum
681 3529 751 3572 esse
774 3507 910 3574 videtur.

188 3599 312 3662 Pernioe
335 3602 382 3660 111
404 3623 432 3680 p.
450 3603 510 3662 139
536 3622 563 3660 u.
580 3603 608 3661 2.
