2596 3902
171 223 234 288 126
248 224 296 279 lIl.
307 222 383 278 GAll
393 221 539 279 CLAUDII
548 221 683 280 NERON.
693 222 836 278 GALBAE
845 223 951 281 ΤΕΜΡ.
966 223 1062 280 IURIS
1076 223 1179 282 CONS.

166 388 231 468 pem'
243 391 404 470 poteroot;
427 387 483 451 sed
497 387 551 468 qeo'
567 391 676 472 petent,
693 407 796 452 seuere
812 387 963 472 debebant,
982 388 1010 452 si
1027 387 1183 454 heredetas

168 477 264 542 euicto
279 475 385 561 feerit,
401 476 483 556 qood
500 476 668 558 tenatorum
679 478 803 541 nomiae
816 477 924 542 datum
937 479 979 542 sit
990 478 1112 543 reddito
1125 479 1184 542 ἑνί,

411 625 468 700 De¹
482 635 531 700 lete
553 636 608 718 qui
629 635 830 702 attentioris
851 641 932 703 sont

257 759 308 823 31.
328 758 366 824 D.
383 760 410 839 1,
426 759 454 840 7,
464 758 516 823 44.
549 757 704 824 Proculus
720 759 803 824 libro
818 763 933 826 oetaeo
946 759 1178 845 Epistularum.

168 883 210 894 -·
236 845 335 930 siis,
362 848 416 932 qui
438 850 590 930 nepotem
614 870 651 911 ex
675 848 742 912 filio
765 847 930 932 hebetia
954 847 1082 932 nepotis
1104 849 1178 914 loeo

169 937 308 1022 aliquem
346 935 527 1020 adoptavit,
562 956 626 1001 noo
652 941 728 1019 peto
760 943 879 1003 mortno
910 957 967 1002 ατο
998 938 1071 1002 iuro
1106 957 1180 1002 oon-

166 1026 386 1109 sooyuiaitatts
400 1026 487 1090 'inter
509 1030 629 1106 nepotes
649 1025 760 1106 fotura
782 1045 851 1091 esee.
896 1028 949 1092 sed
969 1026 999 1091 ei
1019 1027 1063 1091 eie
1085 1028 1180 1109 adop

167 1117 257 1197 tavit,
288 1116 336 1179 oti
362 1119 426 1178 tom
449 1115 516 1178 iore
539 1115 599 1197 lene
620 1133 713 1196 nepos
734 1135 809 1180 suus
831 1119 917 1200 esset,
950 1135 1048 1196 quam·
1065 1112 1111 1180 εἰ1
1141 1136 1180 1180 ee

166 1203 262 1268 Lecto
287 1208 369 1286 puto
399 1203 464 1285 filio
495 1222 551 1268 eoo
582 1207 612 1268 et
638 1223 675 1268 ee
701 1204 967 1285 matrefamilias
994 1204 1059 1269 eius
1084 1210 1181 1270 natue

166 1296 252 1375 esset,
275 1297 382 1357 eontra
400 1296 484 1373 poto.

255 1403 329 1464 Gell.
358 1405 386 1479 5,
414 1405 463 1481 19,
491 1405 519 1463 9.
569 1403 643 1462 Eius
675 1404 839 1482 rogationis
871 1404 963 1463 verba
995 1405 1068 1464 haee
1092 1408 1177 1464 eunte

165 1493 267 1554 velitis
290 1491 429 1565 lubeatis,
452 1493 487 1550 ut
509 1491 542 1551 L.
561 1491 701 1552 Valerius
720 1493 754 1552 L.
772 1493 853 1553 Titio
876 1495 940 1553 tam
962 1492 1028 1552 iure
1051 1493 1178 1571 legeque

166 1582 246 1641 filius
275 1580 345 1659 siet,
374 1600 465 1658 quam
491 1579 517 1640 si
544 1599 580 1639 ex
607 1600 641 1641 eo
668 1584 754 1659 petre
782 1584 935 1658 matreque
959 1581 1089 1642 familias
1113 1583 1177 1642 eius
1293 1639 1294 1662 ἶ

165 1673 254 1729 natue
279 1672 358 1729 esset
381 1673 412 1728 et
434 1661 461 1745 qss'
486 1688 507 1728 s,

392 1805 443 1871 De
465 1807 652 1888 adquirendo
675 1827 779 1872 rerem
801 1807 948 1873 dometio.
1293 1875 1294 1888 χ

255 1931 307 1996 32.
328 1929 592 2015 D.41,1,5opr.
611 1933 631 2012 e
649 1931 677 1996 1.
713 1931 803 1996 leem
824 1929 881 2019 (se.
899 1927 1072 2017 Proculus)
1091 1931 1176 1997 nero
1293 1903 1294 1964 ¹

167 2015 280 2084 octavo
305 2017 535 2104 Epistularum.
1294 2101 1295 2104 Ἴ

255 2119 279 2169 1.
310 2106 422 2172 Insula
454 2113 503 2173 est
535 2111 630 2172 enata
662 2107 698 2172 in
728 2107 861 2173 flumine
894 2111 1006 2172 eontra
1033 2107 1176 2175 frontem
1294 2117 1295 2148 l

166 2197 235 2281 agri
264 2196 340 2278 mei,
368 2197 414 2260 ita
441 2202 478 2262 ut
504 2197 587 2262 nihil
617 2196 783 2261 excederet
810 2197 979 2282 longitudo
1008 2198 1175 2282 regionem

164 2285 288 2370 praedii
320 2285 397 2368 mei3
429 2288 542 2369 postea
569 2290 664 2350 aucta
691 2289 741 2350 est
768 2287 926 2369 paulatim
955 2291 988 2351 et
1015 2289 1176 2370 prooessit

165 2375 279 2440 contra
292 2373 415 2438 frontes
436 2378 468 2438 et
487 2375 662 2459 superioris
676 2373 775 2439 vieini
791 2379 824 2439 et
837 2374 1008 2440 inferioris.
1046 2396 1174 2459 quaero,

165 2463 250 2548 quod
274 2462 417 2527 adcrevit
439 2466 548 2527 utrum
572 2485 677 2527 meum
702 2463 754 2546 sit,
777 2464 928 2548 quoniam
952 2484 1024 2528 meo
1046 2464 1174 2529 adinno-

164 2557 234 2618 tum
262 2557 324 2635 est,
357 2574 398 2616 an
426 2553 494 2616 eius
521 2552 600 2616 iuris
630 2553 686 2634 sit,
713 2552 802 2617 ouius
832 2555 930 2635 esset,
958 2550 986 2616 si
1013 2551 1107 2617 initio
1137 2575 1177 2616 ea

163 2644 242 2707 nata
265 2642 332 2706 eius
355 2640 568 2725 longitudinis
592 2642 714 2706 fuisset.

252 2729 409 2795 Proculus
432 2730 611 2813 respondit:
643 2731 759 2812 flunmen
781 2729 876 2807 meod,
899 2729 934 2793 io
955 2750 1013 2810 quo
1036 2729 1175 2795 insulem

164 2824 269 2883 eontra
298 2818 430 2899 frontem
463 2819 533 2901 aori
564 2821 610 2883 teo'
635 2823 757 2884 enatem
785 2838 846 2883 esse
872 2819 1024 2900 seipsisti
1050 2820 1108 2902 ito,
1141 2823 1178 2883 ot

163 2927 226 2971 non
252 2908 401 2971 eoeederet
427 2907 647 2990 lonqitode‘oem
675 2909 745 2989 aori
772 2907 830 2990 toi,
859 2908 888 2971 si
914 2907 1078 2972 olloeioois
1102 2907 1174 2991 <is>

163 2995 213 3059 ios
242 2993 334 3058 tebet·
355 3000 384 3058 et
409 2995 514 3059 insola
541 2997 630 3060 initio
651 2997 782 3078 propior
801 2995 899 3074 feodo
923 3000 974 3060 tuo
994 2996 1059 3075 feeit
1079 3016 1176 3078 ouem

164 3083 241 3167 eius,
274 3083 328 3164 qni
354 3086 441 3147 trane
466 3090 579 3160 flumen
606 3083 745 3165 habebat,
778 3087 841 3148 tota
869 3087 923 3148 tuo
948 3085 1033 3164 fecto
1059 3089 1115 3170 est,
1147 3091 1176 3150 et

163 3173 244 3253 quod
269 3176 376 3253 posteo
402 3172 431 3236 ei
457 3172 577 3236 iosoloe
606 3173 759 3237 alluvione
785 3173 923 3257 occessit,
948 3174 982 3237 id
1008 3179 1095 3238 teum
1122 3179 1174 3254 est,

163 3261 284 3325 etiamsi
311 3261 357 3325 ito
383 3261 518 3344 necessit,
545 3265 580 3325 ot
601 3262 773 3344 procederet
798 3262 903 3327 insola
930 3267 1034 3327 contro
1055 3263 1175 3345 frontes

163 3350 333 3414 vicinorum
351 3349 519 3430 superioris
536 3355 627 3432 atque
644 3350 811 3432 inferioris,
829 3351 875 3416 vel
891 3351 984 3416 etiam
997 3357 1033 3416 ot
1043 3353 1175 3434 propior

163 3442 237 3503 esset
256 3436 354 3517 secedo
377 3439 454 3521 eius,
477 3439 531 3520 qui
553 3444 642 3504 tram
663 3439 778 3520 flumen
800 3439 893 3505 tabet.

236 3600 249 3646 1
272 3593 307 3652 F.
327 3595 358 3648 ut
377 3593 460 3650 etiam
480 3594 540 3650 iure
557 3595 629 3665 legia
645 3635 651 3649 .
668 3637 675 3652 .
690 3581 697 3652 ζ
712 3599 786 3652 eeeet
804 3596 892 3666 quasi.
