2590 3902
514 188 540 238 3.
559 182 719 238 rumores
1050 185 1115 250 269

105 352 157 427 23,
177 352 206 425 2,
225 352 277 410 49.
307 352 335 426 6,
356 354 382 422 1,
403 343 472 427 61),
504 344 648 428 ‘negavit’
680 346 730 429 (D.
750 353 780 428 8,
799 354 827 428 3,
849 353 900 412 31.
929 356 979 425 22,
1001 356 1029 432 1,
1049 346 1116 434 26),

104 439 286 514 ubicumque
314 433 476 514 ‘respondi’
503 439 628 516 legitur,
654 440 686 497 id
713 441 792 516 quod
819 441 853 500 D.
870 443 921 520 24,
938 446 965 519 1,
980 444 1021 502 39
1050 443 1117 502 fieri

103 527 251 611 videmus,
274 531 328 587 aut
350 528 387 587 dc
404 527 516 586 Iuliani
537 547 679 604 responso
703 528 895 604 cogitandum
919 526 1116 591 55155115-

105 610 237 693 spondit'
266 617 467 691 scribendum,
494 616 567 675 item
594 616 630 676 de
658 636 728 678 voce
754 618 808 677 illa
832 612 1039 698 ‘interrogavi'
1063 624 1117 680 aut

103 705 257 764 Iulianum
285 705 516 782 interrogavisse
544 710 599 765 aut
620 706 781 781 legendum
804 701 1024 786 ‘interrogavit'
1052 710 1117 768 veri

105 794 202 854 simile
231 797 292 871 551,
319 798 354 853 ut
384 795 554 870 fragmento
584 795 629 852 illi
655 813 694 853 ns
722 813 816 872 aequo
844 795 912 871 plus
939 797 1116 875 tribuamus,

105 883 271 945 cavendum
295 884 343 942 sit.

194 971 235 1030 11.
251 971 282 1032 L.
289 971 444 1031 Minicium
453 971 603 1045 Natalem,
612 972 651 1030 ad
660 991 750 1047 quem
758 971 920 1031 Traianum
929 974 1116 1048 rescripsisse

105 1060 255 1137 Ulpianus
274 1060 350 1121 libro
369 1060 428 1118 VH
446 1061 483 1119 de
502 1060 599 1120 officio
617 1059 804 1137 proconsulis
821 1061 915 1120 refert
933 1055 983 1138 (D.
996 1065 1023 1136 2,
1036 1066 1114 1138 12,9

106 1143 213 1208 ‘Divus
238 1149 385 1208 Traianus
407 1148 528 1208 Minicio
550 1148 655 1207 Natali
681 1149 835 1226 rescripsit
861 1149 953 1208 ferias
981 1151 1117 1209 515555-

107 1239 190 1298 sibus
208 1241 329 1297 tantum
346 1237 477 1316 negotiis
495 1237 567 1296 darc
584 1238 781 1315 vacationem,
799 1256 835 1297 ea
853 1242 962 1314 autem,
980 1257 1056 1315 quae
1077 1240 1115 1297 cd

106 1327 296 1403 disciplinam
317 1327 480 1386 militarem
499 1325 660 1402 pertinent,
683 1327 774 1385 etiam
792 1326 910 1385 feriatis
929 1326 1033 1386 diebus
1050 1345 1117 1404 per-

106 1416 232 1493 agenda,
251 1415 331 1475 inter
347 1434 424 1491 quae
443 1413 646 1474 custodiarum
665 1434 784 1492 quoque
802 1415 1002 1492 cognitionem
1017 1410 1117 1495 esse'),

105 1505 323 1581 proconsulatu
354 1504 403 1564 vel
433 1503 620 1578 proconsulis
651 1503 718 1564 vice
745 1505 882 1563 functum
909 1503 1000 1563 fuisse
1028 1503 1117 1563 facile

106 1595 242 1669 apparet.

195 1681 252 1740 III.
275 1681 309 1740 L.
328 1680 466 1740 Minicius
483 1681 611 1757 Natalis,
634 1681 718 1740 cuius
741 1681 773 1739 in
792 1680 1039 1758 inscriptionibus
1056 1681 1118 1740 illis

106 1771 220 1829 mentio
252 1769 300 1845 fit,
336 1773 479 1847 utroque,
510 1773 545 1828 ut
576 1768 708 1847 videtur,
745 1769 824 1829 bollo
857 1770 965 1830 Dacico
997 1771 1118 1847 legatus

105 1859 234 1936 legionis
264 1858 390 1918 alicuius
417 1859 490 1934 fuit,
521 1859 601 1918 circa
629 1859 738 1918 5105
766 1859 885 1937 legatus
912 1859 1039 1936 legionis
1072 1858 1118 1917 III

109 1949 266 2025 Augustae
286 1938 320 2028 (i.
339 1967 363 2006 5.
377 1939 561 2027 Numidiae),
581 1966 607 2008 5.
629 1949 692 2007 106
711 1947 761 2007 vol
781 1950 842 2009 107
862 1966 930 2007 cum
949 1946 982 2017 Q.
1000 1947 1116 2008 Licinio

108 2035 261 2095 Graniano
277 2037 380 2096 consul
394 2035 544 2110 suffectus,
557 2039 627 2112 post
641 2037 751 2112 a.107,
765 2037 880 2096 scilicet
892 2040 963 2114 post
977 2037 1116 2110 Plinium,

108 2143 238 2200 quocum
256 2125 390 2184 amicitia
406 2125 527 2185 videtur
546 2125 720 2184 coniunctus
740 2125 831 2188 fuisse
846 2119 935 2207 (Plin.
951 2145 996 2203 cp.
1014 2119 1118 2204 7,12),

108 2216 230 2273 curator
249 2212 328 2273 alvei
346 2213 464 2273 Tiberis
483 2219 514 2273 et
531 2213 664 2290 riparum
684 2215 714 2272 et
732 2214 901 2274 cloacarum
919 2214 1012 2292 urbis,
1034 2216 1116 2292 lega-

108 2305 160 2360 tus
178 2320 234 2378 pro
253 2305 389 2377 praetore
408 2302 578 2378 provinciae
598 2302 768 2361 Pannoniae
786 2303 945 2379 inferioris,
963 2303 1117 2363 Hadriano

108 2391 253 2468 principe,
275 2391 334 2450 fere
353 2410 378 2450 a.
396 2395 457 2452 119
473 2391 522 2450 vel
538 2394 610 2464 120,
628 2391 788 2468 proconsul
805 2391 975 2466 provinciae
989 2391 1116 2451 Africae.

108 2479 206 2538 filium
238 2478 346 2538 habuit
377 2480 409 2540 L.
432 2479 584 2538 Minicium
616 2479 758 2538 Natalem
794 2483 983 2556 quaestorem
1017 2480 1118 2538 candi-

109 2569 215 2627 datum
233 2567 380 2627 Hadriani
396 2568 475 2647 Aug.
500 2571 530 2628 51
552 2568 657 2627 eodem
675 2572 808 2643 tempore
827 2567 907 2644 apud
924 2569 1042 2643 patrem
1060 2567 1118 2642 leg.

108 2675 192 2731 prov.
216 2650 344 2716 Africae
360 2657 527 2717 dioeceseos
550 2655 815 2734 Carthaginiensis,
838 2674 864 2715 a.
881 2658 942 2716 127
968 2654 1119 2714 consulem

109 2745 277 2804 suffectum.

199 2823 264 2892 lam
287 2834 358 2909 quin
375 2833 514 2894 Minicius
532 2833 660 2909 Natalis,
683 2833 719 2892 dc
743 2851 801 2910 quo
825 2832 954 2892 secundo
975 2833 1040 2891 loco
1059 2832 1120 2891 dixi

107 2921 189 2980 idem
222 2921 263 2982 sit
292 2926 382 2999 atquc
411 2923 444 2980 L.
471 2921 609 2982 Minicius
636 2922 756 2983 Natalis
783 2924 883 3000 pater,
911 2921 1044 2981 dubitari
1070 2921 1120 2982 vix

108 3013 219 3085 potest.
270 3009 411 3072 Karlowa
437 3011 498 3088 Ip.
521 3014 592 3072 701.
629 3011 709 3070 Buhl
735 3031 764 3088 p.
786 3013 836 3072 55.
886 3029 983 3087 neque
1013 3011 1120 3071 idonea

108 3098 188 3159 ratio
216 3097 336 3158 videtur
364 3117 427 3160 esse
455 3118 513 3176 qua
540 3099 613 3160 iuris
640 3100 771 3176 peritum
796 3099 882 3159 illum
906 3100 1031 3160 eundern
1055 3119 1118 3161 esse

109 3190 201 3262 atque
228 3186 383 3246 Minicium
409 3189 549 3248 Natalem
576 3208 727 3268 negemus.
776 3208 846 3250 nam
876 3190 957 3267 quod
983 3189 1120 3264 Krucger

109 3275 130 3332 l.
148 3293 172 3333 c.
197 3275 254 3335 ait:
281 3268 354 3335 ‘scr
384 3277 431 3336 dic
457 3277 603 3337 Identitat
629 3277 682 3337 des
709 3277 880 3338 Verfassers
908 3269 960 3358 (de
988 3277 1073 3336 libris
1102 3295 1121 3335 a

109 3362 232 3424 Minicio
256 3364 343 3424 editis
366 3384 462 3426 sermo
484 3357 544 3447 551)
565 3367 619 3425 mit
639 3366 706 3425 dem
725 3412 732 3426 .
748 3413 776 3426 ..
799 3365 915 3425 Konsul
938 3364 989 3424 des
1008 3365 1036 3424 J.
1054 3367 1118 3425 107

94 3489 97 3497 .
109 3451 248 3511 Minicius
258 3452 377 3514 Natalis
391 3455 485 3515 bietet
498 3454 546 3514 die
557 3454 725 3514 Gleichheit
737 3455 788 3514 des
799 3453 1118 3512 Geschleohtsnamens

109 3535 221 3600 lreinen¹
246 3543 442 3620 gcnflgcnden
469 3536 603 3618 anhalt,
629 3541 705 3600 illud
733 3540 940 3617 opponendum
968 3541 1025 3597 cst:
1055 3556 1117 3596 non
