2568 3912
172 240 236 304 566
321 321 325 326 ι
536 238 816 296 unumunurm.-

171 424 287 485 posse,
309 402 385 486 quia
412 401 533 466 vendit'
508 403 607 504 tronis
639 406 689 467 est
718 402 873 468 resolutio
908 401 1061 466 redhibit'
1036 405 1100 489 t103
1129 404 1182 467 alii

172 494 349 573 emptorem
373 489 482 555 vendit
468 490 549 556 toris
573 482 755 557 accessione
775 513 907 556 usurum
927 495 959 555 e
945 491 1182 557 tuenditorem

172 580 334 662 emptoris.

471 745 501 815 3.
529 743 761 819 incertorum
789 743 884 815 libri.

260 903 304 963 De
334 907 470 964 veterum
497 901 581 964 libris
611 926 638 964 v.
668 923 760 982 supra
789 924 817 981 p.
840 906 912 965 505.
941 905 1119 980 fragmentis
1146 924 1182 964 ea

172 992 281 1066 addidi,
304 1012 379 1070 quae
398 993 526 1054 incertos
546 994 582 1053 de
600 993 674 1054 iuris
689 995 894 1054 consultorum
913 994 1071 1052 sententiis
1086 996 1180 1053 rettu-

170 1081 240 1143 lisse
263 1081 412 1142 dicuntur.

505 1183 532 1240 1.
556 1179 605 1239 Do
628 1181 706 1239 iure
730 1199 841 1239 sacro.

458 1289 507 1355 De
530 1289 733 1356 sacerdotebus
749 1288 890 1372 publicis.

193 1363 195 1368 V
263 1406 291 1470 1.
325 1403 406 1469 Geli.
442 1406 495 1488 10,
529 1405 585 1488 15,
622 1407 720 1470 1.-
755 1403 979 1470 anrimoniae
1012 1405 1183 1506 impositpe

171 1493 296 1558 flamini
318 1492 406 1558 Diali
429 1457 511 1558 muit
497 1498 559 1575 t‚ae
582 1493 661 1558 item
686 1498 755 1559 cast
756 1516 793 1558 us
741 1494 895 1558 ttmul
881 1493 1019 1578 tiplioes,
1043 1515 1126 1577 quos
1150 1495 1183 1557 in

172 1583 273 1666 libris,
301 1582 355 1666 qui
379 1582 417 1647 de
440 1583 660 1648 sacerdotibus
679 1583 818 1667 publicis
838 1581 1012 1665 compositi
1032 1588 1162 1647 sunt.

173 1672 310 1756 scriptos
334 1672 483 1757 legimus.

259 1784 295 1842 cf.
319 1783 430 1843 Fabius
453 1783 566 1842 Pictor:
590 1782 614 1842 I.
638 1803 666 1858 p.
691 1785 741 1843 10.

518 1937 567 2002 De
585 1939 653 2003 iare
672 1938 838 2021 pontificio.

260 2053 289 2117 2.
313 2051 394 2118 Gall.
419 2054 469 2138 16,
493 2052 522 2133 6,
548 2053 598 2119 12.
625 2090 663 2099 -
766 2052 921 2137 scriptum
945 2051 1130 2116 invenimus
1155 2052 1188 2115 in

172 2142 410 2207 commentariis
434 2141 626 2224 quibusdam
656 2143 696 2206 ad
724 2143 774 2207 ius
798 2140 999 2225 pontificium
1023 2141 1189 2224 pertinen·

171 2231 258 2295 tibus
283 2228 459 2295 ‘bidennes'
484 2231 587 2314 primo
610 2230 713 2295 dictas
737 2230 757 2293 d
781 2231 890 2294 littera
912 2229 1060 2311 inmissa,
1095 2229 1189 2314 quasi

174 2317 339 2401 ‘biennes’,
366 2323 436 2384 tum
464 2320 561 2404 longo
588 2341 649 2383 usu
681 2319 834 2404 loquendi
861 2322 1045 2401 corruptam
1075 2340 1189 2385 vocem

174 2429 244 2472 esse
268 2415 300 2473 et
322 2431 361 2473 ex
383 2406 601 2473 ‘bidennibus'
624 2405 795 2473 ‘bidentes’
820 2407 951 2490 factum,
979 2407 1135 2492 quoniam
1156 2405 1189 2471 id

101 2579 104 2584 Ι
171 2497 340 2563 videbatur
364 2519 432 2562 esse
455 2498 542 2561 dictu
565 2496 692 2561 facilius
717 2496 892 2582 leniusque.
1003 2563 1008 2572 ,

492 2683 519 2740 2.
543 2678 592 2737 De
615 2679 698 2738 iure·
713 2679 866 2764 privato.

509 2821 537 2863 a.
559 2803 609 2862 De
632 2804 711 2863 iure
736 2803 848 2863 civili.

584 2913 634 2979 De
657 2914 772 2998 lupatis.

263 3029 291 3093 3.
311 3028 350 3094 D.
364 3031 416 3114 33,
434 3030 465 3112 4,
485 3031 514 3114 6,
530 3032 559 3094 1.
590 3029 699 3113 Labeo
714 3029 798 3093 libro
815 3028 952 3093 secundo
968 3029 1190 3112 posteriorum

175 3139 194 3180 a
229 3115 381 3183 Iauoleno
419 3118 678 3201 epitomatorem.
715 3155 752 3164 —
888 3115 991 3182 Servii
1024 3115 1190 3181 auditores

174 3207 370 3271 rettulerunt
392 3209 425 3270 et
448 3227 477 3289 q.
501 3228 525 3270 s.

262 3308 473 3384 vlp..171

174 3497 216 3560 Β,
262 3409 292 3473 4.
316 3407 353 3471 Ι).
378 3409 429 3492 29,
454 3408 482 3492 7,
509 3409 550 3472 14
574 3429 621 3492 pr.
659 3407 812 3474 Scaevola
837 3409 997 3473 librot
943 3411 997 3474 oct
998 3430 1060 3474 ovo
1085 3409 1191 3486 Quae·

174 3518 327 3561 s.10num

262 3621 290 3658 v
314 3598 352 3676 11
378 3601 447 3676 rp
472 3601 544 3660 355.
