2580 3900
489 224 713 282 censurius
794 247 795 252 κ
938 177 942 184 ’
1042 226 1108 295 235
1171 276 1174 281 .

92 389 172 454 horu
211 387 347 454 cottidie
381 388 569 452 servitutem
600 388 722 456 hebeat
754 386 811 474 (sc.
838 387 939 475 quis),
976 387 1105 455 Servius

92 477 204 543 scribit
230 477 364 561 perdere
393 498 466 541 eum
493 498 558 542 nou
586 477 705 543 utendo
733 478 938 562 servitutem,
970 479 1046 565 quie
1072 479 1106 545 id

92 567 176 652 quod
200 566 302 631 habet
325 565 538 632 cottidianum
562 566 612 630 sit

178 647 231 721 5'0.
259 654 301 719 D.
320 655 350 738 8,
368 655 399 738 3,
418 654 469 719 35.
514 652 635 718 Paulus
664 655 748 721 libro
777 656 890 740 quinto
916 656 1040 723 decimo
1065 659 1105 722 sd

90 744 257 811 Plautium
288 740 341 830 (P.
360 743 471 828 1212).
494 779 535 792 -·-
558 751 637 808 ..et
659 741 832 808 Atilicinus
866 746 912 810 sit
934 744 1106 812 Caesarem
1178 761 1182 769 ’

91 832 220 898 Statilio
243 832 352 897 Tauro
375 832 580 916 rescripsisse
602 832 637 896 in
659 833 739 898 heec
761 834 875 898 verber
899 833 964 918 Ἧί,
987 837 1042 919 qui
1066 858 1106 900 ex

91 921 188 988 fundo
214 920 348 987 Sutrino
372 943 489 1005 equam
512 921 627 986 ducere
651 922 742 987 soliti
765 926 855 1006 sunt,
881 922 1030 991 adierunt
1053 947 1106 990 mc

91 1013 391 1096 proposueruntque
425 1031 556 1094 aquam,
589 1032 654 1094 qua
685 1033 743 1096 per
770 1011 894 1095 aliquot
922 1033 1025 1077 annos
1053 1013 1105 1079 usi

91 1105 164 1164 sunt
193 1121 232 1164 ex
259 1099 363 1182 fonte,
392 1099 447 1182 qui
473 1099 579 1163 estin
602 1099 702 1165 fundo
726 1097 874 1184 Sutrino,
902 1100 1015 1165 ducere
1039 1123 1104 1166 non

91 1189 235 1274 potuisse
263 1187 356 1270 (se),
384 1187 469 1271 quod
491 1187 565 1255 fons
590 1189 783 1272 exaruisset,
810 1193 843 1253 et
865 1193 980 1274 postea
1003 1211 1042 1254 ex
1065 1211 1103 1254 eo

91 1277 179 1343 fonte
207 1297 326 1364 aquam
354 1275 452 1340 fluere
480 1277 639 1360 coepisse,
670 1279 896 1362 petieruntque
925 1300 944 1344 u
972 1299 1038 1363 me,
1068 1282 1105 1342 ut

92 1367 174 1454 quod
207 1366 258 1430 ius
291 1387 357 1430 non
388 1365 597 1450 neglegentia
625 1372 682 1432 sut
709 1367 803 1452 culpe
832 1389 890 1432 sua
918 1367 1105 1450 amiserant,

92 1457 144 1519 sed
158 1455 236 1539 quie
250 1454 364 1518 ducere
378 1474 444 1519 non
457 1457 618 1538 poterent,
632 1455 684 1522 his
697 1456 934 1523 restitueretur.
967 1477 1104 1540 quorum

92 1545 168 1609 mihi
187 1543 368 1632 postulatio
388 1565 461 1607 cum
479 1564 545 1607 non
563 1544 674 1628 inique
692 1543 764 1609 viss
783 1545 834 1628 sit,
855 1545 1104 1612 succurrendum

20 1667 21 1710 3
91 1633 139 1698 his
170 1633 292 1720 putavi.
347 1631 457 1716 itaque
490 1632 575 1715 quod
606 1633 656 1696 ius
688 1633 873 1698 habuerunt
904 1638 995 1718 tuuc,
1030 1655 1103 1698 cum

20 1731 21 1776 ἐ
91 1723 228 1806 primum
257 1743 295 1785 ee
322 1742 406 1804 equa
429 1721 596 1804 pervenire
620 1721 660 1785 ed
684 1743 738 1786 eos
762 1744 827 1788 non
850 1723 972 1807 potuit,
1000 1722 1033 1787 id
1057 1723 1103 1788 eis

19 1809 21 1883 ζ
91 1812 218 1876 restitui
241 1807 369 1895 placet?

19 1885 20 1908 ¹
175 1899 228 1965 51.
255 1897 296 1964 D.
315 1898 367 1980 39,
385 1900 415 1982 3,
435 1899 486 1980 17,
504 1899 533 1963 2.
580 1897 700 1964 Paulus
728 1899 812 1964 libro
837 1899 950 1984 quinto
975 1901 1100 1967 decimo

19 1989 20 2030 l
91 1989 127 2054 ud
152 1987 321 2056 Plautium
349 1985 397 2070 (P.
419 1985 530 2072 1215).
560 2023 597 2038 -·
627 1985 692 2052 Via
723 1987 852 2072 publice
879 1989 1100 2058 intercedente

19 2103 20 2170 3
91 2077 224 2144 haustus
249 2075 440 2142 servitutem
461 2076 617 2144 constitui
639 2098 736 2161 P0³⁵⁰
759 2077 891 2161 Plaffllil

375 2295 403 2352 2.
435 2293 488 2353 Ad
511 2292 567 2353 ius
590 2295 821 2370 praetorium.

361 2419 408 2478 De
425 2421 523 2493 pactis
545 2422 571 2478 ct
594 2421 831 2479 munctionibus.

174 2519 241 2588 52?
267 2519 481 2603 1).2,14,32.
518 2518 639 2586 Paulus
657 2519 740 2585 libro
759 2521 856 2586 tertio
875 2519 916 2586 nd
934 2519 1098 2588 Plautium

91 2608 136 2692 (P.
154 2605 267 2696 1092).
289 2645 327 2656 -
349 2608 442 2688 Quod
461 2609 582 2674 dictum
601 2612 661 2694 est,
684 2608 711 2672 si
731 2630 804 2676 cum
823 2630 878 2673 reo
896 2612 1030 2692 pactum
1049 2611 1102 2693 sit,

91 2706 123 2766 ut
157 2721 224 2766 non
264 2701 409 2781 petetur,
447 2696 627 2764 fideiussori
664 2718 789 2781 quoque
826 2701 1009 2781 competere
1046 2718 1100 2762 ex-

90 2789 283 2872 ceptionem,
309 2792 443 2870 propter
465 2787 513 2854 rei
535 2807 709 2870 personam
730 2786 866 2870 placuit,
890 2807 931 2852 ns
955 2786 1102 2853 mandeti

90 2876 206 2946 iudicio
226 2876 448 2942 convenietur.

441 2988 488 3046 Dc
504 2988 755 3061 prowratorttos.

176 3088 231 3155 53.
254 3087 293 3153 D.
309 3087 339 3170 3,
354 3089 384 3166 3,
399 3088 451 3154 61.
487 3087 577 3152 Idem
601 3086 659 3173 (sc.
677 3085 812 3174 Paulus)
835 3087 919 3154 libro
937 3091 1042 3173 primo
1062 3090 1102 3155 ed

90 3176 255 3243 Plautium
283 3174 334 3262 (P.
355 3176 465 3260 1074).
493 3212 535 3223 -
562 3175 711 3242 Plautius
744 3177 805 3241 nit:
842 3177 1103 3262 procuratoreml

91 3265 278 3332 damnatum
311 3287 378 3330 non
409 3265 525 3330 debere
562 3266 741 3345 conveniri,
777 3265 841 3332 nisi
873 3270 929 3332 eut
963 3267 998 3331 in
1032 3290 1101 3332 rem

92 3375 183 3420 susm
203 3354 298 3419 datus
323 3356 409 3419 essct
432 3357 488 3418 eut
507 3353 680 3438 optulisset
699 3377 742 3439 se,
765 3376 839 3420 cum
857 3355 954 3420 sciret
973 3359 1102 3420 cautum

91 3465 155 3509 non
178 3465 257 3528 esse,
281 3443 431 3508 omnibus
455 3443 586 3526 placuit.

161 3608 176 3656 1
195 3601 280 3657 Leecl
299 3600 484 3670 ‘coenitorem'
505 3600 589 3669 leone
606 3599 673 3664 mur,
691 3598 738 3654 scd
754 3599 803 3656 eie
821 3598 888 3651 iure.
