<?xml version="1.0" encoding="UTF-8"?>
<!DOCTYPE html PUBLIC "-//W3C//DTD XHTML 1.0 Transitional//EN"
    "http://www.w3.org/TR/xhtml1/DTD/xhtml1-transitional.dtd">
<html xmlns="http://www.w3.org/1999/xhtml" xml:lang="en" lang="en">
 <head>
  <title>
</title>
<meta http-equiv="Content-Type" content="text/html;charset=utf-8" />
  <meta name='ocr-system' content='tesseract 3.04.00' />
  <meta name='ocr-capabilities' content='ocr_page ocr_carea ocr_par ocr_line ocrx_word'/>
</head>
<body>
  <div class='ocr_page' id='page_1' title='image "./iurisprudentiae03bremgoog_0595.png"; bbox 0 0 2568 3912; ppageno 0'>
   <div class='ocr_carea' id='block_1_1' title="bbox 248 250 1116 317">
    <p class='ocr_par' dir='ltr' id='par_1_1' title="bbox 248 250 1116 317">
     <span class='ocr_line' id='line_1_1' title="bbox 248 250 1116 317; baseline 0.002 -13"><span class='ocrx_word' id='word_1_1' title='bbox 248 251 281 306; x_wconf 90' lang='lat' dir='ltr'>H.</span> <span class='ocrx_word' id='word_1_2' title='bbox 301 250 540 306; x_wconf 81' lang='lat' dir='ltr'>INOERTORUM</span> <span class='ocrx_word' id='word_1_3' title='bbox 559 251 786 306; x_wconf 79' lang='lat' dir='ltr'>SENTENTIAE</span> <span class='ocrx_word' id='word_1_4' title='bbox 805 251 852 304; x_wconf 85' lang='lat' dir='ltr'>ET</span> <span class='ocrx_word' id='word_1_5' title='bbox 869 251 974 307; x_wconf 87' lang='lat' dir='ltr'>LIBltI.</span> <span class='ocrx_word' id='word_1_6' title='bbox 1051 251 1116 317; x_wconf 80' lang='lat'>565</span> 
     </span>
    </p>
   </div>
   <div class='ocr_carea' id='block_1_2' title="bbox 544 433 689 502">
    <p class='ocr_par' dir='ltr' id='par_1_2' title="bbox 544 433 689 502">
     <span class='ocr_line' id='line_1_2' title="bbox 544 433 689 502; baseline -0.028 0"><span class='ocrx_word' id='word_1_7' title='bbox 544 433 628 502; x_wconf 74' lang='lat' dir='ltr'>Unde</span> <span class='ocrx_word' id='word_1_8' title='bbox 650 435 689 498; x_wconf 78' lang='lat' dir='ltr'>vi.</span> 
     </span>
    </p>
   </div>
   <div class='ocr_carea' id='block_1_3' title="bbox 31 556 1206 1156">
    <p class='ocr_par' dir='ltr' id='par_1_3' title="bbox 31 556 1206 1000">
     <span class='ocr_line' id='line_1_3' title="bbox 198 556 1117 641; baseline -0.001 -19"><span class='ocrx_word' id='word_1_9' title='bbox 198 557 272 623; x_wconf 86' lang='lat'>181.</span> <span class='ocrx_word' id='word_1_10' title='bbox 317 557 356 622; x_wconf 88' lang='lat' dir='ltr'>D.</span> <span class='ocrx_word' id='word_1_11' title='bbox 387 558 440 636; x_wconf 87' lang='grc'>43,</span> <span class='ocrx_word' id='word_1_12' title='bbox 474 558 523 641; x_wconf 87' lang='grc'>16,</span> <span class='ocrx_word' id='word_1_13' title='bbox 557 560 585 640; x_wconf 95' lang='grc'>1,</span> <span class='ocrx_word' id='word_1_14' title='bbox 618 559 667 622; x_wconf 88' lang='lat'>14.</span> <span class='ocrx_word' id='word_1_15' title='bbox 721 556 881 641; x_wconf 85' lang='lat' dir='ltr'><strong>Ulpianus</strong></span> <span class='ocrx_word' id='word_1_16' title='bbox 914 558 998 622; x_wconf 87' lang='lat' dir='ltr'>libro</span> <span class='ocrx_word' id='word_1_17' title='bbox 1031 558 1117 621; x_wconf 77' lang='lat' dir='ltr'>&#39;sexa-</span> 
     </span>
     <span class='ocr_line' id='line_1_4' title="bbox 108 645 1116 731; baseline 0 -21"><span class='ocrx_word' id='word_1_18' title='bbox 108 646 254 730; x_wconf 85' lang='lat' dir='ltr'>gensimo</span> <span class='ocrx_word' id='word_1_19' title='bbox 290 667 377 711; x_wconf 91' lang='lat' dir='ltr'>nono</span> <span class='ocrx_word' id='word_1_20' title='bbox 415 647 454 710; x_wconf 89' lang='lat' dir='ltr'>ad</span> <span class='ocrx_word' id='word_1_21' title='bbox 490 645 636 710; x_wconf 90' lang='lat' dir='ltr'>edietum.</span> <span class='ocrx_word' id='word_1_22' title='bbox 672 683 717 694; x_wconf 96' lang='lat'><em>-</em></span> <span class='ocrx_word' id='word_1_23' title='bbox 855 647 883 711; x_wconf 91' lang='lat' dir='ltr'>si</span> <span class='ocrx_word' id='word_1_24' title='bbox 917 647 1001 731; x_wconf 91' lang='lat' dir='ltr'>quod</span> <span class='ocrx_word' id='word_1_25' title='bbox 1034 647 1116 710; x_wconf 91' lang='lat' dir='ltr'>alius</span> 
     </span>
     <span class='ocr_line' id='line_1_5' title="bbox 96 735 1117 819; baseline 0 -21"><span class='ocrx_word' id='word_1_26' title='bbox 96 735 237 816; x_wconf 86' lang='lat' dir='ltr'>deiecit,</span> <span class='ocrx_word' id='word_1_27' title='bbox 269 738 376 800; x_wconf 87' lang='lat' dir='ltr'>ratum</span> <span class='ocrx_word' id='word_1_28' title='bbox 409 735 568 812; x_wconf 80' lang='lat' dir='ltr'>habuero,</span> <span class='ocrx_word' id='word_1_29' title='bbox 599 739 674 800; x_wconf 89' lang='lat' dir='ltr'>sunt</span> <span class='ocrx_word' id='word_1_30' title='bbox 711 736 766 819; x_wconf 92' lang='lat' dir='ltr'>qui</span> <span class='ocrx_word' id='word_1_31' title='bbox 798 739 912 818; x_wconf 92' lang='lat' dir='ltr'>putent</span> <span class='ocrx_word' id='word_1_32' title='bbox 944 735 1117 800; x_wconf 87' lang='lat' dir='ltr'>secundum</span> 
     </span>
     <span class='ocr_line' id='line_1_6' title="bbox 108 820 1116 908; baseline 0.001 -21"><span class='ocrx_word' id='word_1_33' title='bbox 108 821 333 888; x_wconf 83' lang='lat' dir='ltr'>Sabinumet</span> <span class='ocrx_word' id='word_1_34' title='bbox 375 820 523 888; x_wconf 78' lang='lat' dir='ltr'>Cassium</span> <span class='ocrx_word' id='word_1_35' title='bbox 561 825 615 908; x_wconf 91' lang='lat' dir='ltr'>qui</span> <span class='ocrx_word' id='word_1_36' title='bbox 660 823 826 888; x_wconf 89' lang='lat' dir='ltr'>ratihabit&#39;</span> <span class='ocrx_word' id='word_1_37' title='bbox 802 829 939 888; x_wconf 68' lang='lat' dir='ltr'>nonem</span> <span class='ocrx_word' id='word_1_38' title='bbox 965 823 1116 888; x_wconf 89' lang='lat' dir='ltr'>mandato</span> 
     </span>
     <span class='ocr_line' id='line_1_7' title="bbox 31 911 1206 1000; baseline -0.001 -24"><span class='ocrx_word' id='word_1_39' title='bbox 31 996 33 1000; x_wconf 23' lang='grc' dir='ltr'>Ι</span> <span class='ocrx_word' id='word_1_40' title='bbox 107 915 312 996; x_wconf 87' lang='lat' dir='ltr'>comparant,</span> <span class='ocrx_word' id='word_1_41' title='bbox 354 933 406 976; x_wconf 90' lang='lat' dir='ltr'>me</span> <span class='ocrx_word' id='word_1_42' title='bbox 443 913 545 977; x_wconf 85' lang='lat' dir='ltr'>videri</span> <span class='ocrx_word' id='word_1_43' title='bbox 583 911 735 1000; x_wconf 83' lang='lat' dir='ltr'>deiecisse</span> <span class='ocrx_word' id='word_1_44' title='bbox 781 913 1014 997; x_wconf 87' lang='lat' dir='ltr'>interdictoque</span> <span class='ocrx_word' id='word_1_45' title='bbox 1053 914 1117 976; x_wconf 91' lang='lat' dir='ltr'>isto</span> <span class='ocrx_word' id='word_1_46' title='bbox 1204 959 1206 964; x_wconf 69' lang='lat'>.</span> 
     </span>
    </p>

    <p class='ocr_par' dir='ltr' id='par_1_4' title="bbox 106 1001 219 1066">
     <span class='ocr_line' id='line_1_8' title="bbox 106 1001 219 1066; baseline -0.019 0"><span class='ocrx_word' id='word_1_47' title='bbox 106 1001 219 1066; x_wconf 88' lang='lat' dir='ltr'>teneri.</span> 
     </span>
    </p>

    <p class='ocr_par' dir='ltr' id='par_1_5' title="bbox 531 1090 688 1156">
     <span class='ocr_line' id='line_1_9' title="bbox 531 1090 688 1156; baseline -0.007 0"><span class='ocrx_word' id='word_1_48' title='bbox 531 1090 582 1156; x_wconf 88' lang='lat' dir='ltr'>De</span> <span class='ocrx_word' id='word_1_49' title='bbox 603 1091 688 1155; x_wconf 76' lang='lat' dir='ltr'>riute.</span> 
     </span>
    </p>
   </div>
   <div class='ocr_carea' id='block_1_4' title="bbox 105 1203 1118 1645">
    <p class='ocr_par' dir='ltr' id='par_1_6' title="bbox 105 1203 1118 1645">
     <span class='ocr_line' id='line_1_10' title="bbox 197 1203 1117 1291; baseline -0.002 -21"><span class='ocrx_word' id='word_1_50' title='bbox 197 1206 269 1270; x_wconf 89' lang='grc'><strong>182.</strong></span> <span class='ocrx_word' id='word_1_51' title='bbox 316 1203 354 1269; x_wconf 92' lang='grc' dir='ltr'>Ι).</span> <span class='ocrx_word' id='word_1_52' title='bbox 387 1206 441 1288; x_wconf 87' lang='grc'>43,</span> <span class='ocrx_word' id='word_1_53' title='bbox 472 1206 523 1286; x_wconf 92' lang='grc'>21,</span> <span class='ocrx_word' id='word_1_54' title='bbox 558 1206 585 1284; x_wconf 92' lang='grc'>1,</span> <span class='ocrx_word' id='word_1_55' title='bbox 619 1206 646 1271; x_wconf 82' lang='grc'>7.</span> <span class='ocrx_word' id='word_1_56' title='bbox 692 1203 850 1291; x_wconf 82' lang='lat' dir='ltr'>Ulpianus</span> <span class='ocrx_word' id='word_1_57' title='bbox 882 1206 964 1270; x_wconf 90' lang='lat' dir='ltr'>libro</span> <span class='ocrx_word' id='word_1_58' title='bbox 993 1207 1117 1288; x_wconf 91' lang='lat' dir='ltr'>septua-</span> 
     </span>
     <span class='ocr_line' id='line_1_11' title="bbox 107 1290 1118 1380; baseline -0.002 -22"><span class='ocrx_word' id='word_1_59' title='bbox 107 1295 253 1379; x_wconf 79' lang='lat' dir='ltr'>gensimo</span> <span class='ocrx_word' id='word_1_60' title='bbox 284 1293 323 1358; x_wconf 90' lang='lat' dir='ltr'>ad</span> <span class='ocrx_word' id='word_1_61' title='bbox 355 1294 503 1358; x_wconf 87' lang='lat' dir='ltr'>edietum.</span> <span class='ocrx_word' id='word_1_62' title='bbox 533 1332 576 1340; x_wconf 90' lang='lat'>-</span> <span class='ocrx_word' id='word_1_63' title='bbox 605 1290 754 1380; x_wconf 82' lang='lat' dir='ltr'>(Praetor</span> <span class='ocrx_word' id='word_1_64' title='bbox 782 1294 841 1359; x_wconf 90' lang='lat' dir='ltr'>ait:</span> <span class='ocrx_word' id='word_1_65' title='bbox 873 1294 976 1359; x_wconf 84' lang='lat' dir='ltr'>rivum</span> <span class='ocrx_word' id='word_1_66' title='bbox 1006 1314 1118 1376; x_wconf 81' lang='lat' dir='ltr'><strong>specus</strong></span> 
     </span>
     <span class='ocr_line' id='line_1_12' title="bbox 107 1381 1116 1468; baseline 0 -22"><span class='ocrx_word' id='word_1_67' title='bbox 107 1385 199 1467; x_wconf 88' lang='lat' dir='ltr'>septa</span> <span class='ocrx_word' id='word_1_68' title='bbox 234 1382 363 1447; x_wconf 85' lang='lat' dir='ltr'>reficere</span> <span class='ocrx_word' id='word_1_69' title='bbox 400 1403 539 1468; x_wconf 80' lang='lat' dir='ltr'>purgare</span> <span class='ocrx_word' id='word_1_70' title='bbox 572 1405 674 1468; x_wconf 89' lang='lat' dir='ltr'>aquae</span> <span class='ocrx_word' id='word_1_71' title='bbox 716 1383 877 1448; x_wconf 79' lang='lat' dir='ltr'>ducendae</span> <span class='ocrx_word' id='word_1_72' title='bbox 914 1404 1023 1465; x_wconf 24' lang='lat' dir='ltr'>causa·</span> <span class='ocrx_word' id='word_1_73' title='bbox 1043 1435 1048 1446; x_wconf 93' lang='lat'>.</span> <span class='ocrx_word' id='word_1_74' title='bbox 1069 1431 1076 1445; x_wconf 97' lang='lat'>.</span> <span class='ocrx_word' id='word_1_75' title='bbox 1095 1381 1116 1464; x_wconf 86' lang='lat'>.)</span> 
     </span>
     <span class='ocr_line' id='line_1_13' title="bbox 105 1471 1117 1558; baseline -0.002 -22"><span class='ocrx_word' id='word_1_76' title='bbox 105 1471 268 1556; x_wconf 84' lang='lat' dir='ltr'>purgandi</span> <span class='ocrx_word' id='word_1_77' title='bbox 297 1473 431 1536; x_wconf 86' lang='lat' dir='ltr'>verbum</span> <span class='ocrx_word' id='word_1_78' title='bbox 460 1473 603 1556; x_wconf 85' lang='lat' dir='ltr'>plerique</span> <span class='ocrx_word' id='word_1_79' title='bbox 633 1520 661 1536; x_wconf 93' lang='lat'>..</span> <span class='ocrx_word' id='word_1_80' title='bbox 690 1475 806 1558; x_wconf 90' lang='lat' dir='ltr'>putant</span> <span class='ocrx_word' id='word_1_81' title='bbox 835 1471 874 1536; x_wconf 90' lang='lat' dir='ltr'>ad</span> <span class='ocrx_word' id='word_1_82' title='bbox 906 1494 980 1535; x_wconf 87' lang='lat' dir='ltr'>eum</span> <span class='ocrx_word' id='word_1_83' title='bbox 1011 1471 1117 1535; x_wconf 88' lang='lat' dir='ltr'>rivum</span> 
     </span>
     <span class='ocr_line' id='line_1_14' title="bbox 106 1559 572 1645; baseline -0.002 -19"><span class='ocrx_word' id='word_1_84' title='bbox 106 1561 265 1644; x_wconf 88' lang='lat' dir='ltr'>pertinere</span> <span class='ocrx_word' id='word_1_85' title='bbox 290 1559 344 1644; x_wconf 93' lang='lat' dir='ltr'>qui</span> <span class='ocrx_word' id='word_1_86' title='bbox 367 1561 492 1645; x_wconf 76' lang='lat' dir='ltr'>integer</span> <span class='ocrx_word' id='word_1_87' title='bbox 516 1565 572 1625; x_wconf 91' lang='lat' dir='ltr'>est.</span> 
     </span>
    </p>
   </div>
   <div class='ocr_carea' id='block_1_5' title="bbox 332 1737 891 1820">
    <p class='ocr_par' dir='ltr' id='par_1_7' title="bbox 332 1737 891 1820">
     <span class='ocr_line' id='line_1_15' title="bbox 332 1737 891 1820; baseline 0 -18"><span class='ocrx_word' id='word_1_88' title='bbox 332 1737 370 1803; x_wconf 70' lang='lat' dir='ltr'>si</span> <span class='ocrx_word' id='word_1_89' title='bbox 393 1758 468 1820; x_wconf 78' lang='lat' dir='ltr'>opus</span> <span class='ocrx_word' id='word_1_90' title='bbox 491 1759 604 1803; x_wconf 80' lang='lat' dir='ltr'>uocum</span> <span class='ocrx_word' id='word_1_91' title='bbox 625 1740 803 1803; x_wconf 75' lang='lat' dir='ltr'>nuntiatum</span> <span class='ocrx_word' id='word_1_92' title='bbox 826 1739 891 1803; x_wconf 81' lang='lat' dir='ltr'>erit.</span> 
     </span>
    </p>
   </div>
   <div class='ocr_carea' id='block_1_6' title="bbox 105 1862 1180 2392">
    <p class='ocr_par' dir='ltr' id='par_1_8' title="bbox 105 1862 1180 2392">
     <span class='ocr_line' id='line_1_16' title="bbox 199 1862 1180 1946; baseline 0 -20"><span class='ocrx_word' id='word_1_93' title='bbox 199 1862 268 1926; x_wconf 88' lang='lat'>183.</span> <span class='ocrx_word' id='word_1_94' title='bbox 319 1862 358 1928; x_wconf 91' lang='lat' dir='ltr'>D.</span> <span class='ocrx_word' id='word_1_95' title='bbox 389 1862 441 1945; x_wconf 85' lang='lat'>39,</span> <span class='ocrx_word' id='word_1_96' title='bbox 472 1864 499 1946; x_wconf 87' lang='lat'>1,</span> <span class='ocrx_word' id='word_1_97' title='bbox 528 1864 579 1946; x_wconf 82' lang='lat'>20,</span> <span class='ocrx_word' id='word_1_98' title='bbox 607 1864 636 1928; x_wconf 86' lang='grc'>8.</span> <span class='ocrx_word' id='word_1_99' title='bbox 682 1862 841 1946; x_wconf 82' lang='lat' dir='ltr'>Ulpianus</span> <span class='ocrx_word' id='word_1_100' title='bbox 872 1863 955 1926; x_wconf 90' lang='lat' dir='ltr'>libro</span> <span class='ocrx_word' id='word_1_101' title='bbox 991 1866 1117 1945; x_wconf 88' lang='lat' dir='ltr'>septua·</span> <span class='ocrx_word' id='word_1_102' title='bbox 1178 1917 1180 1926; x_wconf 88' lang='grc'><strong>,</strong></span> 
     </span>
     <span class='ocr_line' id='line_1_17' title="bbox 105 1949 1119 2036; baseline -0.001 -22"><span class='ocrx_word' id='word_1_103' title='bbox 105 1950 251 2032; x_wconf 82' lang='lat' dir='ltr'>gensimo</span> <span class='ocrx_word' id='word_1_104' title='bbox 281 1953 385 2035; x_wconf 87' lang='lat' dir='ltr'>primo</span> <span class='ocrx_word' id='word_1_105' title='bbox 410 1952 450 2015; x_wconf 91' lang='lat' dir='ltr'>ad</span> <span class='ocrx_word' id='word_1_106' title='bbox 474 1950 621 2018; x_wconf 86' lang='lat' dir='ltr'>edictum.</span> <span class='ocrx_word' id='word_1_107' title='bbox 644 1988 688 1998; x_wconf 89' lang='lat'>-—</span> <span class='ocrx_word' id='word_1_108' title='bbox 711 2001 739 2016; x_wconf 88' lang='lat'>..</span> <span class='ocrx_word' id='word_1_109' title='bbox 764 1951 793 2015; x_wconf 88' lang='lat' dir='ltr'>si</span> <span class='ocrx_word' id='word_1_110' title='bbox 816 1955 1062 2036; x_wconf 75' lang='lat' dir='ltr'>quaeratur,·an</span> <span class='ocrx_word' id='word_1_111' title='bbox 1084 1949 1119 2013; x_wconf 91' lang='lat' dir='ltr'>in</span> 
     </span>
     <span class='ocr_line' id='line_1_18' title="bbox 105 2038 1117 2124; baseline -0.001 -22"><span class='ocrx_word' id='word_1_112' title='bbox 105 2038 256 2104; x_wconf 84' lang='lat' dir='ltr'>heredem</span> <span class='ocrx_word' id='word_1_113' title='bbox 273 2040 341 2105; x_wconf 89' lang='lat' dir='ltr'>eius</span> <span class='ocrx_word' id='word_1_114' title='bbox 360 2041 416 2124; x_wconf 88' lang='lat' dir='ltr'>qui</span> <span class='ocrx_word' id='word_1_115' title='bbox 435 2063 516 2124; x_wconf 90' lang='lat' dir='ltr'>opus</span> <span class='ocrx_word' id='word_1_116' title='bbox 535 2039 621 2120; x_wconf 84' lang='lat' dir='ltr'>fecit,</span> <span class='ocrx_word' id='word_1_117' title='bbox 640 2039 845 2124; x_wconf 88' lang='lat' dir='ltr'>interdictum</span> <span class='ocrx_word' id='word_1_118' title='bbox 864 2040 926 2106; x_wconf 90' lang='lat' dir='ltr'>hoc</span> <span class='ocrx_word' id='word_1_119' title='bbox 946 2042 1117 2124; x_wconf 84' lang='lat' dir='ltr'>competat,</span> 
     </span>
     <span class='ocr_line' id='line_1_19' title="bbox 107 2127 1118 2212; baseline 0.002 -22"><span class='ocrx_word' id='word_1_120' title='bbox 107 2127 271 2193; x_wconf 88' lang='lat' dir='ltr'>sciendum</span> <span class='ocrx_word' id='word_1_121' title='bbox 286 2133 337 2193; x_wconf 89' lang='lat' dir='ltr'>est</span> <span class='ocrx_word' id='word_1_122' title='bbox 351 2128 535 2194; x_wconf 88' lang='lat' dir='ltr'>Labeonem</span> <span class='ocrx_word' id='word_1_123' title='bbox 554 2130 757 2194; x_wconf 74' lang='lat' dir='ltr'>existimasse</span> <span class='ocrx_word' id='word_1_124' title='bbox 775 2129 809 2193; x_wconf 94' lang='lat' dir='ltr'>in</span> <span class='ocrx_word' id='word_1_125' title='bbox 828 2129 861 2193; x_wconf 91' lang='lat' dir='ltr'>id</span> <span class='ocrx_word' id='word_1_126' title='bbox 880 2129 965 2212; x_wconf 92' lang='lat' dir='ltr'>quod</span> <span class='ocrx_word' id='word_1_127' title='bbox 986 2130 1025 2193; x_wconf 89' lang='lat' dir='ltr'>ad</span> <span class='ocrx_word' id='word_1_128' title='bbox 1044 2149 1118 2192; x_wconf 90' lang='lat' dir='ltr'>eum</span> 
     </span>
     <span class='ocr_line' id='line_1_20' title="bbox 106 2216 1116 2303; baseline 0.002 -24"><span class='ocrx_word' id='word_1_129' title='bbox 106 2217 253 2298; x_wconf 86' lang='lat' dir='ltr'>pervenit</span> <span class='ocrx_word' id='word_1_130' title='bbox 271 2217 438 2282; x_wconf 77' lang='lat' dir='ltr'>dumtaxat</span> <span class='ocrx_word' id='word_1_131' title='bbox 459 2219 540 2282; x_wconf 84' lang='lat' dir='ltr'>dari·</span> <span class='ocrx_word' id='word_1_132' title='bbox 552 2223 700 2303; x_wconf 89' lang='lat' dir='ltr'>oportere</span> <span class='ocrx_word' id='word_1_133' title='bbox 724 2218 775 2283; x_wconf 89' lang='lat' dir='ltr'>vel</span> <span class='ocrx_word' id='word_1_134' title='bbox 795 2219 823 2282; x_wconf 91' lang='lat' dir='ltr'>si</span> <span class='ocrx_word' id='word_1_135' title='bbox 842 2219 918 2302; x_wconf 90' lang='lat' dir='ltr'>quid</span> <span class='ocrx_word' id='word_1_136' title='bbox 937 2218 1010 2282; x_wconf 91' lang='lat' dir='ltr'>dolo</span> <span class='ocrx_word' id='word_1_137' title='bbox 1029 2216 1116 2281; x_wconf 90' lang='lat' dir='ltr'>malo</span> 
     </span>
     <span class='ocr_line' id='line_1_21' title="bbox 106 2303 1117 2392; baseline 0.002 -26"><span class='ocrx_word' id='word_1_138' title='bbox 106 2303 209 2387; x_wconf 74' lang='lat' dir='ltr'>ipsius</span> <span class='ocrx_word' id='word_1_139' title='bbox 241 2305 362 2375; x_wconf 83' lang='lat' dir='ltr'>factum</span> <span class='ocrx_word' id='word_1_140' title='bbox 394 2307 451 2386; x_wconf 80' lang='lat' dir='ltr'>sit,</span> <span class='ocrx_word' id='word_1_141' title='bbox 483 2328 547 2392; x_wconf 88' lang='lat' dir='ltr'>quo</span> <span class='ocrx_word' id='word_1_142' title='bbox 587 2308 692 2372; x_wconf 90' lang='lat' dir='ltr'>minus</span> <span class='ocrx_word' id='word_1_143' title='bbox 724 2309 915 2390; x_wconf 77' lang='lat' dir='ltr'>perveniret.</span> <span class='ocrx_word' id='word_1_144' title='bbox 970 2305 1117 2370; x_wconf 88' lang='lat' dir='ltr'>nonnulli</span> 
     </span>
    </p>
   </div>
   <div class='ocr_carea' id='block_1_7' title="bbox 105 2392 1041 2543">
    <p class='ocr_par' dir='ltr' id='par_1_9' title="bbox 105 2392 1041 2543">
     <span class='ocr_line' id='line_1_22' title="bbox 105 2392 1041 2482; baseline 0.003 -28"><span class='ocrx_word' id='word_1_145' title='bbox 105 2396 225 2477; x_wconf 90' lang='lat' dir='ltr'>putant</span> <span class='ocrx_word' id='word_1_146' title='bbox 247 2392 281 2456; x_wconf 94' lang='lat' dir='ltr'>in</span> <span class='ocrx_word' id='word_1_147' title='bbox 304 2392 426 2458; x_wconf 88' lang='lat' dir='ltr'>factum</span> <span class='ocrx_word' id='word_1_148' title='bbox 451 2416 519 2459; x_wconf 87' lang='lat' dir='ltr'>esse</span> <span class='ocrx_word' id='word_1_149' title='bbox 543 2395 680 2460; x_wconf 89' lang='lat' dir='ltr'>dandam</span> <span class='ocrx_word' id='word_1_150' title='bbox 705 2417 802 2482; x_wconf 88' lang='lat' dir='ltr'>quam</span> <span class='ocrx_word' id='word_1_151' title='bbox 826 2394 1041 2460; x_wconf 85' lang='lat' dir='ltr'>interdictum.</span> 
     </span>
     <span class='ocr_line' id='line_1_23' title="bbox 143 2509 161 2543; baseline 0 0"><span class='ocrx_word' id='word_1_152' title='bbox 143 2509 161 2543; x_wconf 61' lang='grc' dir='ltr'>Χ</span> 
     </span>
    </p>
   </div>
   <div class='ocr_carea' id='block_1_8' title="bbox 199 2570 817 2637">
    <p class='ocr_par' dir='ltr' id='par_1_10' title="bbox 199 2535 817 2637">
     <span class='ocr_line' id='line_1_24' title="bbox 199 2570 817 2637; baseline 0.01 -8"><span class='ocrx_word' id='word_1_153' title='bbox 199 2621 202 2629; x_wconf 34' lang='grc'><strong>.</strong></span> <span class='ocrx_word' id='word_1_154' title='bbox 282 2585 285 2596; x_wconf 28' lang='grc' dir='ltr'>ι</span> <span class='ocrx_word' id='word_1_155' title='bbox 399 2570 448 2636; x_wconf 77' lang='lat' dir='ltr'>ne</span> <span class='ocrx_word' id='word_1_156' title='bbox 470 2571 817 2637; x_wconf 64' lang='lat' dir='ltr'>orornamenta.</span> 
     </span>
    </p>
   </div>
   <div class='ocr_carea' id='block_1_9' title="bbox 106 2693 1118 3136">
    <p class='ocr_par' dir='ltr' id='par_1_11' title="bbox 106 2693 1118 3136">
     <span class='ocr_line' id='line_1_25' title="bbox 198 2693 1117 2780; baseline -0.002 -23"><span class='ocrx_word' id='word_1_157' title='bbox 198 2694 271 2760; x_wconf 86' lang='grc'><strong>184.</strong></span> <span class='ocrx_word' id='word_1_158' title='bbox 318 2693 357 2760; x_wconf 92' lang='lat' dir='ltr'>D.</span> <span class='ocrx_word' id='word_1_159' title='bbox 385 2694 438 2777; x_wconf 84' lang='lat'>43,</span> <span class='ocrx_word' id='word_1_160' title='bbox 465 2696 516 2772; x_wconf 83' lang='grc'>27,</span> <span class='ocrx_word' id='word_1_161' title='bbox 546 2697 574 2777; x_wconf 95' lang='grc'>1,</span> <span class='ocrx_word' id='word_1_162' title='bbox 602 2696 631 2759; x_wconf 90' lang='grc'>2.</span> <span class='ocrx_word' id='word_1_163' title='bbox 682 2693 842 2780; x_wconf 82' lang='lat' dir='ltr'>Ulpianus</span> <span class='ocrx_word' id='word_1_164' title='bbox 874 2695 957 2758; x_wconf 90' lang='lat' dir='ltr'>libro</span> <span class='ocrx_word' id='word_1_165' title='bbox 989 2696 1117 2776; x_wconf 88' lang='lat' dir='ltr'>septua-</span> 
     </span>
     <span class='ocr_line' id='line_1_26' title="bbox 108 2781 1116 2869; baseline -0.001 -22"><span class='ocrx_word' id='word_1_166' title='bbox 108 2782 255 2869; x_wconf 86' lang='lat' dir='ltr'>gensimo</span> <span class='ocrx_word' id='word_1_167' title='bbox 279 2782 385 2866; x_wconf 85' lang='lat' dir='ltr'>primo</span> <span class='ocrx_word' id='word_1_168' title='bbox 405 2782 445 2848; x_wconf 93' lang='lat' dir='ltr'>ad</span> <span class='ocrx_word' id='word_1_169' title='bbox 465 2783 613 2857; x_wconf 83' lang='lat' dir='ltr'>edictum.</span> <span class='ocrx_word' id='word_1_170' title='bbox 632 2821 667 2830; x_wconf 96' lang='lat'><em>-</em></span> <span class='ocrx_word' id='word_1_171' title='bbox 687 2781 722 2848; x_wconf 84' lang='lat' dir='ltr'>Si</span> <span class='ocrx_word' id='word_1_172' title='bbox 737 2785 834 2848; x_wconf 87' lang='lat' dir='ltr'>arbor</span> <span class='ocrx_word' id='word_1_173' title='bbox 853 2782 984 2847; x_wconf 87' lang='lat' dir='ltr'>aedibus</span> <span class='ocrx_word' id='word_1_174' title='bbox 1004 2781 1116 2846; x_wconf 90' lang='lat' dir='ltr'>alienis</span> 
     </span>
     <span class='ocr_line' id='line_1_27' title="bbox 106 2870 1117 2956; baseline -0.001 -21"><span class='ocrx_word' id='word_1_175' title='bbox 106 2871 280 2955; x_wconf 84' lang='lat' dir='ltr'>impendet,</span> <span class='ocrx_word' id='word_1_176' title='bbox 305 2875 413 2937; x_wconf 90' lang='lat' dir='ltr'>utrum</span> <span class='ocrx_word' id='word_1_177' title='bbox 437 2875 542 2938; x_wconf 92' lang='lat' dir='ltr'>totam</span> <span class='ocrx_word' id='word_1_178' title='bbox 566 2874 716 2937; x_wconf 89' lang='lat' dir='ltr'>arborem</span> <span class='ocrx_word' id='word_1_179' title='bbox 735 2874 845 2938; x_wconf 87' lang='lat' dir='ltr'>iubeat</span> <span class='ocrx_word' id='word_1_180' title='bbox 863 2874 995 2956; x_wconf 86' lang='lat' dir='ltr'>praetor</span> <span class='ocrx_word' id='word_1_181' title='bbox 1018 2870 1117 2935; x_wconf 87' lang='lat' dir='ltr'>adimi</span> 
     </span>
     <span class='ocr_line' id='line_1_28' title="bbox 107 2960 1117 3046; baseline -0.001 -21"><span class='ocrx_word' id='word_1_182' title='bbox 107 2983 150 3025; x_wconf 93' lang='lat' dir='ltr'>an</span> <span class='ocrx_word' id='word_1_183' title='bbox 179 2982 250 3025; x_wconf 85' lang='lat' dir='ltr'>vero</span> <span class='ocrx_word' id='word_1_184' title='bbox 274 2960 308 3024; x_wconf 94' lang='lat' dir='ltr'>id</span> <span class='ocrx_word' id='word_1_185' title='bbox 332 2962 448 3042; x_wconf 85' lang='lat' dir='ltr'>solum,</span> <span class='ocrx_word' id='word_1_186' title='bbox 478 2962 563 3046; x_wconf 87' lang='lat' dir='ltr'>quod</span> <span class='ocrx_word' id='word_1_187' title='bbox 588 2961 838 3045; x_wconf 83' lang='lat' dir='ltr'>superexcurrit,</span> <span class='ocrx_word' id='word_1_188' title='bbox 866 2962 1039 3046; x_wconf 86' lang='lat' dir='ltr'>quaeritur.</span> <span class='ocrx_word' id='word_1_189' title='bbox 1085 2963 1117 3024; x_wconf 95' lang='lat' dir='ltr'>et</span> 
     </span>
     <span class='ocr_line' id='line_1_29' title="bbox 107 3049 1118 3136; baseline -0.001 -22"><span class='ocrx_word' id='word_1_190' title='bbox 107 3049 250 3114; x_wconf 86' lang='lat' dir='ltr'>Rutilius</span> <span class='ocrx_word' id='word_1_191' title='bbox 270 3051 317 3115; x_wconf 85' lang='lat' dir='ltr'>ait</span> <span class='ocrx_word' id='word_1_192' title='bbox 337 3073 356 3114; x_wconf 92' lang='lat' dir='ltr'>a</span> <span class='ocrx_word' id='word_1_193' title='bbox 373 3052 474 3136; x_wconf 87' lang='lat' dir='ltr'>stirpe</span> <span class='ocrx_word' id='word_1_194' title='bbox 489 3050 694 3116; x_wconf 79' lang='lat' dir='ltr'>excidendam</span> <span class='ocrx_word' id='word_1_195' title='bbox 708 3051 803 3136; x_wconf 88' lang='lat' dir='ltr'>idque</span> <span class='ocrx_word' id='word_1_196' title='bbox 817 3051 978 3136; x_wconf 86' lang='lat' dir='ltr'>plerisque</span> <span class='ocrx_word' id='word_1_197' title='bbox 992 3049 1118 3114; x_wconf 82' lang='lat' dir='ltr'>videtur</span> 
     </span>
    </p>
   </div>
   <div class='ocr_carea' id='block_1_10' title="bbox 105 3139 673 3296">
    <p class='ocr_par' dir='ltr' id='par_1_12' title="bbox 105 3139 673 3296">
     <span class='ocr_line' id='line_1_30' title="bbox 105 3139 221 3203; baseline 0.017 -2"><span class='ocrx_word' id='word_1_198' title='bbox 105 3139 221 3203; x_wconf 80' lang='lat' dir='ltr'>verius.</span> 
     </span>
     <span class='ocr_line' id='line_1_31' title="bbox 557 3228 673 3296; baseline -0.017 0"><span class='ocrx_word' id='word_1_199' title='bbox 557 3228 673 3296; x_wconf 68' lang='lat' dir='ltr'>Ueraci.</span> 
     </span>
    </p>
   </div>
   <div class='ocr_carea' id='block_1_11' title="bbox 200 3342 1163 3430">
    <p class='ocr_par' dir='ltr' id='par_1_13' title="bbox 200 3342 1163 3430">
     <span class='ocr_line' id='line_1_32' title="bbox 200 3342 1163 3430; baseline 0 -24"><span class='ocrx_word' id='word_1_200' title='bbox 200 3343 271 3408; x_wconf 85' lang='lat'>185</span> <span class='ocrx_word' id='word_1_201' title='bbox 317 3343 355 3408; x_wconf 95' lang='lat' dir='ltr'>D.</span> <span class='ocrx_word' id='word_1_202' title='bbox 379 3345 431 3425; x_wconf 93' lang='grc'>41,</span> <span class='ocrx_word' id='word_1_203' title='bbox 454 3344 485 3427; x_wconf 92' lang='grc'>2,</span> <span class='ocrx_word' id='word_1_204' title='bbox 509 3345 560 3428; x_wconf 94' lang='grc'>13,</span> <span class='ocrx_word' id='word_1_205' title='bbox 584 3346 612 3410; x_wconf 92' lang='grc'>2.</span> <span class='ocrx_word' id='word_1_206' title='bbox 658 3345 747 3410; x_wconf 90' lang='lat' dir='ltr'>Idem</span> <span class='ocrx_word' id='word_1_207' title='bbox 766 3343 824 3428; x_wconf 85' lang='lat' dir='ltr'>(so.</span> <span class='ocrx_word' id='word_1_208' title='bbox 843 3342 1017 3430; x_wconf 88' lang='lat' dir='ltr'>Ulpianus)</span> <span class='ocrx_word' id='word_1_209' title='bbox 1032 3344 1116 3408; x_wconf 90' lang='lat' dir='ltr'>libro</span> <span class='ocrx_word' id='word_1_210' title='bbox 1160 3389 1163 3396; x_wconf 81' lang='lat'>·</span> 
     </span>
    </p>
   </div>
   <div class='ocr_carea' id='block_1_12' title="bbox 107 3395 1117 3694">
    <p class='ocr_par' dir='ltr' id='par_1_14' title="bbox 108 3395 1117 3694">
     <span class='ocr_line' id='line_1_33' title="bbox 108 3395 1117 3533; baseline -0.001 -38"><span class='ocrx_word' id='word_1_211' title='bbox 108 3433 372 3533; x_wconf 79' lang='lat' dir='ltr'>septuagensimo</span> <span class='ocrx_word' id='word_1_212' title='bbox 406 3395 560 3498; x_wconf 76' lang='lat' dir='ltr'>abeundo</span> <span class='ocrx_word' id='word_1_213' title='bbox 574 3434 615 3497; x_wconf 91' lang='lat' dir='ltr'>ad</span> <span class='ocrx_word' id='word_1_214' title='bbox 643 3434 788 3499; x_wconf 88' lang='lat' dir='ltr'>edietum.</span> <span class='ocrx_word' id='word_1_215' title='bbox 817 3470 855 3481; x_wconf 93' lang='lat'><em>-</em></span> <span class='ocrx_word' id='word_1_216' title='bbox 890 3432 1069 3517; x_wconf 90' lang='lat' dir='ltr'>..quaerit</span> <span class='ocrx_word' id='word_1_217' title='bbox 1071 3453 1117 3512; x_wconf 88' lang='lat' dir='ltr'>ur,</span> 
     </span>
     <span class='ocr_line' id='line_1_34' title="bbox 108 3519 1116 3610; baseline -0.003 -27"><span class='ocrx_word' id='word_1_218' title='bbox 108 3520 137 3583; x_wconf 91' lang='lat' dir='ltr'>si</span> <span class='ocrx_word' id='word_1_219' title='bbox 160 3519 233 3603; x_wconf 89' lang='lat' dir='ltr'>quis</span> <span class='ocrx_word' id='word_1_220' title='bbox 256 3520 420 3585; x_wconf 91' lang='lat' dir='ltr'>hominem</span> <span class='ocrx_word' id='word_1_221' title='bbox 443 3522 554 3610; x_wconf 87' lang='lat' dir='ltr'>vendit</span> <span class='ocrx_word' id='word_1_222' title='bbox 540 3522 604 3586; x_wconf 90' lang='lat' dir='ltr'>tori</span> <span class='ocrx_word' id='word_1_223' title='bbox 627 3522 835 3604; x_wconf 89' lang='lat' dir='ltr'>redhibuerit,</span> <span class='ocrx_word' id='word_1_224' title='bbox 812 3526 905 3586; x_wconf 88' lang='lat' dir='ltr'>atn</span> <span class='ocrx_word' id='word_1_225' title='bbox 936 3519 1116 3585; x_wconf 83' lang='lat' dir='ltr'>accessione</span> 
     </span>
     <span class='ocr_line' id='line_1_35' title="bbox 107 3607 1116 3694; baseline -0.006 -21.765"><span class='ocrx_word' id='word_1_226' title='bbox 107 3608 284 3694; x_wconf 88' lang='lat' dir='ltr'>utipossit</span> <span class='ocrx_word' id='word_1_227' title='bbox 307 3631 345 3674; x_wconf 84' lang='lat' dir='ltr'>ex</span> <span class='ocrx_word' id='word_1_228' title='bbox 373 3607 513 3693; x_wconf 87' lang='lat' dir='ltr'>persona</span> <span class='ocrx_word' id='word_1_229' title='bbox 536 3611 614 3674; x_wconf 90' lang='lat' dir='ltr'>eius.</span> <span class='ocrx_word' id='word_1_230' title='bbox 661 3616 694 3675; x_wconf 92' lang='lat' dir='ltr'>et</span> <span class='ocrx_word' id='word_1_231' title='bbox 723 3615 798 3674; x_wconf 87' lang='lat' dir='ltr'>sunt</span> <span class='ocrx_word' id='word_1_232' title='bbox 821 3610 876 3693; x_wconf 89' lang='lat' dir='ltr'>qui</span> <span class='ocrx_word' id='word_1_233' title='bbox 904 3610 1019 3693; x_wconf 90' lang='lat' dir='ltr'>putent</span> <span class='ocrx_word' id='word_1_234' title='bbox 1051 3625 1116 3668; x_wconf 91' lang='lat' dir='ltr'>non</span> 
     </span>
    </p>
   </div>
   <div class='ocr_carea' id='block_1_13' title="bbox 0 0 1288 3912">
    <p class='ocr_par' dir='ltr' id='par_1_15' title="bbox 0 0 1288 3912">
     <span class='ocr_line' id='line_1_36' title="bbox 0 0 1288 3912; baseline 0 0"><span class='ocrx_word' id='word_1_235' title='bbox 0 0 1288 3912; x_wconf 95' lang='lat' dir='ltr'> </span> 
     </span>
    </p>
   </div>
  </div>
 </body>
</html>
