2580 3900
496 207 521 255 2.
540 198 702 254 Pssunsus
1036 199 1103 264 205

87 363 342 428 instrumentum
357 363 471 428 domus
484 363 518 427 id
532 384 612 444 esse,
626 363 712 447 qnod
725 363 932 446 tempestatis
946 362 1103 428 arcendae

87 455 147 518 aut
164 452 307 516 incendii
327 473 425 517 cansa
442 456 584 535 paratur,
601 474 668 515 non
687 452 772 536 quod
788 452 967 536 voluptatis
985 452 1102 536 gratia

87 542 199 626 itaque
217 562 323 625 neque
342 542 521 624 specularia
538 563 642 624 nsque
659 542 740 624 vela,
758 563 842 624 qnae
859 541 990 626 frigoris
1004 562 1104 605 cansa

87 631 140 783 Bel
173 629 310 694 umbrae
341 632 377 694 in
407 631 503 694 domo
535 634 627 713 sunt,
657 629 777 694 deberi.
827 651 909 713 quae
940 629 1104 694 sententia

117 719 196 784 assii
218 719 291 782 init

181 809 211 873 ’1.
246 805 331 871 Ibid
361 809 382 887 ξ
407 808 457 872 18.
495 842 534 854 -
573 806 712 872 Aoetnm
748 828 888 891 qnoque,
926 807 1012 891 qnod
1049 828 1103 872 ex-

5 919 6 964 ]
89 896 278 981 stinguendi
305 896 443 960 incendii
470 919 568 962 eausa
596 901 742 980 paratur,
776 897 855 960 item
882 902 1035 960 centones
1063 897 1103 960 si-

88 984 201 1049 fones¹
233 991 268 1048 et
300 985 477 1050 formiones
505 990 539 1049 et
565 986 720 1070 spongias
748 990 782 1049 et
808 1006 900 1049 umas
928 990 961 1048 et
987 1005 1103 1069 scopas

89 1073 253 1140 contineri
274 1073 418 1158 plerique
440 1080 474 1138 et
495 1073 639 1159 Pegasus
663 1075 762 1138 aiunt

445 1257 494 1316 De
509 1258 624 1332 peculio
647 1258 747 1331 legato.

181 1369 212 1434 8.
234 1366 274 1431 D.
288 1368 342 1451 33,
355 1368 385 1447 8,
399 1369 429 1448 6,
442 1369 474 1431 4.
508 1366 671 1450 Ulpianus
689 1367 774 1431 libro
794 1366 969 1431 vicensimo
989 1365 1103 1450 quinto

91 1457 130 1522 ad
152 1455 310 1522 Sabinum
328 1455 377 1540 (P.
396 1453 509 1544 2680).
530 1493 569 1503 -
590 1458 643 1519 An
666 1463 700 1520 et
722 1455 808 1538 qnod
832 1456 981 1520 dominus
1005 1454 1104 1538 serip-

92 1548 191 1612 sisset
209 1567 244 1610 se
263 1565 356 1610 servo
371 1545 496 1627 debere,
513 1545 640 1628 peculio
654 1545 763 1629 legato
778 1543 927 1608 cederet?
959 1543 1104 1628 Pegasus

90 1637 207 1720 negat3
228 1633 316 1699 idem
338 1632 456 1698 Nerva

183 1723 213 1787 9.
242 1722 279 1788 Ι).
298 1723 392 1806 15,2‚
408 1725 436 1804 1,
451 1726 479 1787 7.
524 1722 686 1806 Ulpianus
711 1723 795 1786 libro
817 1723 994 1787 vicensimo
1017 1743 1103 1786 nono

91 1811 134 1876 ad
158 1811 300 1876 edietum
323 1809 372 1898 (P.
388 1808 478 1898 859).
499 1848 541 1858 -
563 1813 658 1876 ...si
676 1833 749 1876 oum
767 1812 892 1896 peculio
910 1812 964 1875 vel
982 1811 1105 1895 legavit

89 1901 145 1966 vel
173 1900 312 1965 liberum
339 1922 409 1966 esse
436 1901 532 1965 iussit
557 1897 616 1987 (so.
639 1896 795 1985 servum),
823 1901 1020 1985 quaestionis
1043 1900 1106 1964 fuit

90 1987 153 2076 (so.
171 2011 213 2053 an
234 1991 268 2053 in
286 1990 482 2054 alienatione
501 1989 720 2072 accipiendum
739 1988 805 2074 sit).
846 1992 879 2054 et
898 1989 979 2053 mihi
997 1990 1104 2054 verius

89 2078 221 2142 videtur
248 2099 314 2143 non
341 2078 480 2144 dandam
507 2100 611 2162 neque
633 2078 666 2142 in
689 2079 922 2142 manumissum
944 2098 1046 2161 neque
1070 2079 1105 2142 in

91 2189 168 2232 enm
195 2166 247 2232 oui
274 2168 418 2252 legatum
447 2169 490 2232 sit
518 2166 691 2252 peculium,
719 2167 758 2231 de
784 2168 911 2250 peculio
935 2170 1105 2232 actionem.

91 2278 136 2322 an
164 2277 241 2341 ergo
269 2259 418 2322 teneatur
443 2256 559 2320 heres?
605 2260 638 2320 et
666 2257 713 2319 ait
737 2253 896 2322 Caecilius
920 2252 1104 2342 (Caeliusl)

89 2347 205 2429 teneri,
228 2345 304 2428 quia
325 2346 487 2430 peculium
508 2366 608 2430 penes
632 2367 705 2409 eum
728 2345 783 2428 sit,
812 2345 868 2428 qui
891 2344 1048 2408 tradendo
1072 2344 1105 2408 id

89 2434 251 2518 legatario
280 2455 314 2498 se
341 2434 500 2499 liberavit.
549 2434 694 2519 Pegasus
722 2439 830 2498 nutem
859 2435 965 2498 caveri
993 2432 1106 2497 heredi

92 2523 209 2588 debere
238 2523 285 2586 ait
308 2522 349 2587 ab
373 2544 425 2605 eo,
453 2524 504 2587 eui
526 2525 688 2607 peculium
711 2523 855 2606 legatum
879 2522 936 2605 sit,
965 2522 1041 2605 quia
1064 2521 1105 2585 ad

93 2634 165 2677 eum
189 2612 324 2678 veniunt
345 2612 529 2677 creditores.

443 2770 494 2836 De
514 2771 765 2854 fideicommissis.

184 2886 237 2953 10.
273 2885 312 2950 D.
335 2888 387 2968 31,
409 2886 462 2969 43,
484 2888 514 2952 2.
568 2886 768 2969 Pomponius
806 2885 889 2950 libro
929 2883 1027 2949 terlio
1066 2884 1106 2949 ad

95 2975 251 3052 Quintum
274 2974 416 3042 Mucium
440 2974 490 3060 (P.
509 2974 599 3060 228).
623 2974 831 3060 —Pegasus
859 2973 973 3040 solitus
1000 2973 1108 3039 fuerat

94 3063 309 3150 distinguere,
337 3065 366 3128 si
393 3065 427 3128 in
455 3064 541 3129 diem
568 3064 853 3130 fideicommissum
881 3063 1031 3128 relictum
1054 3063 1107 3147 sit,

94 3154 196 3219 veluti
214 3158 290 3238 post
308 3173 410 3218 annos
429 3153 548 3236 desem,
571 3154 736 3240 interesse,
753 3152 843 3218 cuius
862 3173 959 3218 eausa
977 3156 1105 3235 tempus

96 3242 234 3307 ditatum
258 3243 310 3324 sit,
332 3246 485 3307 utrumne
506 3243 642 3325 heredis,
665 3264 728 3327 quo
752 3263 829 3307 nasu
851 3242 1001 3306 heredem
1025 3240 1106 3306 fruo-

95 3335 166 3396 tnm
189 3331 330 3395 retinere
352 3330 477 3415 debere,
501 3354 543 3396 an
565 3332 724 3416 legatarii,
746 3331 847 3396 veluti
869 3330 897 3395 si
920 3330 954 3396 in
977 3333 1103 3413 tempus

96 3419 277 3504 pubertatis
301 3421 330 3484 ei
353 3421 407 3505 qui
425 3419 573 3504 impubes
593 3421 637 3486 sit
654 3419 938 3484 fideicommissum
956 3418 1105 3483 relictum

170 3583 184 3632 1
204 3575 252 3633 Fl.
269 3577 392 3647 perticae
415 3592 526 3647 quoque
550 3579 578 3632 et
597 3575 689 3630 scalae
708 3591 741 3630 ex
758 3574 832 3644 §22
851 3573 1009 3628 bucellato.
