2568 3912
176 190 244 255 576
549 186 821 242 ADDITAMEN'PA.

180 377 199 418 a
219 354 379 437 plerisque
398 351 600 435 improbatae
620 355 695 415 sunt
713 349 846 414 ‘Titium
864 349 1013 414 heredem
1031 349 1197 428 instituo’‚

178 443 258 506 item
283 440 445 505 ‘heredem
469 439 573 506 facio'.
618 444 621 450 ’

269 530 297 594 6.
331 528 368 594 D.
392 531 444 613 28,
468 528 498 612 5,
521 529 572 612 31,
598 531 624 593 l.
661 527 759 592 Gaius
788 527 872 592 libro
902 529 1038 611 septimo
1067 527 1195 591 decimo

95 643 97 646 ·
178 618 220 683 ad
245 619 383 683 edictum
407 617 611 702 provinciale.
638 653 676 664 —
702 615 941 681 Hereditarium
966 637 1095 680 servum
1120 621 1196 680 ante

178 706 298 771 aditam
316 705 587 771 hereditatem...
601 706 725 789 placuit
741 703 890 770 heredem
904 705 1028 770 institui
1043 726 1141 786 posse
1152 757 1159 770 .
1170 755 1194 769 ..

270 797 299 859 7.
322 795 392 862 Gai.
411 796 440 880 2,
467 795 537 860 132.
560 832 597 842 -
618 793 812 876 <Masculini
831 847 838 858 .
854 845 860 858 .
877 842 883 857 .
903 817 995 858 sexus
1014 795 1194 877 perso>nas

179 885 301 968 placuit
328 906 393 949 non
422 882 516 948 aliter
543 887 627 948 recte
656 881 880 966 en<heredari,¹
905 883 968 947 nisi
995 881 1193 947 nominatim

178 973 414 1038 exheredentur
438 1024 444 1038 .
461 1025 466 1037 .
482 973 509 1054 .>

227 1085 229 1088 ·
270 1063 298 1128 8.
331 1060 401 1127 Gai.
427 1063 459 1144 l,
482 1061 532 1126 25.
552 1097 593 1107 -—
614 1059 657 1124 Hi
682 1111 711 1127 ..
735 1060 790 1144 qui
814 1059 1035 1125 dediticiorum
1059 1079 1193 1124 numero

179 1154 264 1234 sunt,
294 1151 383 1216 nullo
412 1149 508 1214 modo
538 1171 576 1213 ex
605 1152 801 1214 testamento
825 1169 935 1233 capere
958 1151 1104 1234 possunt,
1128 1169 1194 1213 non

180 1241 285 1324 magis
309 1261 406 1325 quam
425 1238 561 1322 quilibet
577 1239 776 1322 peregrinus,
802 1259 860 1302 nec
878 1237 945 1321 ipsi
959 1241 1193 1302 testamentum

150 1369 153 1372 -
179 1328 285 1394 faeere
307 1332 443 1412 possunt
467 1327 640 1391 secundum
663 1327 696 1390 id
719 1325 804 1411 quod
828 1327 929 1411 magis
953 1326 1084 1409 placuit.

488 1502 539 1569 De
562 1505 704 1586 lepitimis
725 1503 890 1570 hereditare.

270 1630 300 1694 9.
324 1627 394 1694 Gai.
409 1630 439 1714 3,
454 1631 483 1694 8.
503 1665 544 1675 -
565 1678 594 1692 ..
613 1629 765 1712 placebat
783 1630 916 1711 nepotes
935 1628 1191 1712 neptesve,'item

180 1722 374 1803 pronepotes
392 1722 605 1801 proneptesve
621 1718 654 1781 in
668 1717 811 1800 parentis
831 1716 879 1781 sui
898 1717 1001 1781 locum
1017 1715 1191 1781 succedere.

271 1808 321 1872 10.
358 1804 426 1872 Gai.
450 1808 480 1888 3,
506 1808 554 1872 16.
587 1803 631 1852 4
664 1853 698 1871 ..
723 1807 750 1870 si
778 1805 919 1871 defuncti
951 1804 1061 1870 nullus
1090 1804 1194 1869 irater

181 1898 282 1976 extet,
314 1895 412 1978 (sed)
443 1897 508 1959 sint
538 1895 632 1959 liberi
664 1894 814 1978 fratrum,
847 1894 886 1958 ad
920 1914 1030 1958 ornnes
1063 1894 1192 1979 quidem

182 1983 343 2048 hereditas
364 1984 512 2066 pertinet.
541 1983 597 2048 sed
621 1984 803 2067 quaesitum
827 1987 884 2067 est,
913 1983 940 2047 si
963 1982 1087 2067 dispari
1111 1983 1192 2048 forte

181 2093 314 2136 numero
347 2073 413 2136 sint
439 2073 520 2155 nati,
552 2076 589 2136 ut
620 2094 658 2136 ex
690 2093 728 2137 eo
756 2093 820 2137 uno
852 2093 935 2136 unus
967 2072 1018 2136 vel
1050 2071 1124 2155 duo,
1157 2093 1193 2134 ex

181 2161 285 2224 altero
313 2163 380 2224 tres
408 2161 459 2225 vel
489 2165 655 2245 quattuor,
687 2164 796 2225 utrum
821 2161 855 2224 in
883 2161 999 2244 stirpes
1023 2159 1192 2225 dividenda

114 2327 115 2332 γ
183 2249 226 2314 sit
257 2247 427 2332 hereditas,
460 2249 544 2314 sicut
574 2251 659 2314 inter
691 2271 766 2314 suos
793 2249 926 2314 heredes
952 2249 1031 2312 iuris
1065 2254 1125 2334 est,
1152 2270 1192 2313 an

182 2339 291 2422 potius
315 2338 348 2402 in
372 2337 488 2422 capita.
519 2343 584 2402 iam
608 2339 727 2402 dudum
750 2343 857 2403 tamen
876 2338 1008 2423 placuit,
1030 2339 1064 2401 in
1089 2339 1192 2422 capita

183 2426 386 2492 dividendam
411 2448 480 2492 esse
503 2427 724 2492 hereditatem.

274 2517 324 2582 11.
362 2515 430 2582 Gai.
454 2516 485 2601 3,
510 2517 558 2581 14.
588 2552 630 2563 —
661 2515 752 2592 Quod
781 2515 822 2580 ad
848 2514 985 2579 feminas
1009 2565 1015 2578 .
1035 2564 1043 2577 .
1067 2499 1212 2595 attinet,

182 2606 218 2669 in
254 2606 316 2670 hoc
348 2605 416 2669 iure
456 2603 513 2691 (so.
543 2610 627 2690 quod
665 2605 706 2668 ad
737 2605 965 2668 intestatorum
996 2602 1190 2667 hereditates

184 2691 316 2779 attinet)
332 2693 420 2758 aliud
433 2699 465 2758 in
480 2694 624 2777 ipsarum
639 2693 872 2758 hereditatibus
887 2690 1048 2776 capiendis
1062 2692 1191 2776 placuit,

183 2783 271 2847 aliud
294 2785 326 2847 in
349 2787 527 2847 ceterorum
549 2782 645 2848 bonis
672 2783 712 2846 ab
741 2782 793 2846 his
813 2780 983 2864 capiendis.
1006 2802 1083 2844 nam
1103 2780 1191 2846 femi-

184 2893 297 2948 narum
320 2870 517 2936 hereditates
540 2872 672 2955 proinde
696 2870 736 2935 ad
754 2892 814 2935 nos
834 2869 1017 2954 agnationis
1037 2869 1107 2934 iure
1126 2869 1190 2934 red·
1264 2875 1265 2952 ,

183 2967 262 3022 eunt
289 2963 384 3042 atque
408 2961 640 3044 masculorum,
668 2964 798 3025 nostrae
828 2981 903 3022 vero
933 2957 1129 3022 hereditates
1152 2957 1189 3022 ad
1263 2963 1265 3030 j

184 3045 321 3111 feminas
346 3047 432 3112 ultra
451 3050 761 3134 consanguineorum
781 3049 915 3132 gradum
938 3069 1004 3112 non
1022 3047 1189 3130 pertinent.

597 3224 648 3290 De
671 3227 786 3308 tepolis.

442 3344 489 3402 Dc
511 3346 611 3418 tepetis
627 3364 684 3419 per
706 3347 934 3406 vindicationem.

1263 3033 1265 3128 l

1263 3139 1265 3180 ι

278 3450 326 3514 12.
359 3448 427 3516 Gai.
451 3453 486 3534 2,
512 3453 583 3518 196.
606 3491 650 3500 -
672 3453 739 3518 Eae
763 3507 789 3522 ..
820 3456 905 3520 solae
930 3476 982 3520 res
1010 3476 1067 3538 per
1091 3453 1188 3520 vindi·
1263 3465 1265 3494 ⁴

186 3538 348 3612 cntionem
361 3538 511 3624 legantur
529 3545 622 3626 recte,
646 3565 726 3627 quae
751 3565 788 3607 ex
811 3544 879 3608 iure
898 3543 1071 3620 Qniritium
1090 3544 1188 3627 ipsius
1264 3551 1265 3636 ζ

1240 3731 1265 3888 l
