2614 3912
417 217 440 266 6.
464 205 669 266 IAVOLENUS
688 210 835 267 Patscos
1065 210 1130 276 407

138 458 141 464 ¹
398 379 445 440 Dc
466 382 643 440 institationc
665 381 861 440 condicionali.

215 481 265 546 11.
293 480 332 545 D.
351 479 406 560 35,
428 483 458 558 1,
479 481 521 546 39
541 503 589 565 pr.
638 480 808 546 Iavolenus
840 481 924 546 libro
956 481 1062 564 primo
1093 503 1132 546 ex

120 569 357 656 *posterioribus
389 568 558 635 Labeonis.
593 607 631 616 —
668 570 752 651 Qaae
782 570 916 635 condicio
947 572 1008 650 [ad
1035 591 1132 653 penas

115 657 343 745 personatam]
370 678 433 722 non
460 661 503 723 ad
528 665 625 725 certas
647 663 676 724 et
696 664 788 733 acas,
802 679 953 741 personas
970 661 1132 746 pertineat,

121 769 191 814 eam
228 749 439 812 existimamus
475 749 567 813 totins
603 768 664 813 csse
699 749 867 812 testammti
897 753 927 812 ct
956 749 1000 812 ad
1029 769 1131 814 omnes

120 837 244 902 heredes
270 837 425 901 institutos
445 838 606 917 pertinere.
652 842 686 902 at
711 857 788 918 qnae
815 837 950 901 condicio
972 839 1015 902 ad
1036 842 1132 903 certas

114 945 267 1010 personas
299 925 526 990 accommodata
551 926 659 1009 doerit,
691 945 760 989 eam
786 925 898 1006 referre
925 925 1063 992 debemus
1089 927 1134 992 ad

119 1037 190 1081 enm
204 1015 368 1079 dnmtaaat
376 1014 518 1095 prodam,
532 1034 590 1096 qno
605 1014 662 1078 dae
671 1034 820 1096 personae
829 1015 987 1080 institutae
995 1015 1130 1094 faernnt.

213 1103 265 1166 12.
288 1101 325 1167 D.
343 1101 419 1167 ibid.
434 1105 453 1182 ξ
472 1105 498 1168 1.
520 1139 557 1148 —
579 1101 657 1168 Oam
674 1103 720 1167 ita
738 1104 772 1167 in
791 1107 965 1167 testamento
983 1105 1131 1184 scriptam

120 1198 190 1258 erat
216 1190 264 1256 ‘nt
288 1192 409 1272 atiaaid
433 1192 468 1256 in
492 1191 562 1272 foro
588 1191 657 1274 dat'
680 1212 774 1274 nepae
796 1193 985 1274 adscriptam
1007 1196 1074 1258 erat
1095 1193 1131 1256 in

119 1301 180 1364 qno
201 1281 280 1363 foro,
302 1280 403 1346 Labeo
426 1282 480 1362 ait,
502 1281 531 1344 si
553 1301 615 1345 non
637 1285 796 1364 appareat,
817 1281 894 1362 qnid
910 1286 1048 1344 mortans
1065 1300 1130 1345 sen·

120 1371 207 1452 serit,
236 1370 269 1433 in
296 1369 361 1434 eins
388 1370 552 1452 municipii
576 1369 645 1448 foro
671 1370 861 1451 faciendam,
889 1370 924 1433 in
946 1389 1004 1450 prio
1027 1370 1056 1434 is
1077 1368 1132 1451 pai

121 1463 282 1524 testammt
281 1478 334 1522 nm
350 1457 456 1538 fecerit
468 1457 657 1523 domicilium
670 1458 825 1536 tabncrit;
798 1463 937 1540 tqnam
949 1460 1131 1523 sententiam

120 1569 172 1632 epo
195 1567 311 1629 qnopae
328 1547 432 1628 probo.

213 1636 264 1701 13.
291 1633 330 1700 D.
350 1637 403 1716 50,
423 1636 474 1714 16,
489 1636 552 1700 217
568 1657 615 1719 pr.
660 1634 832 1700 Iavolenus
854 1635 939 1700 libro
962 1637 1067 1719 primo
1091 1657 1130 1700 ex

121 1733 196 1810 post
182 1724 355 1790 terioribus
370 1723 538 1789 Labeonis.
558 1760 600 1769 -
619 1723 707 1788 Inter
724 1724 813 1788 ittam
832 1725 949 1789 condiat
938 1744 1035 1789 eonem
1050 1723 1130 1790 acm

120 1815 188 1893 fari
203 1812 351 1896 potnerit’
369 1817 398 1877 et
415 1811 584 1894 postquam
599 1811 667 1892 fari
679 1811 824 1893 potnerit
843 1813 921 1877 matt
909 1818 973 1877 tam
991 1815 1025 1878 in
1027 1819 1129 1892 terest;

121 1923 196 1967 nam
213 1902 413 1985 posteriorem
433 1903 529 1984 script
529 1922 621 1966 aram
638 1901 804 1966 nteriorem
823 1921 884 1967 esse
902 1908 1026 1986 constat,
1050 1902 1131 1968 ‘cam

119 1993 187 2072 fari
207 1989 355 2074 potnerit
383 1991 529 2055 artiorem
555 1995 584 2055 et
609 1991 644 2054 id
665 1991 874 2056 tantammodo
898 1996 1014 2073 tempas
1036 1993 1130 2074 sipni

120 2081 227 2164 ficari,
249 2099 307 2161 qao
325 2079 466 2160 primam
486 2079 555 2160 fari
570 2080 678 2162 possit.

215 2169 262 2232 14.
286 2166 325 2234 D.
343 2168 420 2232 ibid.
439 2170 503 2248 §L
522 2168 663 2233 —Item
685 2169 732 2232 ita
749 2169 825 2233 data
842 2168 1049 2234 condicione
1052 2169 1131 2234 ittad

120 2257 252 2339 facito
239 2277 273 2320 m
295 2253 420 2336 diebas',
448 2258 478 2322 si
499 2257 580 2321 nibil
569 2258 756 2340 tpracterea
778 2257 887 2336 fnisset
908 2259 1071 2343 admotam,
1094 2259 1129 2322 in

122 2346 215 2412 omno
237 2347 439 2411 condicionem
461 2346 583 2428 impleri
606 2343 767 2428 oportere.1

216 2432 263 2499 15.
290 2434 329 2499 D.
348 2433 405 2514 29,
423 2435 459 2516 2,
479 2434 522 2498 62
539 2457 586 2518 pr.
635 2432 805 2499 Iavolenus
837 2433 923 2498 libro
956 2434 1061 2517 primo
1090 2455 1129 2498 ex

121 2522 357 2607 posterioribus
380 2521 551 2588 Labeonis.
577 2557 615 2570 —
641 2521 798 2586 Antistius
821 2521 922 2586 Labeo
947 2523 1006 2603 ait,
1032 2523 1062 2586 si
1084 2524 1129 2586 ita

121 2613 281 2678 institutus
302 2613 344 2676 sit
366 2609 407 2676 ‘si
428 2612 584 2692 iuraverit,
606 2610 690 2676 iteres
712 2608 793 2688 csto',
816 2610 956 2692 qnamois
972 2611 1128 2694 inraocrit,

121 2721 183 2766 non
206 2705 308 2766 tcmm
330 2720 399 2765 eam
421 2700 527 2766 statim
548 2699 684 2764 heredem
704 2699 860 2781 fntnram,
887 2703 1052 2780 annonam
1070 2719 1129 2780 pro

121 2789 226 2855 herede
252 2789 374 2871 etiamid
395 2789 532 2872 posterii,
559 2789 634 2870 qaia
660 2787 794 2852 tarando
820 2785 1005 2851 volantatem
1029 2788 1129 2870 mapis

121 2898 212 2944 snam
234 2879 403 2943 dictitasse
426 2879 572 2943 videatur.
612 2897 663 2958 epo
678 2881 753 2958 pato
770 2877 848 2942 sotis
865 2895 934 2940 enm
947 2896 1007 2958 pro
1024 2875 1129 2942 herede

118 2969 256 3050 pessime,
274 2969 303 3031 si
320 2972 355 3031 at
372 2967 455 3033 heres
473 2967 630 3032 iaraoerit.
672 2965 825 3031 Procntas
843 2965 932 3049 idem
954 2985 1043 3047 eoam
1061 2967 1130 3032 inm

121 3057 247 3121 attimar.

545 3148 652 3208 Liber
669 3147 708 3209 II.

493 3259 542 3326 De
564 3261 757 3325 testamentis.

212 3367 262 3432 16.
286 3363 325 3431 D.
339 3365 391 3449 28,
407 3368 435 3449 t,
449 3367 493 3432 20
508 3389 554 3450 pr.
595 3365 703 3432 Labeo
727 3367 811 3431 libro
835 3364 973 3430 secundo
992 3363 1128 3448 postori-

122 3479 214 3522 orum
243 3454 438 3520 slavoleno
462 3455 720 3539 epitomatorem.
747 3489 784 3501 -
810 3453 938 3532 Mulier,
962 3473 1040 3534 qaae
1061 3453 1129 3516 otro

193 3590 207 3638 1
231 3585 306 3640 Trib.
326 3587 443 3655 oportet.
