2570 3904
156 194 250 251 XVIII

233 361 493 423 ¹Antehadrianaa
512 361 765 438 iurisprudentiae
785 363 917 424 edendae
936 363 1094 424 consilium
1112 363 1177 442 ipse

160 455 230 512 ante
257 453 311 511 hos
339 451 449 529 viginti
475 450 605 529 quinque
631 453 694 512 fere
718 471 811 512 annos
835 452 899 528 capi
923 453 1086 529 statimque
1109 473 1178 515 cnm

158 540 325 617 bibliopola
352 540 388 598 da
415 539 496 599 omni
518 558 627 616 genere
650 541 807 601 literarum
831 542 943 617 optime
967 542 1076 602 marito
1099 561 1178 604 com·

160 629 320 689 manicavi.
349 629 403 688 sed
416 629 574 706 quominus
587 648 651 689 rem
665 629 852 706 propositam
866 632 1057 710 aggrederer,
1069 633 1179 692 nedum

158 716 339 796 expedirem,
364 717 430 778 aliis
454 717 559 778 officiis
582 719 780 798 perlongum
798 722 917 797 tempus
935 720 1178 800 impedientibus,

159 827 229 867 oum
260 807 383 867 interim
415 805 486 867 Otto
519 807 613 867 Lanel
645 807 887 884 Palingenesiam
919 809 1055 869 editurus
1089 813 1178 890 asset,

159 897 308 972 collegam
326 896 436 970 monui,
454 915 492 956 ne
510 895 584 956 iuria
603 896 717 972 publici
735 897 871 974 sacrique
890 897 1059 976 fragmenta
1077 899 1178 977 negle-

160 987 247 1064 geret
264 1003 339 1046 neve
358 983 431 1045 iuris
451 985 604 1045 consultos
616 978 781 1046 secundum
797 985 932 1046 ordinem
945 986 1179 1063 alphabeticum,
1218 1009 1221 1016 ·

162 1073 214 1134 sed
246 1073 347 1151 potius
380 1075 524 1151 temporis
556 1074 672 1134 ratione
703 1074 810 1134 habita
838 1075 1012 1153 collocaret,
1043 1076 1123 1154 qnod
1154 1077 1180 1137 si

160 1163 276 1240 petenti
302 1162 377 1223 mihi
405 1181 579 1224 concessum
607 1166 699 1240 esset,
729 1164 923 1240 aproposito
950 1164 1004 1225 illo
1034 1165 1179 1226 desistere

158 1252 351 1331 cogitabam„
380 1253 458 1329 quod
481 1271 549 1312 cnm
568 1269 654 1312 secus
672 1253 788 1312 factum
807 1255 893 1328 esset,
918 1253 1040 1329 optimis
1059 1255 1180 1315 auxiliis

159 1341 220 1401 iam
256 1342 371 1418 paratis
406 1340 593 1418 propositum
630 1360 704 1418 opus
741 1341 816 1401 mihi
847 1342 969 1402 tandmn
1000 1342 1179 1421 aggredien-

161 1431 234 1490 dum
257 1434 330 1491 erat.

249 1518 307 1578 Sed
339 1518 516 1596 priusquam
548 1519 584 1578 de
614 1519 731 1580 ratione
758 1519 791 1578 in
820 1520 877 1580 hcc
908 1539 997 1596 opere
1028 1522 1181 1598 sequenda

156 1626 318 1683 exponam,
346 1608 601 1682 praemittendum
629 1611 689 1686 est,
720 1607 793 1687 qnid
815 1608 852 1669 de
876 1608 1072 1686 Pomponiani
1096 1610 1180 1670 illins

159 1695 329 1774 fragmenti,
351 1714 410 1772 qno
435 1695 471 1754 de
496 1697 728 1756 antehadrianae
747 1716 866 1776 qnoque
885 1698 995 1758 aetatis
1014 1698 1090 1758 iuris
1111 1718 1180 1759 con-

160 1783 248 1844 sultis
270 1784 411 1862 traditur,
434 1785 606 1846 condicione
630 1787 767 1847 sentiam.
812 1786 893 1863 qnod
915 1786 948 1846 P.
971 1786 1109 1866 Krusger
1132 1789 1181 1850 vir

161 1871 352 1933 doctissimus
377 1873 450 1933 dicit
474 1867 594 1955 (Gesoh.
618 1896 646 1952 p.
669 1877 731 1936 177
751 1896 780 1935 n.
801 1866 872 1958 24):
897 1868 978 1936 ‘dass
1002 1876 1055 1935 der
1072 1876 1180 1938 Abriss

161 1961 215 2021 der
240 1961 523 2040 Rechtagesohiohtc
550 1963 582 2023 in
608 1964 677 2044 Dig.
700 1969 727 2041 1,
749 1966 814 2038 2,2
850 1964 1018 2042 sprachlich
1048 1965 1180 2026 vieliach
1270 2015 1271 2018 η

158 2049 290 2110 Anatoss
319 2054 431 2130 erregt,
459 2050 534 2130 liegt
559 2071 598 2112 an
622 2054 674 2113 der
697 2053 903 2113 verdorbeuen
925 2039 1180 2132 Uberlieferung’,

160 2139 299 2198 libellum
326 2139 414 2200 illum
440 2140 502 2200 iam
529 2145 598 2202 anta
630 2142 832 2202 Iustinianum
859 2143 1057 2220 depravatum
1084 2143 1179 2204 fnisse

161 2227 282 2289 videtur
305 2228 484 2289 existimare.
531 2233 564 2290 at
585 2231 685 2307 ipsum
709 2231 925 2292 Tritonianum
948 2249 1069 2309 qnoque
1090 2231 1179 2293 Pom·
1271 2301 1276 2315 ὁ

162 2316 245 2392 ponii
266 2317 470 2378 narrationem
493 2319 576 2380 varie
599 2322 731 2380 mutasse
754 2339 815 2380 non
836 2321 924 2380 modo
949 2321 1106 2400 auspicari,
1127 2321 1181 2381 aad

162 2405 238 2466 satis
263 2406 466 2467 demonstrare
489 2407 569 2469 licet.
1274 2467 1275 2472 ,

250 2495 300 2555 Ad
322 2495 396 2555 haec
419 2497 520 2570 verba,
544 2516 621 2574 quaa
639 2498 672 2556 in
690 2496 836 2575 principio
855 2498 1012 2576 leguntur:
1031 2491 1179 2558 ‘necessa
1274 2503 1275 2556 ἶ

161 2584 240 2645 rium
264 2584 407 2646 ..nobis
435 2579 567 2646 videtur'
598 2580 703 2663 ‘ipsius
725 2586 800 2646 iuris
825 2587 973 2666 originem
995 2589 1086 2670 atque
1109 2607 1179 2664 pro·
1272 2597 1275 2668 g

161 2693 277 2736 cessum
305 2669 521 2736 demonstrare'
551 2677 651 2738 verbis
676 2668 707 2752 §¹
734 2679 774 2737 13
799 2676 841 2737 sio
868 2676 1064 2737 remittimur:
1092 2670 1180 2737 ‘Post

162 2764 307 2844 originem
329 2765 405 2826 iuris
428 2768 460 2825 et
482 2784 656 2843 processum
678 2766 833 2844 cognitum
855 2784 1038 2843 consequens
1062 2769 1117 2841 est,
1141 2769 1180 2826 ut

161 2851 198 2911 de
219 2853 454 2930 magistratuum
472 2854 642 2915 nominibus
662 2859 693 2916 et
712 2855 825 2932 origine
845 2847 1077 2930 cognoscamus’.
1113 2854 1178 2932 qui-

162 2938 219 2999 bus
238 2941 328 3000 rebus
348 2939 389 3018 ἐξ
408 2944 537 3002 14-34
556 2943 687 3003 narratis
706 2942 868 3019 improviso
887 2961 921 3003 ao
941 2944 1040 3004 subito
1053 2943 1086 3002 in
1100 2940 1120 3018 ξ
1135 2944 1177 3004 35

165 3028 238 3088 haec
262 3033 441 3104 sequuntur:
466 3024 556 3090 ‘Iuris
575 3031 671 3092 civilis
692 3031 848 3091 scientiam
866 3031 989 3108 plurimi
1008 3035 1038 3092 et
1055 3032 1180 3091 maximi

157 3117 219 3186 ,viri
241 3118 368 3192 professi
392 3112 483 3195 sunt',
507 3137 575 3179 cum
598 3120 636 3180 de
653 3119 729 3180 iuris
748 3120 844 3181 civilis
864 3121 989 3182 scientia
1007 3121 1121 3181 dictum
1140 3121 1180 3180 iri
1275 3121 1276 3150 ³

161 3223 199 3265 na
217 3206 307 3266 verbo
327 3206 447 3284 qnidam
465 3209 684 3284 praemonitum
703 3209 752 3269 sit.
783 3228 854 3270 nam
867 3230 944 3288 quae
963 3209 994 3270 in
1012 3208 1032 3285 ὅ
1049 3212 1089 3270 13
1105 3213 1179 3286 post

162 3295 254 3354 verba
275 3312 367 3371 supra
384 3297 477 3356 allata
496 3297 650 3377 leguntur:
671 3293 751 3376 ‘post
769 3299 826 3360 hoc
845 3299 914 3360 dein
928 3300 964 3360 ds
984 3303 1179 3359 auctorum

162 3384 390 3445 successione
415 3381 566 3462 dioemns',
589 3406 607 3446 a
626 3387 805 3448 Triboniano
830 3407 866 3448 ex
888 3389 1054 3464 posteriore
1070 3387 1173 3464 capite

163 3463 218 3551 (ἐξ
237 3465 383 3556 48-53)
406 3475 464 3534 huc
485 3476 632 3536 translata
650 3480 740 3555 atque
758 3476 838 3537 inter
855 3475 895 3554 ἐξ
911 3479 952 3538 34
972 3481 1002 3537 et
1022 3479 1062 3538 35
1082 3495 1173 3553 quae·
1276 3487 1277 3490 ’

164 3561 232 3623 darn
256 3562 443 3626 intercidisse
468 3565 576 3625 indico.
607 3565 680 3642 quid
707 3585 777 3626 vero
806 3566 920 3627 dictum
946 3566 1053 3644 fuerit,
1080 3566 1178 3626 conici
