2590 3902
323 251 333 270 .
377 233 403 282 4.
426 225 457 280 L.
476 223 656 279 NERATIUS
674 223 823 282 PRISCUS
1035 225 1100 288 317

92 389 174 452 tueri
211 408 264 451 res
303 387 428 453 dotales
464 389 513 452 vir
549 409 607 453 suo
639 393 769 472 sumptu
802 388 905 453 debet.
959 387 1102 474 alioquin

92 474 207 542 etram¹
245 475 367 542 cibaria
403 477 565 542 dotalibus
597 477 767 563 mancipiis
797 479 875 541 data
907 482 940 541 et
972 478 1103 560 quaevis

93 566 219 631 modica
262 565 481 631 aedificiorum
517 565 675 631 dotalium
711 565 845 632 refectio
882 571 915 630 et
950 587 1103 650 agrorum

93 675 219 739 quoque
248 655 373 718 cultura
400 655 510 721 dotem
537 654 694 737 minuent,
724 657 834 720 omnia
856 655 944 719 enim
966 655 1045 720 haec
1068 657 1104 718 in

93 745 199 827 specie
219 743 475 808 necessariarum
491 742 710 828 impensarum
730 747 814 808 sunt.
850 743 905 808 sed
917 742 999 827 (ea)
1013 743 1103 827 ipsae

93 853 145 896 res
167 832 216 895 ita
238 835 404 916 praestare
427 832 673 917 intelleguntur,
695 836 734 896 ut
755 853 822 897 non
843 835 913 897 tam
934 833 1103 915 impendas

94 920 128 983 in
159 942 229 1002 eas,
262 941 359 1004 quam
391 921 528 986 deducto
560 943 598 985 eo
630 920 736 985 minus
769 943 808 985 ex
837 920 890 984 his
921 922 1103 1005 percepisse

94 1009 240 1074 videaris.
281 1030 362 1093 quae
381 1013 489 1073 autern
506 1008 670 1094 impendia
688 1009 862 1074 secundum
880 1029 952 1073 eam
970 1009 1104 1073 distinc-

95 1098 216 1162 tionem
241 1119 280 1162 ex
303 1097 377 1162 dote
397 1099 508 1163 deduci
527 1099 674 1181 debeant,
696 1104 849 1164 nontam
868 1098 962 1162 facile
980 1099 1014 1161 in
1032 1099 1102 1161 uni-

96 1208 222 1250 versum
243 1185 379 1271 definiri,
402 1208 497 1271 quam
515 1209 574 1270 per
591 1188 719 1272 singula
737 1208 776 1251 ex
794 1207 910 1272 genere
929 1189 962 1251 et
979 1188 1102 1270 magni·

95 1275 205 1340 tudine
228 1276 463 1360 impendiorum
487 1275 653 1340 aestimari
676 1280 823 1360 possunt.

250 1453 300 1518 De
322 1453 516 1519 servitatrbus
533 1454 734 1536 praediorum
756 1453 949 1518 mearam.

90 1573 95 1586 ·
186 1559 238 1624 12.
260 1557 300 1623 Ι).
315 1559 345 1642 8,
359 1561 389 1642 3,
403 1561 482 1643 3pr.
527 1558 687 1643 Ulpianus
710 1560 795 1624 libro
818 1559 955 1643 septimo
980 1557 1103 1623 decimo

18 1663 19 1690 ¹
97 1648 134 1712 ad
166 1647 308 1712 edictum
341 1645 390 1732 (P.
418 1647 520 1734 516⁸).
548 1685 590 1694 -
619 1677 655 1714 ;.
685 1649 731 1712 sic
762 1651 902 1732 possunt
932 1647 1104 1711 servitutes

18 1771 19 1834 p
95 1737 232 1820 imponi,
259 1741 296 1800 ut
318 1736 431 1820 boves,
458 1759 516 1820 per
539 1758 619 1821 quos
642 1737 761 1802 fundus
785 1737 915 1820 colitur,
941 1736 978 1800 in
1000 1737 1104 1801 vicino

18 1853 19 1914 j
97 1845 175 1910 agro
189 1831 374 1909 pascentur.
402 1847 500 1910 quem
515 1826 703 1890 servitutem
712 1826 833 1909 imponi
846 1847 942 1909 posse
952 1823 1104 1890 Neratius

18 1931 20 1964 r
95 1914 178 1979 libro
203 1913 342 1979 secundo
365 1913 626 1979 Membranarum
650 1914 772 1979 scribit

185 2021 236 2085 13.
255 2019 410 2102 D.ibid.§
423 2022 451 2085 1.
471 2057 510 2066 —
529 2019 619 2084 Idem
638 2019 790 2102 Neratius
810 2021 908 2086 etiem
926 2024 963 2085 ut
980 2020 1105 2086 fructus

96 2109 130 2172 in
154 2109 254 2174 vieini
278 2109 356 2175 villa
378 2113 538 2192 cogantur
561 2111 727 2194 coactique
749 2109 931 2175 habeantur
954 2113 987 2174 et
1008 2109 1104 2194 peda·

98 2203 206 2262 menta
226 2198 266 2262 ad
285 2198 412 2262 vineam
432 2220 471 2262 ex
488 2199 587 2263 vicini
605 2198 737 2283 praedio
756 2203 931 2284 sumantur,
951 2198 1106 2265 constitui

97 2309 191 2370 posse
214 2286 336 2354 scribit.

187 2393 239 2458 14.
261 2393 300 2459 D.
314 2393 390 2458 ibid.
405 2389 465 2479 §2
492 2431 530 2440 -
555 2393 678 2459 Eodem
701 2394 784 2459 libro
808 2393 855 2457 ait
876 2393 992 2476 vicino,
1015 2393 1105 2458 cuius

18 2543 19 2578 p
98 2481 287 2566 lapidicinae
314 2481 414 2546 fundo
443 2488 499 2547 tuo
527 2483 729 2565 immineant,
756 2504 852 2567 posse
879 2484 912 2545 te
938 2481 991 2564 <in
1018 2482 1106 2565 iure>

18 2579 19 2584 ’
98 2571 208 2636 cedere
240 2571 291 2636 ius
324 2572 353 2635 ei
386 2592 456 2636 esse
487 2575 607 2636 terram
639 2571 737 2636 rudus
765 2592 843 2635 saxa
868 2570 972 2634 iacere
999 2571 1107 2652 posita

99 2658 231 2742 habere,
261 2664 294 2722 et
326 2662 363 2724 ut
391 2659 426 2723 in
451 2663 544 2724 tuum
573 2660 697 2744 lapides
732 2659 963 2743 provolvantur
997 2657 1105 2741 ibique
1184 2726 1186 2730 ,

98 2749 194 2830 positi
219 2748 400 2814 habeantur
422 2748 558 2834 indeque
582 2752 799 2832 exportentur.

497 2871 547 2938 De
568 2873 708 2956 deposito.

190 2977 239 3043 15.
262 2977 301 3042 D.
314 2979 364 3062 16,
374 2979 404 3060 3,
414 2978 465 3044 18.
505 2977 659 3044 Neratius
682 2979 766 3044 libro
790 2978 928 3044 secundo
947 2977 1105 3044 Membra-

100 3088 223 3133 narum.
244 3103 281 3114 -
303 3067 351 3131 De
375 3089 423 3150 eo,
446 3069 530 3151 quod
553 3069 712 3133 tumultus
734 3067 873 3133 incendii
895 3069 1005 3134 ruinae
1028 3090 1105 3132 neu·

100 3153 195 3242 fragii
215 3178 312 3221 eausa
331 3156 513 3242 depositum
531 3161 591 3242 est,
612 3157 646 3221 in
664 3156 815 3221 heredem
834 3157 872 3222 de
892 3157 966 3223 dolo
985 3158 1105 3222 mortui

102 3247 185 3311 aetio
213 3248 264 3308 est
290 3267 349 3329 pro
376 3244 574 3310 hereditaria
601 3246 748 3330 portione
776 3250 809 3310 et
835 3246 868 3311 in
896 3246 1048 3331 simplum
1074 3249 1106 3310 et

102 3333 185 3398 intra
214 3353 332 3398 annum
360 3355 498 3420 quoque3
526 3333 560 3398 in
588 3335 694 3419 ipsum
723 3339 756 3400 st
781 3335 816 3399 in
844 3335 983 3400 solidum
1012 3339 1045 3400 et
1071 3334 1105 3398 in

100 3421 232 3506 duplum
256 3423 342 3487 etin
366 3426 557 3506 perpetuum
580 3423 683 3488 datur·

172 3595 256 3653 1F1.
272 3598 339 3652 tum.
