2596 3902
193 170 236 234 92
264 170 311 224 Ill.
328 169 401 224 GAII
415 169 561 223 CLAUDII
576 167 1088 226 NERON.GALBAETEMP.1URIS
1100 169 1204 225 CONS.

195 334 343 398 dominae
368 333 499 398 divortii
521 354 617 397 causa
636 354 686 396 res
706 333 871 415 amoverit,
894 331 1012 397 Pedius
1031 336 1126 415 putat
1145 354 1207 398 nec

191 422 313 486 furtum
352 443 424 486 eum
459 421 577 502 facere,
616 422 764 504 quamvis
797 443 908 486 servus
940 422 975 484 in
1006 421 1206 487 facinoribus

193 511 324 576 domino
343 510 429 575 dicto
450 510 580 574 audiens
601 532 669 574 esse
688 532 754 574 non
773 511 896 593 debeat,
916 511 970 574 sed
989 532 1097 574 rerum
1115 532 1206 575 amo—

191 603 299 664 tarum
323 598 406 664 aotio
438 601 511 684 erit,
543 600 696 684 quoniam
723 599 804 662 nihil
828 599 910 662 lucri
934 600 983 664 sui
1007 620 1104 663 causa
1128 620 1205 664 con-

192 691 313 753 trectet
345 709 404 752 nec
436 687 539 752 videri
570 687 691 751 furtum
719 687 852 751 facienti
880 709 974 771 opem
1000 687 1098 770 ferro,
1132 709 1207 752 curn

193 777 308 842 mulier
330 776 452 841 furtum
476 799 541 841 000
565 777 671 840 faciat.

282 891 323 948 In
336 889 387 947 m.
402 906 513 947 commu
527 887 662 966 quamvis
730 887 837 945 debeat
851 888 953 962 tepitur
960 893 1030 960 post
1041 891 1130 947 norbo
1143 889 1206 946 fur-

191 981 256 1037 tum
279 997 339 1036 non
361 977 459 1036 faciat.

538 1057 625 1111 Furta·
642 1073 691 1110 000
708 1056 857 1122 manifesti.

281 1158 333 1223 33.
366 1157 405 1222 D.
428 1158 482 1241 47,
502 1159 531 1236 2,
551 1157 603 1234 50,
621 1158 650 1221 2.
701 1155 862 1240 Ulpianus
896 1156 978 1221 libro
1011 1158 1204 1240 trigcnsimo

192 1248 330 1331 septimo
356 1245 396 1310 ad
420 1246 559 1310 edictum
583 1241 773 1332 (P.1041⁸).
793 1281 834 1291 -
854 1245 1017 1310 ..Pedius
1041 1248 1095 1328 ait,
1121 1248 1206 1311 siout

190 1359 286 1401 nemo
315 1336 438 1399 furtum
461 1334 540 1398 facit
563 1335 632 1398 sine
657 1334 730 1399 dolo
755 1335 854 1418 malo,
881 1337 1009 1399 110000
1033 1335 1205 1400 consilium

191 1427 243 1490 vel
267 1447 361 1509 opem
384 1423 468 1488 forre
493 1423 561 1486 0100
585 1423 660 1487 dolo
684 1422 771 1486 malo
794 1444 899 1507 posse.

488 1581 626 1635 Arborum
644 1581 743 1647 furtim
760 1596 907 1636 caecarum.

280 1682 331 1746 34.
368 1681 408 1746 D.
431 1683 484 1764 47,
509 1683 538 1761 7,
562 1683 580 1745 7
590 1703 637 1764 pr.
694 1679 854 1765 Ulpianus
887 1681 971 1744 libro
1008 1679 1202 1762 trigensimo

193 1774 306 1835 octavo
328 1770 367 1834 ad
387 1770 526 1834 edictum
546 1767 595 1855 (P.
614 1769 780 1854 1013).-
795 1769 918 1833 Furtim
939 1789 1050 1833 000000
1070 1769 1203 1833 arbores

192 1859 351 1941 videntur,
371 1881 451 1942 quae
470 1860 641 1943 ignorante
661 1859 790 1922 domino
811 1859 997 1941 celandique
1017 1857 1084 1921 eius
1105 1878 1203 1921 00000

191 1947 376 2012 caeduntur.
412 1969 470 2011 000
489 1969 559 2010 0000
576 1947 659 2010 hanc
678 1946 757 2010 furti
772 1947 932 2010 actionem
948 1945 1060 2010 scribit
1075 1944 1203 2030 Pedius,

191 2058 262 2100 cum
288 2040 320 2099 01
344 2037 411 2100 0100
433 2036 520 2100 furto
544 2036 614 2099 fieri
637 2036 753 2120 possit,
778 2041 815 2098 ut
838 2035 908 2119 quis
932 2037 1064 2099 arbores
1087 2034 1202 2099 furtim

192 2125 315 2189 caedat.

561 2244 663 2304 Libri
685 2243 832 2302 XXV—⁶?

451 2352 485 2406 St
502 2353 612 2407 tabulae
630 2353 781 2406 testamenti
800 2353 940 2407 00101001.

280 2454 331 2518 35
359 2452 398 2517 D
417 2453 469 2535 37,
491 2455 518 2539 1,
536 2454 566 2532 6,
584 2453 614 2516 2.
669 2452 789 2516 Ρο0100
819 2453 902 2518 libro
932 2451 1203 2536 quadragensimo

190 2543 296 2627 primo
321 2543 360 2606 ad
385 2504 523 2606 01101001
547 2503 597 2627 (P.
611 2537 765 2628 577).—
730 2543 866 2606 -tNo
858 2563 885 2604 rs
909 2543 1085 2624 scriptaet
1071 2541 1204 2608 tabulac

190 2654 256 2696 non
284 2654 345 2697 000
346 2631 491 2696 11000100
518 2630 621 2695 edicto
603 2653 637 2717 o,
664 2630 739 2715 quia
766 2634 928 2694 notast
889 2631 943 2694 litt
929 2636 1015 2694 teras
1041 2651 1107 2694 non
1132 2653 1204 2696 0000

190 2721 306 2787 Pedius
329 2721 413 2786 libro
436 2720 611 2785 vicensimo
635 2721 749 2804 quinto
773 2720 814 2784 ad
838 2719 921 2783 edict
908 2727 976 2782 tum
1001 2717 1122 2782 scribit.

415 2877 459 2931 De
476 2881 566 2930 contre
584 2877 615 2929 10
629 2878 822 2944 possessionem
839 2877 977 2931 mittendo.

280 2977 332 3040 36.
356 2974 394 3039 D.
409 2978 462 3057 37,
477 2976 506 3058 9,
523 2979 551 3057 1,
566 2975 594 3038 5.
638 2975 799 3057 Ulpianus
822 2975 906 3039 libro
932 2975 1205 3060 quadragensimo

190 3064 295 3148 primo
325 3063 365 3126 ad
393 3065 530 3128 edictum
556 3059 604 3149 (P.
622 3063 731 3147 1133).
756 3098 797 3108 -
821 3110 851 3126 ..
880 3064 907 3126 si
931 3066 990 3129 sub
1015 3065 1205 3131 condicione

190 3157 359 3236 postumus
388 3153 430 3215 sit
458 3150 683 3231 exheredatus,
710 3152 869 3236 pendente
897 3153 1083 3218 condicione
1111 3154 1205 3220 Pedii

190 3240 383 3305 sententiam
414 3239 613 3304 admittimus
642 3239 858 3305 existimantis
882 3263 978 3324 posse
1001 3246 1146 3307 ventrem
1170 3244 1203 3308 10

189 3330 425 3413 possessionem
467 3328 555 3392 mitti
601 3330 691 3412 [quia
733 3329 791 3393 sub
834 3330 956 3395 incerto
998 3330 1112 3395 utilius
1155 3347 1206 3397 est

189 3422 334 3483 ventrem
357 3416 424 3501 ali].

279 3528 360 3599 Quae
383 3529 500 3605 inclusi,
523 3529 647 3589 Pernice
671 3530 778 3589 merito
802 3530 935 3590 sitienda
958 3534 1067 3589 000001.
