2596 3902
147 179 212 246 130
228 175 663 234 111111111111111111011.
674 173 818 234 GALBAE
828 173 936 228 TEMP.
946 171 1043 228 IURIS
1054 171 1157 228 colis,

145 344 238 410 heres
262 340 330 406 sit':
356 339 466 429 Labeo
488 362 556 406 non
575 339 677 405 videri
694 339 794 404 filiam
812 336 978 420 contineri,
1000 336 1157 402 Proculus

143 435 284 586 eontrgt.
308 517 347 583 D.
363 519 415 603 28,
430 518 460 602 5,
477 520 527 584 11.
563 517 840 582 Ι1111111111110
865 515 1003 599 septimo
1022 514 1156 598 Epistu-

144 610 258 674 larum.
288 645 325 654 -
355 607 477 672 ‘Attius
506 607 597 672 fundi
626 604 813 672 Corneliani
839 605 933 669 heres
961 606 1032 669 esto
1061 603 1157 688 mihi,

144 696 306 763 (11οΤ1111
327 697 415 762 illius
438 697 563 762 insulae
586 695 719 760 heredes
744 693 861 760 sunto'.
901 691 1069 760 habebunt
1091 691 1156 756 duo

145 787 222 852 Titii
246 785 422 870 semissem,
443 784 556 851 Attius
580 785 745 849 semissem
767 782 863 868 idque
877 781 1017 846 Proculo
1040 781 1156 864 plaeet.

399 1021 454 1082 ΠΙ.
482 1022 597 1082 Notae
621 1020 663 1080 ad
685 1019 897 1079 Labeonem.

231 1148 393 1209 Prooulum
416 1147 454 1205 ad
471 1146 643 1206 Labeonem
664 1147 752 1205 notas
777 1144 930 1220 scripsisse
953 1167 1022 1208 oum
1045 1147 1157 1210 diserte

143 1237 269 1298 tradunt
292 1241 324 1296 et
347 1235 440 1296 Gaius
464 1227 514 1318 (D.
530 1237 581 1309 35,
598 1237 625 1312 1,
641 1235 682 1294 68
707 1227 800 1309 ‘apud
822 1233 991 1298 Labeonem
1009 1237 1157 1298 Proculus

143 1320 256 1406 notat')
276 1329 307 1385 et
322 1325 472 1401 Ulpianus
491 1323 656 1384 seeundum
669 1322 790 1382 Celsum
804 1314 855 1402 (D.
871 1325 898 1396 3,
915 1328 944 1404 ὅ,
960 1330 989 1400 9,
1006 1330 1022 1385 1
1044 1320 1157 1387 ‘Labeo

143 1415 260 1492 probat.
303 1414 356 1474 sed
379 1416 410 1473 et
428 1411 533 1473 Celsus
555 1413 657 1486 refert,
678 1412 824 1472 Proculus
848 1414 928 1486 apud
951 1433 1021 1474 eum
1041 1408 1156 1498 notat')

142 1508 263 1564 tumeo
282 1502 501 1580 comprobatur,
524 1501 605 1578 quod
622 1500 761 1578 pluribus
779 1499 946 1582 Pomponii,
968 1503 1034 1580 Gai,
1057 1503 1158 1582 Pauli,

142 1593 265 1671 Ulpiani
292 1592 366 1652 loeis
389 1590 488 1650 Labeo
512 1597 544 1650 et
565 1590 709 1650 Proculus
732 1590 811 1650 inter
834 1607 866 1649 se
888 1597 1093 1670 opponuntur,
1123 1594 1157 1652 in

141 1683 247 1760 primis
274 1681 334 1740 bis:
362 1680 398 1739 D.
419 1682 471 1758 12,
487 1681 516 1756 4,
533 1681 573 1740 11
597 1678 701 1756 Pomp.
730 1672 841 1738 ‘Labeo
869 1681 914 1740 ait
1005 1680 1057 1741 sed
1084 1682 1155 1742 Pro·

143 1771 229 1830 culus
248 1818 255 1832 .
271 1812 299 1828 ..
319 1763 382 1830 ait'.
434 1769 468 1828 D.
489 1771 541 1847 41,
562 1772 590 1845 1,
610 1770 652 1828 28
682 1768 785 1844 Pomp.
818 1761 930 1829 ‘Labeo
962 1773 994 1829 et
1026 1770 1157 1830 Sabinus

143 1855 242 1934 aiunt,
270 1857 322 1920 sed
345 1853 510 1918 Prooulus'.
557 1856 622 1917 Gai.
641 1859 670 1933 3,
692 1857 756 1918 140
781 1850 894 1918 ‘Labeo
917 1859 1061 1937 negavit.
1076 1903 1105 1918 ..
1120 1863 1155 1919 at

144 1947 250 2008 Ofilius
265 1993 272 2007 .
287 1994 294 2006 .
309 1991 329 2024 .,
359 1947 444 2006 euius
468 1947 636 2023 opinionem
659 1946 804 2006 Proculus
828 1950 948 2008 secutus
972 1942 1041 2008 est'.
1086 1947 1156 2008 Vat

142 2039 211 2097 sr.1
237 2036 322 2095 Paul.
347 2030 457 2095 ‘Labeo
481 2035 602 2112 quidem
624 2036 774 2111 putabat.
790 2035 957 2096 .Prooulus
980 2041 1011 2096 et
1029 2029 1157 2097 Oelsus’.

141 2126 212 2185 Vat.
231 2125 268 2184 fr.
289 2128 328 2184 71
357 2124 427 2201 Ulp.
465 2118 520 2167 ‘-
552 2124 632 2200 apud
663 2123 834 2183 Labeonem
866 2126 964 2202 agitat
994 2125 1157 2204 pertinere,

143 2212 281 2293 quamvis
303 2213 449 2274 Proculus
471 2233 531 2274 non
556 2207 617 2271 -'.

231 2302 410 2362 Laudentur
432 2306 534 2362 autem
556 2302 668 2361 diserte
685 2319 900 2377 nonnunquam
918 2301 1066 2362 Labeonis
1083 2303 1155 2362 libri

143 2392 339 2469 posteriores,
367 2391 405 2450 ad
433 2410 506 2468 quos
529 2390 677 2451 Proeulus
704 2395 792 2450 notas
819 2390 975 2450 adieceritr
1004 2392 1039 2451 D.
1056 2393 1108 2469 17,
1124 2395 1158 2470 2,

144 2483 229 2558 65,5
253 2481 338 2541 Paul.
366 2474 479 2542 ‘Labeo
497 2527 504 2540 .
520 2525 528 2540 .
545 2481 747 2557 posteriorum
769 2479 855 2538 libris
879 2480 1020 2556 seripsit.
1036 2523 1044 2539 .
1058 2527 1064 2541 .
1080 2479 1156 2542 Pro·

143 2572 230 2631 oulus
261 2571 317 2630 hoo
348 2569 393 2628 ita
419 2588 524 2631 verum
551 2587 615 2628 esse
644 2569 700 2646 ait,
733 2561 778 2630 si'.
828 2568 864 2628 D.
886 2572 914 2642 7,
934 2571 963 2646 8,
984 2571 1011 2645 2,
1033 2571 1062 2628 1.
1081 2572 1156 2647 4pr.

142 2660 212 2737 Ulp.
231 2653 323 2736 ‘apud
341 2658 512 2719 Labeonem
530 2657 652 2718 memini
669 2660 833 2718 tractatum
850 2657 927 2718 libro
945 2658 1158 2734 posteriorum,
1223 2709 1225 2714 .

143 2753 174 2809 11
196 2749 241 2809 ait
258 2748 358 2808 Labeo
378 2748 592 2808 ...Proculus
611 2750 712 2807 autem
731 2741 908 2808 ...notat'.
950 2747 986 2807 D.
1001 2749 1053 2824 29,
1069 2749 1097 2824 2,
1114 2749 1159 2808 60

141 2838 302 2898 Iavolenus
330 2855 366 2896 ex
388 2840 466 2913 post.
487 2836 644 2896 Labeonis.
691 2829 802 2896 ‘Labeo
826 2836 871 2895 ait
967 2835 1094 2896 Paulus:
1126 2839 1159 2895 11

142 2927 288 2986 Prooulus
311 2924 461 2984 Labeonis
487 2925 666 2984 sententiam
693 2918 865 3000 improbat'.
909 2924 944 2984 D.
966 2925 1016 2999 33,
1037 2927 1065 3000 9,
1086 2925 1115 3000 3,
1136 2927 1158 2983 2

143 3013 213 3088 Ulp.
241 3006 354 3072 ‘Labeo
382 3013 458 3072 libro
486 3031 564 3073 nono
592 3012 792 3088 posteriorum
816 3011 990 3074 scribit...
1010 3012 1062 3072 sed
1084 3013 1158 3073 Pro-

144 3102 230 3161 oulus
321 3096 445 3161 soribit'.
501 3100 616 3161 aooedit
647 3099 727 3178 quod
758 3100 794 3160 D.
815 3103 866 3178 33,
887 3104 986 3179 6,15,
1009 3105 1049 3162 16
1083 3103 1159 3162 liaeo

142 3192 297 3268 leguntur:
331 3183 488 3250 ‘Proculus
516 3189 594 3249 libro
621 3189 752 3250 seeundo
779 3184 1009 3264 Epistularum'.
1060 3183 1158 3250 ‘Idem

144 3280 220 3339 libro
249 3278 339 3337 tertio
368 3298 404 3338 ex
432 3278 648 3356 posterioribus
676 3272 848 3356 Labeonis',
879 3279 923 3339 ita
947 3284 983 3339 ut
1010 3279 1159 3340 Proculus

144 3387 237 3444 aeque
256 3370 346 3444 atque
364 3367 523 3429 Iavolenus
541 3366 688 3428 Labeonis
710 3366 804 3427 libros
825 3367 922 3428 videri
944 3369 1043 3445 possit
1061 3369 1157 3446 epito-

144 3475 251 3516 masse.
284 3459 316 3514 at
338 3456 406 3516 inde
431 3477 465 3517 ex
484 3457 600 3517 Guiaoii
622 3460 723 3517 aetate
745 3456 803 3517 viri
822 3456 902 3516 dooti
925 3450 1032 3517 ‘Idem'
1052 3476 1153 3517 erroro

146 3566 201 3622 pro
215 3538 398 3605 ‘Iavolenus'
417 3547 561 3622 seriptum
573 3565 638 3608 esse
652 3549 804 3608 statuunt:
824 3539 889 3606 ‘das
903 3546 981 3624 folgt
993 3546 1078 3608 nieht
1090 3546 1160 3606 blos
