2580 3900
185 197 248 262 160
267 197 314 252 Ill.
331 196 407 253 GAII
418 195 564 252 CLAUDII
573 195 708 253 NERON.
719 195 863 252 GALBAE
872 195 979 254 TEMP.
990 197 1087 253 IURIS
1098 196 1199 254 CONS.

185 363 260 444 sint,
277 359 373 425 hodie
393 360 484 442 alter,
503 359 585 425 alter
602 364 734 444 postera
749 359 799 424 die
813 359 1023 444 responderit,
1041 360 1199 427 Proculus

181 471 247 514 non
275 470 345 514 esse
374 449 453 514 duos
477 470 549 515 reos
573 471 610 514 ac
633 449 877 534 ncobligatum
901 450 1029 534 quidem
1052 450 1201 536 intellegi

185 559 273 620 eum,
296 539 352 622 qui
375 541 505 621 postera
528 537 578 602 die
601 537 836 624 responderat[,
860 559 932 604 cum
956 541 1046 604 actor
1069 539 1110 603 ad
1135 539 1201 605 alia

181 627 313 710 negotia
345 626 528 692 discesserit
559 628 611 692 vel
637 627 829 711 promissor,
861 627 937 693 licet
964 629 1103 712 peractis
1131 629 1200 694 illis

53 785 55 790 ἲ
181 716 277 780 rebus
299 715 523 800 responderit}

269 826 371 886 Eisele
394 826 425 886 Z.
441 826 467 887 d.
484 827 618 888 Seu-St.
632 826 719 905 XIII,
737 828 812 886 149.

274 929 325 994 87.
348 927 387 992 D.
397 927 450 1006 45,
463 931 492 1012 1,
502 928 531 993 8.
571 926 692 992 Paulus
716 927 800 992 libro
823 928 961 994 secundo
982 928 1022 993 ad
1042 927 1200 996 Sabinum

184 1013 234 1103 (P.
246 1014 355 1104 1625).
377 1054 415 1064 -
436 1016 475 1081 In
498 1017 555 1082 illa
578 1017 799 1101 stipulatione:
825 1015 866 1081 ‘si
886 1017 1032 1083 kalendis
1053 1017 1200 1084 Stichum

182 1127 247 1171 non
278 1106 414 1189 dederis,
447 1106 555 1170 decem
584 1106 660 1170 dare
688 1105 862 1188 spondes'l'
911 1111 1039 1172 mortuo
1066 1107 1200 1174 homine

184 1195 359 1280 quaeritur,
379 1217 420 1259 an
439 1194 559 1260 statim·
571 1199 646 1260 ante
664 1195 819 1259 kalendas
839 1195 893 1280 ag'i
908 1196 1021 1279 possit.
1058 1194 1199 1262 Sabinus
1285 1253 1286 1258 ,

182 1283 338 1349 Proculus
363 1283 613 1367 exspectandum
637 1283 722 1348 diem
746 1283 849 1348 actori
871 1288 997 1368 putant.
1285 1283 1286 1292 ³

272 1371 637 1458 ss.n.45,1,112,1.
681 1371 770 1436 ruem
800 1368 1199 1460 depompationem
1285 1329 1286 1334 Ν

182 1461 296 1545 quinto
329 1461 452 1526 decimo
482 1460 523 1526 ad
551 1458 705 1536 Quintum
733 1460 876 1526 Mucium
904 1458 954 1548 (P.
973 1460 1062 1549 271).
1094 1499 1132 1510 —
1164 1461 1199 1529 Si

183 1569 255 1653 quis
283 1569 330 1632 ita
359 1568 533 1652 stipulatus
561 1567 671 1632 luerit:
701 1565 771 1652 ‘pro
799 1567 905 1634 ΗΒΘι
933 1570 1011 1634 satis
1039 1567 1199 1635 dabis?'²:

182 1656 340 1721 Proculus
360 1657 406 1720 ait
425 1679 551 1740 semper
569 1656 604 1721 in
618 1656 841 1722 satisdationis
857 1656 1065 1740 stipulatione
1079 1659 1198 1744 venire,

184 1745 268 1830 quod
294 1747 467 1810 interesset
489 1745 687 1831 stipulantiS,
714 1749 751 1809 ut
775 1746 857 1810 alias
879 1749 950 1810 tota
974 1768 1044 1813 sors
1068 1747 1198 1832 inesset,

181 1835 284 1899 veluti
312 1835 339 1898 si
366 1833 502 1900 idoneus
529 1835 708 1919 promissor
734 1856 801 1900 non
829 1836 883 1918 sit,
911 1835 993 1899 alias
1019 1836 1140 1922 minus,
1169 1839 1198 1903 si

181 1923 216 1987 in
246 1922 366 2008 aliquid
393 1923 527 1989 idoneus
556 1927 640 1988 esset
668 1923 807 2008 debitor,
839 1924 919 1988 alias
947 1924 1042 2007 nihil,
1073 1925 1101 1989 si
1128 1931 1198 1992 tam

182 2011 327 2096 locuples
356 2015 454 2095 esset,
481 2015 518 2076 ut
542 2016 654 2077 nostra
676 2034 743 2078 non
765 2013 894 2077 intersit
916 2014 996 2077 satis
1019 2013 1059 2077 ab
1083 2035 1121 2078 eo
1147 2039 1199 2082 ac-

183 2099 303 2184 cipere,
321 2100 386 2165 nisi
404 2101 489 2186 quod
508 2102 697 2185 plerumque
714 2101 823 2165 idonei
839 2122 905 2166 non
919 2105 986 2165 tam
999 2101 1199 2185 patrimonio

183 2211 279 2272 quam
302 2188 365 2254 fide
389 2211 515 2274 quoque
539 2191 795 2254 aestimarentur.

271 2278 322 2343 89.
355 2277 394 2345 D.
413 2277 465 2357 45,
482 2283 511 2364 1,
526 2279 588 2344 138
599 2301 646 2363 pr.
695 2277 786 2342 Idem
814 2274 872 2365 (sc.
892 2277 1083 2367 Venuleius)
1111 2281 1198 2348 libro

182 2369 296 2452 quarto
321 2364 574 2451 Stipulationum
602 2366 652 2453 (P.
671 2363 740 2452 60).
765 2404 802 2414 —
828 2367 929 2453 Eum,
954 2369 1008 2452 qni
1035 2374 1200 2436 certarum

180 2456 398 2522 nundinarum
430 2456 541 2521 diebus
575 2456 644 2520 dari
676 2457 864 2542 stipuletur,
894 2455 998 2541 primo
1026 2455 1200 2544 <tantum>

181 2546 232 2610 dio
250 2549 359 2630 petere
380 2567 475 2630 posse
495 2544 635 2610 Sabinus
655 2545 708 2611 ait.
741 2544 897 2611 Proculus
917 2550 1024 2610 autem
1044 2550 1077 2612 et
1096 2550 1196 2614 ceteri

182 2635 327 2700 diversae
347 2635 475 2700 scholae
491 2639 647 2714 auctores,
666 2634 819 2720 quamdiu
833 2635 884 2699 vel
900 2633 1052 2720 exiguum
1066 2639 1198 2721 tempus

181 2745 220 2789 ex
238 2723 456 2788 nundinarum
476 2725 581 2808 spatio
601 2728 792 2808 superesset,
810 2723 878 2806 peti
892 2745 988 2807 posse
1003 2725 1199 2792 existimant.
1285 2795 1286 2800 ,

270 2813 321 2877 90.
346 2811 385 2879 D.
394 2813 447 2895 46,
458 2812 488 2897 3,
499 2813 551 2897 93,
561 2813 591 2878 3.
633 2811 788 2879 Scaevola
810 2813 894 2876 libro
918 2813 1077 2896 singulari
1096 2812 1199 2890 Quae·
1285 2819 1286 2822 ’

181 2901 324 2966 stionum
351 2901 478 2984 publice
505 2905 720 2965 tractatarum
744 2897 794 2988 (P.
812 2898 898 2986 193).
923 2937 964 2948 -
988 2900 1038 2987 (si
1063 2901 1126 2968 duo
1151 2905 1199 2968 rei

182 2991 248 3054 sint
282 2989 491 3072 promittendi
525 2994 558 3053 et
587 2989 673 3054 alter
705 2990 842 3054 alterum
875 2989 1025 3056 heredem
1058 2992 1199 3078 scripsit,

182 3077 389 3142 confunditur
408 3077 574 3161 obligatio.
612 3079 665 3142 sed
682 3079 709 3142 si
724 3099 797 3142 reus
811 3077 962 3144 heredem
976 3079 1197 3147 fideiussorem

182 3164 361 3249 scripserit,
393 3165 599 3230 confunditur
630 3162 811 3254 obligatio.)
862 3167 938 3251 quid
967 3218 1032 3253 ...,
1065 3170 1092 3232 si
1120 3169 1197 3236 fide·

182 3253 289 3318 iussor
308 3275 397 3317 reum
416 3253 565 3319 heredem
586 3254 772 3340 scripserit?
809 3255 1020 3322 confundetur
1037 3258 1196 3344 obligatio

181 3342 355 3407 secundum
379 3341 492 3407 Sabini
516 3347 719 3426 sententiam,
743 3345 821 3411 licet
837 3343 992 3411 Proculus
1016 3346 1195 3414 dissentiat

255 3504 268 3552 1
292 3498 365 3552 Pria
385 3500 495 3553 centum
515 3501 612 3556 aurcis.

253 3574 268 3622 2
291 3568 364 3624 Trib.
385 3568 482 3626 dabis?
510 3577 539 3627 ct
556 3588 633 3627 reum
653 3571 761 3630 dederis
778 3572 808 3628 in
826 3572 910 3628 istam
929 3590 1073 3631 summam.
