2590 3902
167 203 234 268 280
270 204 302 260 V.
322 202 471 258 NERVAE
489 202 537 256 ΕΤ
555 199 707 258 TRAIANI
726 199 833 257 TEMP.
852 201 947 257 IURJS
967 200 1145 257 CONSULTI

259 365 321 432 18?
345 365 384 430 D.
393 367 447 450 41,
459 368 488 450 1,
497 365 549 431 39.
592 364 734 430 Iulianus
758 365 841 431 libro
864 364 962 430 tertio
986 383 1025 429 ex
1045 361 1180 431 Minicio

167 452 216 543 (P.
228 451 317 541 859).
336 491 379 501 -
398 455 507 520 Etiam
529 453 668 520 furtivus
692 475 803 519 servus
824 455 927 520 bonae
946 453 1022 520 fidei
1040 455 1180 538 emptori

168 543 321 629 adquirit,
356 543 441 628 qnod
475 564 513 608 ex
545 565 580 609 re
612 543 679 608 eius
712 543 887 628 stipulatur
919 547 975 608 aut
1006 540 1181 625 raccacm'pio1

168 633 294 716 accipit.

472 719 523 786 De
545 720 705 786 actorebus
725 715 873 787 modste?

259 822 309 892 19.
337 819 376 891 D.
386 823 429 891 47
451 823 480 911 l,
493 823 542 892 10.
587 824 732 891 Iulianus
756 827 840 892 libro
864 827 961 892 tertio
986 847 1025 891 ex
1046 817 1181 892 Minicio

168 911 219 1069 pP.
240 913 328 1000 861).
352 952 394 962 -
419 877 454 980 81
482 914 611 1000 gemina
639 915 734 980 arhor
762 919 847 980 esset
875 919 908 979 et
935 934 1033 1001 supra
1060 918 1181 979 terram

182 1008 319 1070 unctura
356 1002 424 1068 eius
456 1001 624 1088 emineret,
661 1021 757 1068 unam
790 1004 933 1070 arborem
966 1003 1069 1070 videri
1102 1021 1181 1068 esse.

170 1093 225 1158 sed
249 1094 276 1158 si
299 1092 332 1157 id
355 1111 419 1177 qua
441 1089 628 1179 iungeretur
652 1111 718 1158 non
739 1095 872 1176 exteret,
894 1091 1029 1158 totidem
1048 1092 1182 1158 arbores

168 1177 257 1267 esse',
280 1185 360 1268 quot
383 1181 505 1265 species
528 1199 639 1245 earum
663 1201 760 1266 supra
782 1185 903 1247 terram
926 1184 1041 1246 essent.

258 1295 293 1355 cf.
308 1288 385 1354 Plin.
399 1291 429 1354 h.
442 1312 470 1353 n.
488 1295 539 1369 17,
555 1295 584 1370 1,
599 1292 628 1354 7.

500 1505 547 1565 Ex
568 1506 679 1566 Iuliani
701 1507 780 1567 libro
802 1505 854 1566 IV.

261 1731 327 1798 20?
349 1732 388 1797 D.
400 1732 451 1816 19,
460 1731 491 1811 2,
501 1733 552 1798 32.
586 1615 838 1799 llrlialerhhhwlibro
858 1735 974 1818 quarto
994 1753 1033 1797 ex
1050 1725 1185 1798 Minicio

161 1817 223 1909 (Ρ.
243 1817 332 1908 865).
362 1857 399 1871 -
432 1819 494 1896 Qui
522 1813 659 1885 fundum
687 1819 856 1886 colendum
883 1820 917 1885 in
945 1819 1053 1907 plures
1082 1842 1185 1886 annos

172 1911 350 1992 locaverat,
382 1908 519 1976 decessit
548 1913 581 1973 et
608 1931 680 1973 eum
707 1908 843 1975 fundum
870 1909 1000 1997 legarit.
1052 1902 1186 1975 Cassius

172 1997 305 2084 negavit
331 2019 426 2082 posse
455 1993 528 2082 cogi
551 1993 715 2076 colonum,
742 2003 780 2063 ut
803 2020 876 2064 eum
898 1997 1034 2062 fundum
1056 1995 1186 2082 coleret,

174 2089 251 2172 quia
277 2083 358 2151 nihil
386 2081 511 2150 heredis
540 2086 721 2152 interesset.
766 2087 852 2172 quod
880 2087 908 2151 si
931 2087 1065 2153 colonus
1088 2081 1187 2151 vellet

174 2175 279 2241 colere
298 2178 332 2240 et
350 2174 391 2238 ab
410 2195 458 2256 eo,
481 2172 532 2238 cui
550 2168 679 2259 legatus
699 2179 784 2239 esset
801 2173 929 2261 fundus,
952 2173 1186 2261 prohiberetur,

174 2287 246 2330 cum
274 2262 391 2328 herede
420 2261 580 2327 actionem
608 2261 757 2328 colonum
784 2263 917 2349 habere,
946 2265 979 2330 et
1003 2263 1065 2330 hoc
1089 2261 1187 2329 detri-

175 2354 320 2418 mentum
339 2351 380 2416 ad
397 2350 546 2417 heredem
566 2351 735 2436 pertinere,
754 2352 849 2417 sicuti
869 2353 895 2418 si
915 2355 986 2437 quis
1004 2374 1187 2437 remquam

175 2441 371 2507 vendidisset
388 2461 447 2506 nec
465 2439 541 2504 dum
559 2438 754 2544 tradidisset,
772 2437 830 2505 alii
846 2441 997 2526 legasset,
1010 2442 1105 2507 heres
1120 2443 1187 2507 eius

175 2531 314 2616 emptori
337 2535 370 2596 at
391 2528 549 2615 legatario
573 2533 659 2594 esset
681 2521 856 2616 obligatus.

550 2705 601 2772 De
621 2708 815 2773 condictione.

266 2815 331 2880 21?
355 2814 393 2879 D.
404 2815 456 2894 46,
469 2817 496 2895 l,
510 2813 558 2879 19.
598 2813 688 2878 Idem
712 2811 769 2901 (so.
783 2811 943 2899 Iulianus)
965 2813 1048 2880 libro
1072 2818 1189 2899 quarto

178 2921 217 2968 ex
248 2902 383 2986 Minicio
413 2897 463 2986 (P.
488 2901 576 2988 866).
611 2929 648 2948 »-
684 2899 801 2968 Servus
833 2901 934 2967 inscio
968 2901 1096 2967 domino
1129 2915 1189 2987 pro

181 2991 319 3075 quodem
348 2987 550 3054 fideius'eerat
577 2994 609 3053 et
636 3003 674 3055 so
697 2991 826 3055 nomine
848 2991 1018 3074 pecuniam
1042 2985 1190 3057 solverat.

179 3079 403 3162 quaerebatur,
426 3077 574 3141 dominus
596 3082 748 3160 possetne
772 3079 812 3143 ab
835 3101 873 3144 eo
897 3081 949 3144 oui
970 3078 1077 3144 soluta
1095 3085 1192 3164 esset,

178 3170 330 3250 repetere.
380 3165 558 3248 respondite
590 3165 726 3251 murat,
753 3180 811 3249 quo
838 3168 963 3233 nomiae
988 3167 1190 3250 adicerent

178 3271 254 3320 occu
281 3253 312 3320 se?
338 3267 375 3318 es
401 3266 496 3318 eausa
517 3253 673 3335 mouimus
699 3256 862 3337 fidclccac't
888 3262 961 3322 tusae
987 3257 1023 3321 id
1047 3257 1131 3338 quod
1154 3273 1193 3323 ea

252 3434 265 3482 1
287 3427 363 3482 Trtb.
381 3441 432 3496 per
449 3426 637 3482 traditionem.

253 3505 268 3553 2
295 3497 457 3552 Triboniani
484 3497 596 3554 adiutor
624 3499 749 3570 scripsit:
779 3500 846 3554 ‘una
872 3501 955 3557 arbor
982 3499 1094 3558 ridetur
1122 3518 1194 3559 esee.

180 3569 229 3625 sed
248 3613 255 3627 .
271 3611 277 3625 .
293 3611 299 3624 .
318 3567 432 3624 arbores
451 3569 537 3624 sunt’.
