2580 3900
159 162 225 230 226
248 165 294 222 rr.
309 163 524 221 vesrrsmru
538 162 611 218 rrrr
625 161 818 221 nonrrmru
832 165 940 222 rene.
954 165 1051 221 rurus
1066 163 1173 222 cons.

530 343 574 399 De
591 345 647 415 lepe
665 343 806 401 Falcidia.

236 454 279 540 ι8.
305 452 344 518 D.
355 453 407 539 35,
416 454 447 536 2,
456 451 509 518 49.
541 453 632 520 Idem
651 452 710 542 (sc.
728 452 862 541 Paulus)
879 449 963 520 libro
983 449 1174 519 duodecimo

162 542 203 607 ad
221 537 385 607 Plautium
405 539 452 628 (P.
470 539 580 631 1188).
604 580 646 590 —
671 541 828 609 Plautius.
864 541 972 623 Servo,
995 565 1090 628 quem
1108 541 1175 608 tibi

160 628 357 718 legaveram,
378 630 515 696 fundum
538 633 656 716 legavi.
701 631 876 698 Atilicinus
898 631 1008 698 Nerva
1031 630 1174 697 Sabinus
1234 653 1237 658 ·

158 723 300 806 primum
327 721 363 785 in
391 741 483 786 servo
511 722 671 786 rationem
699 717 781 806 legis
804 720 966 786 Falcidiae
989 713 1175 786 habendam

159 814 192 876 et
214 814 314 895 quote
336 831 413 894 pars
437 831 476 875 ex
500 832 537 876 eo
563 809 742 893 decederet,
768 816 989 894 campartem
1012 811 1047 874 in
1069 808 1174 875 fundo

158 899 268 984 legato
296 898 445 964 inutilem
472 897 628 984 futuram,
656 897 769 963 deinde
797 916 835 963 ex
862 899 995 984 reliquis
1022 899 1174 982 pertibus

159 987 251 1052 fundi
278 987 361 1074 legis
384 985 546 1053 Falcidiae
573 987 755 1072 portionem
783 987 998 1072 decessurum,
1027 985 1111 1052 sicut
1133 1004 1176 1053 ex

160 1077 311 1142 omnibus
334 1076 461 1162 legatis.
506 1075 651 1160 Cassius,
680 1075 766 1161 quod
790 1097 883 1142 servo
906 1096 982 1161 pars
1005 1077 1076 1160 lege
1099 1075 1176 1141 Fal·

160 1167 245 1232 cidia
263 1166 404 1249 decedat,
425 1166 568 1249 incipere
587 1187 714 1230 servum
732 1166 802 1231 fieri
822 1187 1024 1231 communem
1042 1165 1175 1231 heredis

161 1260 193 1320 et
220 1253 385 1340 legatarii,
411 1254 573 1320 communi
601 1257 710 1319 autem
738 1276 831 1320 servo
855 1276 927 1319 cum
950 1255 1096 1340 legatum
1120 1255 1175 1338 sit,

160 1349 267 1410 totum
294 1345 457 1427 pertinere
483 1343 524 1407 ad
546 1344 684 1423 socium,
711 1345 786 1428 quia
808 1341 841 1408 in
864 1365 904 1408 ea
926 1365 1065 1428 persona
1086 1343 1175 1409 εοῖα1

160 1433 307 1520 legatum
330 1432 504 1497 consistere
525 1433 645 1516 possit,
668 1454 733 1517 qua
749 1433 875 1498 ratione
894 1433 992 1497 semel
1012 1449 1051 1497 ex
1070 1432 1175 1499 fundo

160 1525 285 1607 partem
307 1521 389 1606 legis
412 1519 573 1586 Falcidiae
597 1522 809 1586 decessuram.

453 1705 501 1763 Dc
517 1705 749 1778 possessionibus
771 1705 880 1780 legates

251 1821 294 1888 9?
321 1817 361 1887 D.
376 1822 428 1906 50,
444 1823 494 1906 16,
506 1823 556 1888 78.
593 1819 714 1888 Paulus
732 1823 817 1888 libro
836 1821 932 1890 tertio
951 1823 991 1888 ad
1009 1815 1175 1890 Plautium

161 1907 212 1997 (P.
233 1909 341 1997 1088).
365 1948 407 1958 —
431 1910 598 1977 Interdum
625 1911 858 1996 proprietatem
886 1934 1012 1997 quoque
1038 1913 1175 1980 verbum

160 1999 375 2085 possessionis
408 1999 582 2086 significat,
614 2004 698 2066 sicut
728 2001 763 2064 in
796 2023 832 2067 eo
867 2001 923 2086 qui
949 2002 1175 2086 possessiones

162 2111 236 2154 suas
259 2091 414 2175 legasset,
435 2109 626 2172 responsum
647 2095 707 2154 est

532 2272 579 2331 De
600 2277 675 2332 ceste
697 2273 800 2347 deputa.

251 2392 302 2457 10.
324 2389 364 2456 D.
380 2390 432 2474 34,
445 2391 477 2471 2,
492 2391 521 2456 8.
561 2389 650 2455 Idem
675 2387 731 2477 (sc.
749 2386 888 2478 Paulus)
912 2389 997 2457 libro
1020 2411 1107 2458 nono
1131 2393 1174 2458 ad

161 2480 326 2546 Plautium
350 2476 400 2567 (P.
420 2479 530 2566 1171).
554 2513 596 2527 -—
621 2479 780 2544 Plautius.
820 2479 937 2544 Mulier
964 2481 1011 2545 ita
1035 2481 1172 2566 legavit:

161 2569 319 2655 ‘quisquis
338 2569 421 2634 mihi
438 2569 531 2634 heres
547 2569 620 2654 erit,
639 2567 745 2634 Titiae
758 2573 882 2634 vestem
896 2591 1002 2634 meam
1015 2570 1174 2636 mundum

162 2663 414 2742 ornamentaque
441 2657 613 2723 muliebria
640 2658 775 2723 damnas
803 2661 872 2723 asto
895 2657 995 2722 dara'.
1039 2655 1173 2726 Cassius

163 2749 222 2832 ait,
251 2750 279 2812 ri
306 2769 372 2814 non
400 2751 569 2832 appareret
595 2745 672 2831 quid
696 2746 867 2826 sensisset,
897 2767 1026 2812 omnem
1049 2752 1174 2814 vestem

163 2837 338 2901 secundum
360 2838 461 2901 verbe
482 2837 671 2901 testamenti
694 2836 838 2921 legatam
860 2834 970 2901 videri.

253 2942 317 3006 11?
340 2941 380 3006 D.
394 2943 446 3024 34,
460 2944 490 3026 2,
506 2944 535 3007 7.
576 2941 695 3008 Paulus
713 2943 796 3008 libro
816 2946 930 3009 octavo
950 2942 990 3008 ad
1008 2941 1174 3010 Plautium

161 3028 214 3116 (P.
234 3027 343 3116 1155).
372 3065 414 3076 -
442 3027 477 3094 Si
509 3031 556 3094 ite
588 3035 674 3096 esset
704 3030 862 3118 legatum:
896 3031 1029 3097 ‘vestem
1057 3054 1174 3116 meam,

164 3122 335 3203 argentum
354 3139 462 3182 meum
479 3118 616 3184 damnas
633 3123 705 3184 esto
723 3119 820 3203 dsre',
838 3119 871 3186 id
884 3122 1029 3206 legatum
1042 3118 1174 3205 videri²,

163 3206 250 3291 quod
268 3207 455 3290 testamenti
472 3209 619 3291 tempora
637 3206 762 3291 fuisset,
777 3209 855 3292 quia
873 3231 1026 3295 praesens
1044 3214 1173 3295 tempus

164 3315 292 3379 semper
305 3293 557 3378 intellegeretur,
574 3297 602 3360 si
617 3297 703 3362 aliud
717 3298 985 3381 comprehensum
999 3321 1065 3366 non
1080 3303 1173 3366 esset.

236 3476 249 3523 1
269 3467 318 3524 Fl.
336 3467 366 3522 in
385 3483 448 3522 eam
466 3486 623 3539 personam.

235 3545 251 3593 2
272 3540 347 3596 Tau
366 3539 484 3596 videtur.
