2580 3900
461 211 486 258 3.
507 202 721 258 OCTAVENUS
1031 203 1095 267 217

454 383 504 449 De
526 385 730 450 servitutibus.

17 533 19 564 1
171 493 224 558 22.
253 491 294 556 D.
312 491 341 568 8,
356 492 386 569 6,
401 491 429 554 2.
470 489 590 556 Paulus
612 490 696 555 libro
725 491 900 555 vicensimo
928 491 1033 574 primo
1057 491 1098 556 ad

17 567 19 592 ¹
88 581 224 646 edietum
258 577 309 666 (P.
332 576 421 665 355).
457 615 494 624 -
530 579 591 655 Qui
626 580 689 643 iter
721 583 754 642 et
786 583 893 644 actum
926 580 1038 664 habet,
1070 580 1098 645 si

17 703 18 738 1
87 667 223 736 bienniol
246 672 376 733 tantum
398 668 486 746 ierit,
509 689 575 732 non
599 669 721 751 perisse
744 672 866 751 aetum,
888 668 944 732 sed
967 691 1097 736 manere

17 777 18 824 1
88 757 222 824 Sabinus
243 756 376 823 Cassius
396 755 578 822 Octauenus
601 756 707 840 aiunt3
730 778 805 820 nam
828 757 876 822 ire
896 779 1022 843 quoque
1040 781 1099 842 per

17 857 18 868 ¹
87 869 119 912 se
142 870 216 912 eum
240 867 336 931 posse
360 846 415 930 qui
438 849 545 910 aetum
567 845 711 911 haberet.

366 1049 395 1105 2.
426 1046 479 1105 Ad
501 1047 558 1105 ius
581 1045 820 1105 honorarium.

435 1163 485 1230 De
507 1165 576 1230 albo
597 1169 748 1252 corrupte.

175 1273 227 1339 23.
259 1271 299 1337 Ι).
319 1273 350 1356 2,
371 1275 397 1349 1,
417 1271 445 1336 9.
495 1270 615 1337 Paulus
647 1273 731 1336 libro
762 1271 860 1336 tertio
889 1271 929 1335 ad
957 1271 1098 1336 edietum

17 1403 19 1406 -
87 1357 135 1448 (P.
152 1359 242 1448 108).
261 1397 302 1407 -
322 1359 357 1425 Si
379 1360 505 1425 familia
528 1360 664 1425 alieuius
688 1361 798 1425 album
822 1359 1012 1444 corruperit,
1032 1380 1099 1424 non

17 1453 18 1508 ἶ
87 1450 237 1515 similiter
260 1449 313 1514 hio
337 1449 472 1513 edicitur
494 1453 531 1514 ut
554 1449 588 1513 in
610 1450 707 1534 furt0,
731 1472 772 1513 11
794 1450 829 1513 11
850 1449 994 1534 reliquos
1014 1448 1098 1512 aetio
1196 1450 1199 1455 ’

17 1545 18 1606 3
88 1540 187 1620 detur,
211 1539 240 1604 si
262 1542 390 1602 tantum
411 1538 568 1622 dominus,
592 1559 664 1602 1111
684 1538 851 1603 defendere
869 1537 981 1621 voluit,
1004 1537 1098 1602 unius

86 1629 214 1693 nomine
238 1627 447 1712 praestiterit,
470 1631 625 1711 quantum
643 1627 726 1691 liber
743 1630 925 1711 praestaret
1006 1625 1098 1692 Oeta·

87 1740 184 1782 venus
208 1716 264 1780 hio
286 1737 412 1801 quoqne
436 1715 565 1780 domino
589 1715 839 1780 succurrendum
863 1717 920 1780 ait.

172 1828 287 1886 Paulus
319 1826 415 1886 addit:
448 1821 514 1886 ‘sed
545 1827 602 1886 hoo
633 1829 735 1902 potest
766 1827 837 1905 diei,
870 1829 895 1887 si
923 1828 992 1889 dolo
1019 1828 1098 1887 malo

87 1917 269 1993 curaverint,
299 1918 336 1975 ut
361 1914 399 1974 ab
427 1916 486 1975 alio
515 1915 618 1974 album
645 1919 901 1995 corrumperetur,
930 1918 1002 1992 qnia
1028 1921 1100 1976 tuno

87 2025 175 2064 unum
205 2005 363 2065 consilium
390 2005 443 2082 sit,
470 2023 531 2065 non
557 2005 647 2080 plura
673 2005 763 2066 facta.
808 2005 887 2066 idem
915 2005 1099 2082 Pomponius

86 2093 161 2156 libro
184 2095 301 2154 decimo
323 2087 430 2152 notat?

173 2184 211 2242 of.
225 2182 321 2241 Lenel
334 2181 433 2242 Ediot.
447 2203 474 2258 p.
492 2184 533 2242 46
558 2184 589 2239 et
613 2184 686 2242 267.

359 2334 409 2400 De
431 2337 606 2402 vadimonio
628 2338 831 2422 concupiendo.

175 2443 228 2507 24.
262 2442 301 2506 D.
319 2441 349 2522 6,
370 2443 398 2519 1,
418 2442 447 2510 6.
501 2443 620 2508 Paulus
652 2443 734 2509 libro
767 2448 858 2508 sexto
891 2444 929 2508 ad
963 2443 1101 2507 edictum

89 2529 135 2618 (P.
151 2529 242 2618 152).
268 2566 306 2577 -
333 2530 367 2596 Si
393 2531 428 2594 in
454 2553 523 2595 rem
551 2531 668 2617 aliquis
696 2536 786 2616 agat,
813 2532 909 2596 debet
932 2531 1101 2616 designare

87 2643 168 2707 rem,
201 2625 235 2685 et
266 2624 376 2684 utrum
407 2623 511 2686 totam
544 2642 585 2684 an
617 2623 743 2703 partem
777 2625 810 2685 et
837 2623 970 2705 quotam
997 2623 1101 2703 petat3

88 2710 265 2794 appellatio
289 2709 375 2772 enim
397 2709 445 2772 rei
467 2731 535 2774 111
558 2729 669 2792 genua,
692 2709 748 2773 sed
771 2711 911 2791 speeiem
932 2707 1101 2792 signifieat.

88 2795 272 2864 Oetarenus
300 2798 348 2862 ita
371 2797 497 2882 definit,
524 2797 609 2881 quod
633 2796 772 2862 infectae
795 2798 923 2880 quidem
946 2797 1101 2862 materiae

87 2888 223 2970 pondua,
247 2887 395 2970 signatae
414 2908 489 2950 vero
508 2907 688 2969 numerum,
709 2886 814 2952 factae
834 2889 942 2952 autem
962 2885 1102 2969 speeiem

87 2974 150 3041 diei
173 2977 315 3059 oportet.
667 3003 669 3007 ·

174 3086 290 3146 Paulus
314 3085 410 3144 addit:
435 3080 499 3144 ‘sed
522 3088 554 3145 et
574 3086 859 3146 mensura-dicenda
877 3085 944 3160 erit,
968 3105 1036 3146 oum
1055 3105 1102 3148 res

87 3169 229 3234 mensura
251 3168 473 3234 continebitur?

177 3265 281 3339 1147,
298 3265 428 3340 2,19,2
449 3263 517 3338 Uip.
536 3264 574 3321 ad
594 3261 660 3323 Sab.
699 3257 795 3334 ‘Quod
814 3264 841 3322 si
860 3265 925 3339 quis
945 3266 1103 3340 argentum

88 3351 230 3412 infectum
258 3356 356 3430 petat,
384 3353 415 3411 et
441 3370 570 3411 massam
600 3356 774 3430 argenteam
802 3348 901 3411 dicere
929 3357 960 3410 et
986 3351 1102 3427 pondus

91 3439 209 3500 debebit
222 3459 341 3516 ponere.
374 3441 486 3517 signati
500 3441 618 3518 argenti
627 3460 786 3501 numerum
796 3439 916 3500 debebit
926 3431 1101 3513 complecti?

161 3579 175 3627 1
197 3574 272 3630 Trib.
292 3574 399 3629 statuto
419 3575 553 3642 tempore.
