2602 3906
426 191 450 239 ’1.
474 183 670 240 IUVENTIUS
690 183 822 240 OELSUS
1064 186 1130 250 503

121 352 222 431 parte,
241 350 319 431 puta
338 348 376 432 si,
394 368 467 411 oum
487 347 640 413 dictasset
659 370 698 412 ex
716 348 849 413 semisse
869 349 1006 434 aliquem
1027 350 1134 434 scribi,

122 458 162 501 ex
200 436 377 520 quadrante
411 436 455 499 sit
491 437 643 520 scriptus,
680 435 792 502 Celsus
825 437 909 501 libro
942 437 1132 503 duodecimo

122 523 381 601 Quaestionum.
401 574 429 590 ..
450 546 545 608 posse
565 525 689 589 delendi
709 525 812 590 aiter
832 524 965 591 semisse
984 526 1134 592 heredem

122 615 208 699 fore,
232 613 325 698 quasi
347 614 420 697 plus
444 618 666 699 nuncupatum
691 613 748 699 sit,
771 614 875 679 minus
900 615 1064 699 seriptum.

214 734 397 794 Sententiam
424 737 528 795 auctor
551 735 582 792 iu
604 734 799 812 Digestorum
822 753 939 812 quoque
967 735 1059 795 libros
1086 755 1135 795 re-

123 822 217 899 cepit:
247 817 363 882 ‘Celsus
385 824 462 882 libro
487 822 661 882 duodecimo
686 822 913 899 Quaestionum,
941 824 1135 902 Digestorum

122 912 279 971 undecimo
303 902 418 991 (potos
442 914 524 972 sexto
548 904 678 992 decimo)
777 906 841 972 ait'.

525 1107 631 1166 Liber
654 1108 732 1168 XIX.

535 1217 584 1282 De
607 1219 722 1301 legatis.

212 1333 243 1397 4.
276 1331 315 1397 D.
334 1333 390 1416 34,
409 1333 444 1415 2,
465 1334 519 1416 19,
538 1333 568 1399 3.
618 1332 777 1417 Ulpianus
805 1333 887 1398 libro
915 1332 1068 1398 vicesimo
1092 1332 1134 1398 ad

124 1419 283 1486 Sabinum
312 1417 359 1506 (P.
379 1419 491 1507 2606).
516 1459 555 1468 -
581 1419 755 1488 ..Celsus
782 1420 867 1487 libro
895 1443 981 1487 nono
1009 1421 1133 1487 decimo

124 1508 360 1584 Quaestionum
384 1511 518 1596 quaerit,
542 1511 570 1575 si
592 1515 719 1576 eentum
740 1509 847 1596 pondo
866 1511 994 1595 argenti
1012 1511 1135 1575 fuerint

123 1598 246 1681 relicta,
267 1620 308 1663 an
326 1600 525 1683 replumbari
544 1600 691 1683 debeant,
710 1603 746 1664 ut
766 1600 812 1664 sio
831 1598 1060 1683 appendantur.
1103 1604 1135 1663 et

124 1685 278 1752 Proculus
314 1692 347 1752 et
379 1685 491 1753 Celsus
524 1689 614 1753 aiunt
647 1692 793 1772 exempto
829 1688 962 1773 plumbo
996 1688 1135 1771 appendi

125 1775 254 1859 debera,
281 1797 356 1840 nam
385 1780 418 1841 et
444 1777 644 1861 emptoribus
672 1776 894 1863 replumbatae
921 1777 1134 1862 adsignantur

126 1869 160 1929 et
183 1865 217 1928 in
241 1865 383 1930 rationes
407 1867 534 1951 argenti
557 1866 683 1950 pondus
708 1865 755 1931 sie
779 1865 930 1932 defertur.

214 1986 377 2045 Mommsen
409 1986 512 2062 potius
544 1979 632 2046 ‘libro
664 2005 741 2046 nono
773 1985 981 2063 Digestorum,
1018 1986 1133 2046 decimo

125 2069 353 2145 Quaestionum'
386 2075 542 2152 legendum
576 2094 639 2135 esse
672 2076 792 2150 conicit,
825 2078 931 2152 postea
963 2074 1040 2134 enim
1068 2072 1088 2150 ὅ
1113 2077 1131 2134 6

124 2163 249 2241 legitur:
273 2157 389 2222 ‘Celsus
412 2163 487 2222 libro
511 2182 588 2224 nono
612 2164 725 2224 decimo
748 2165 950 2242 Digestorum,
974 2163 1132 2223 Commen-

123 2252 272 2311 tariorum
296 2252 424 2328 septimo
449 2247 573 2313 soribit'.

361 2464 414 2524 IV.
437 2462 781 2525 Commentariorum
804 2465 900 2525 libri.

217 2588 300 2647 Siout
326 2589 365 2648 M.
388 2589 484 2648 Porcii
509 2588 631 2648 (tatonis
658 2588 729 2648 libri
752 2589 787 2647 de
810 2588 875 2648 iuro
898 2588 979 2649 cirili
1003 2606 1022 2646 a
1044 2589 1135 2648 Festo

123 2699 152 2754 p.
176 2679 239 2737 154
267 2671 495 2738 ‘commentarii'
519 2678 713 2755 designantur
737 2669 767 2757 (Ι
784 2697 813 2753 p.
835 2670 899 2756 21),
922 2677 967 2736 ita
990 2676 1082 2736 Gaius
1105 2682 1136 2736 ot

124 2767 353 2826 Institutionum
371 2767 465 2826 libros
485 2771 516 2826 et
533 2767 608 2826 alios
628 2785 697 2826 suos
715 2767 808 2825 libros
824 2759 911 2844 (lust.
927 2767 955 2841 3,
966 2767 1007 2825 33
1023 2767 1054 2824 at
1068 2758 1135 2844 54),

125 2855 242 2916 Gellius
270 2859 371 2914 autem
400 2857 499 2930 112,
521 2859 549 2934 1,
570 2857 588 2913 2
616 2855 740 2914 Masurii
763 2854 866 2914 Sabini
892 2854 985 2914 libros
1011 2854 1048 2913 de
1070 2854 1135 2913 iura

124 2944 208 3005 civili
233 2943 358 3019 scriptos
382 2938 632 3004 ‘commentarios’
658 2944 730 3003 dicit
753 2936 989 3024 (1121550).

533 3139 640 3198 Liber
661 3138 729 3198 VII.

380 3249 430 3316 De
452 3251 547 3334 togato
564 3271 623 3333 per
646 3251 884 3315 damnationem.

215 3363 254 3430 D.
263 3364 315 3449 34,
325 3366 354 3448 2,
366 3366 416 3448 19,
425 3367 456 3431 6.
479 3364 637 3449 Ulpianus
647 3366 732 3430 libro
742 3365 917 3430 vicensimo
929 3364 968 3428 ad
980 3363 1135 3428 Sabinum

125 3452 175 3539 (P.
195 3450 308 3540 2606).
340 3490 382 3500 -
415 3501 449 3517 ..
478 3451 590 3518 Celsus
617 3454 702 3528 libro
822 3451 1135 3518 Commentariorum
1213 3511 1217 3520 .

126 3543 264 3628 septimo
298 3543 410 3609 scribit
443 3564 522 3607 auro
554 3541 662 3626 legato
696 3564 733 3607 ea
765 3562 846 3625 quae
876 3541 1025 3604 inaurata
1050 3543 1135 3619 sunt,
