2602 3906
177 195 244 258 478
281 196 314 251 V.
334 192 483 248 NERVAE
501 195 549 248 ET
567 192 720 248 TRAIANI
738 193 846 249 TEMP.
864 193 959 248 IURIS
980 193 1159 250 CONSULTI

177 357 382 423 commodum
415 356 512 421 medii
544 357 701 440 temporis
733 357 802 442 ipse
836 356 984 442 sentiret,
1014 357 1188 422 liberatum

179 469 252 512 eum
284 447 441 530 intellegi3
472 467 547 510 nam
581 451 614 511 et
645 447 717 530 plus
751 467 823 510 eum
856 448 1057 528 praestitisse
1090 468 1188 531 quam

180 535 352 601 debuisset.
678 623 694 687 ἲ

266 731 317 795 41.
345 729 384 795 Ι).
398 730 449 811 41,
465 731 494 814 3,
509 731 560 794 22.
606 729 694 794 Idem
718 726 774 815 (se.
796 727 984 808 Iavolenus)
1008 729 1093 793 libro
1116 751 1188 814 sep-

176 821 257 884 timo
285 819 517 902 Epistularum.
548 855 585 864 -
615 819 715 883 Heres
742 822 771 882 et
791 817 943 883 hereditas
966 820 1086 883 tametsi
1107 820 1188 884 dnos

176 909 394 991 appellationes
438 908 602 993 recepiant,
651 908 745 972 einins
783 927 935 989 personae
979 913 1081 972 tamen
1126 909 1188 973 oiee

175 998 357 1080 fnnpnntnr.
672 1085 688 1148 ?

264 1203 317 1267 42.
350 1200 390 1266 D.
404 1200 457 1282 44,
471 1200 502 1277 3,
514 1202 544 1266 4.
588 1198 760 1264 Iavolenus
783 1200 867 1264 libro
892 1200 1031 1284 septimo
1056 1199 1187 1285 Epistu-

176 1292 290 1356 larum.
307 1327 345 1336 —
363 1290 401 1355 Si
417 1309 522 1354 serens
540 1288 742 1354 hereditarias
760 1293 816 1353 ont
833 1290 906 1373 eins,
928 1290 983 1371 qni
1000 1289 1035 1352 in
1053 1288 1186 1353 tostinm

169 1384 319 1463 potestate
346 1381 399 1462 sit,
426 1379 503 1442 satis
530 1379 688 1460 acceperit,
714 1379 857 1442 continno
886 1379 951 1442 dies
972 1379 1186 1443 satisdationis

175 1472 275 1534 cedere
296 1469 436 1550 incipiam
460 1468 576 1531 intueri
597 1468 678 1531 enim
701 1467 847 1550 debemus,
869 1487 913 1530 on
935 1467 1118 1548 experiundi
1129 1487 1187 1549 po-

176 1563 268 1624 testas
292 1557 389 1638 fuerit
409 1557 554 1620 adversas
575 1576 656 1635 enm,
679 1557 734 1637 qni
756 1556 906 1638 oblipatns
928 1561 986 1640 est,
1006 1576 1069 1620 non
1091 1576 1136 1619 an
1158 1557 1187 1621 is

175 1667 263 1730 opere
280 1647 426 1728 potnerit,
453 1643 508 1726 qni
529 1664 594 1708 rem
615 1646 651 1709 in
674 1645 885 1726 obtipetionem
912 1645 1077 1709 dednaorit.
1110 1645 1187 1710 otio

175 1737 251 1818 quin
269 1737 328 1799 erit
344 1734 575 1815 iniquissimum
593 1754 629 1798 en
647 1735 819 1799 condicione
836 1738 975 1798 aetorum
989 1732 1187 1816 obtiputiones

174 1844 298 1889 reorum
324 1823 456 1900 entendi,
480 1843 537 1904 per
564 1843 639 1905 qnos
660 1822 741 1888 ninii
760 1823 880 1904 foetum
903 1823 975 1906 erit,
998 1843 1057 1904 qno
1080 1823 1187 1888 minas

175 1933 245 1978 enm
269 1912 318 1976 leis
340 1913 393 1994 api
409 1912 517 1993 possit.

435 2070 485 2136 De
507 2072 606 2154 operis
627 2071 700 2135 noni
721 2071 924 2135 nuntiatione.

263 2188 316 2252 43.
344 2187 382 2252 D.
396 2186 449 2268 39,
464 2185 493 2270 1,
506 2187 559 2252 23.
594 2183 765 2249 Iavolenus
784 2185 868 2251 libro
889 2186 1029 2270 septimo
1049 2184 1184 2269 Epistu-

174 2277 288 2340 larum.
314 2313 351 2323 -
376 2275 413 2340 is
435 2277 487 2340 oni
510 2295 585 2358 opas
607 2295 719 2338 noonm
741 2276 919 2339 nuntiatum
941 2279 1020 2357 erat,
1048 2275 1186 2340 uendidit

171 2367 349 2448 praedium,
381 2370 495 2447 emptor
526 2363 706 2446 aedificavit.
740 2367 903 2444 emptorem
929 2384 973 2427 an
998 2364 1185 2428 uenditorem

175 2456 270 2520 teneri
285 2460 391 2538 patos,
414 2454 495 2536 qnod
515 2454 659 2518 odonsns
681 2453 809 2517 edictam
829 2453 948 2534 foetam
970 2452 1034 2517 sit?

264 2543 448 2625 Respondit:
480 2562 548 2606 enm
571 2543 669 2622 operis
693 2541 765 2606 novi
786 2543 942 2606 nuntiatio
963 2540 1127 2623 formast,
1155 2542 1187 2606 si

175 2635 252 2716 qnid
268 2634 463 2716 aedificatam
481 2636 532 2714 est,
549 2636 664 2714 emptor
682 2628 706 2713 [
702 2632 736 2695 id
752 2635 796 2695 est
812 2631 955 2694 dominns
961 2629 1185 2713 praediorum]

174 2727 303 2802 tenetur,
334 2722 410 2803 qnia
441 2721 594 2785 nuntiatio
626 2721 724 2802 operis
754 2739 817 2784 non
842 2739 993 2801 personae
1023 2720 1061 2801 (it
1095 2722 1125 2783 et
1154 2720 1186 2783 is

174 2813 296 2876 demam
323 2811 472 2892 odiipotns
498 2815 553 2894 est,
581 2811 635 2891 qni
656 2829 725 2874 enm
748 2810 847 2874 toenm
864 2808 1011 2892 possidet,
1036 2808 1071 2871 in
1094 2827 1186 2889 quem

174 2920 250 2981 opns
271 2919 384 2964 noonm
406 2899 584 2963 nuntiatum
606 2903 657 2962 est.

263 3010 364 3070 Eisels
387 3010 418 3071 Z.
437 3009 464 3068 d.
484 3007 610 3070 Sem-St.
624 3009 667 3067 XI
680 3029 708 3085 p.
725 3013 774 3069 11.

670 3181 687 3244 ‘l

262 3291 315 3354 44.
347 3288 386 3353 D.
404 3288 462 3371 50,
482 3289 536 3365 17,
556 3287 629 3351 200.
679 3285 769 3351 Idem
800 3286 857 3374 (se.
884 3284 1068 3372 Iavolenus)
1096 3286 1182 3352 libro

175 3378 314 3460 septimo
342 3376 574 3460 Epistularum.
604 3410 641 3421 -
677 3375 822 3456 Quotiens
849 3377 928 3442 attii
953 3377 1020 3441 sine
1043 3377 1184 3459 captione

173 3466 358 3638 idiqeioidiid.
372 3470 483 3550 potest,
511 3465 682 3547 elipandum
708 3467 858 3550 estquod
882 3466 1047 3530 minimum
1073 3465 1184 3530 tabeat
1239 3545 1244 3552 Ι
