2602 3906
402 239 426 286 7.
450 233 645 288 IUVENTIUS
666 234 799 290 OELSUS
1046 235 1109 299 501

102 397 215 481 igitur,
245 399 363 480 quanto
392 419 450 461 sua
473 397 618 461 aedificia
640 397 832 481 pretiosiora
855 397 997 478 fecisset,
1026 397 1111 482 quod

104 485 241 568 amplius
255 484 467 569 impendisset
480 507 575 570 posse
586 507 660 552 eum
670 487 815 551 mandati
826 487 942 551 indicio
953 487 1110 572 persequi.

253 627 371 708 Quibus
393 647 429 692 ea
452 629 552 693 causae
575 629 609 692 ic
627 630 845 711 possessionem
867 635 963 694 ector.

191 732 240 798 11.
264 733 303 800 Ι).
317 735 409 817 414,
422 735 512 820 1,11.
544 733 702 818 Ulpianus
721 735 804 800 libro
820 736 1108 820 quinquagensimo

100 843 185 887 nono
215 823 254 887 ad
286 822 434 887 edictum.
463 860 504 869 —
535 821 648 888 Celsus
677 874 713 887 ..
743 822 839 888 Sexto
872 825 1050 909 respondit,
1083 827 1111 890 si

102 911 251 995 fundum,
285 933 378 996 quem
412 915 520 996 petere
553 914 640 999 volo,
672 912 778 978 Titius
810 913 976 997 possideat
1006 909 1108 998 neque

105 1001 221 1065 absens
245 1000 447 1083 defendatur,
473 1002 671 1066 commodius
696 1023 730 1067 se
754 1001 937 1066 existimare
961 1001 1110 1066 infundi

102 1089 339 1173 possessionem
375 1089 566 1154 mittendum
599 1110 695 1174 quam
728 1091 812 1155 bona
844 1091 911 1156 eius
944 1090 1110 1174 possideri.

100 1177 163 1243 boc
178 1178 395 1244 adnotandum
412 1181 470 1263 est,
483 1177 613 1244 Celsum
629 1180 810 1244 consultum
821 1201 886 1244 non
898 1180 941 1253 de¹
951 1181 1111 1258 latitante,

102 1267 157 1331 sed
180 1267 219 1331 do
244 1268 386 1331 absente.

385 1432 424 1491 II.
453 1433 706 1508 Epistularum
728 1433 823 1494 libri.

517 1557 624 1617 Liber
646 1557 697 1617 XI.
769 1620 771 1624 ¹

306 1666 356 1731 De
378 1669 494 1733 minore
516 1668 626 1749 1191111
648 1670 781 1750 quiaque
803 1668 905 1733 aucis.

191 1781 230 1846 D.
243 1783 274 1865 4,
286 1784 317 1864 4,
332 1783 361 1862 3,
378 1783 406 1847 1.
446 1781 535 1847 Idem
560 1779 618 1868 (sc.
640 1780 812 1868 Ulpianus)
836 1783 919 1847 libro
940 1782 1108 1848 undecimo

101 1871 142 1936 ad
166 1871 312 1936 edictum.
335 1907 379 1918 --
403 1872 538 1936 ..illud
638 1870 750 1936 Celsus
774 1871 997 1955 Epistularum
1026 1872 1109 1936 libro

100 1959 270 2025 undecimo
396 1965 529 2045 tractat,
566 1983 604 2025 ex
636 1961 723 2026 facto
756 1983 775 2024 a
808 1960 918 2026 Flavio
950 1959 1109 2045 Respecto

101 2054 250 2135 praetore
294 2050 467 2116 consultus.
531 2050 637 2114 minor
678 2049 770 2114 annis
810 2049 927 2133 viginti
963 2051 1110 2135 quinque,

102 2160 203 2203 annos
230 2138 315 2202 forte
343 2137 459 2222 viginti
487 2141 640 2222 quattuor
667 2158 780 2224 agens,
807 2138 960 2203 iudicium
987 2139 1110 2203 tutelae

101 2227 212 2291 heredi
235 2227 353 2291 tutoris
378 2226 568 2313 dictamrat3
597 2249 671 2293 mox
698 2228 820 2294 factum
848 2232 898 2311 ut,
925 2249 991 2292 non
1018 2229 1109 2291 finito

100 2315 218 2380 iudicio
251 2316 316 2379 iam
345 2336 381 2380 eo
411 2315 530 2381 maiore
559 2316 671 2381 effecto
699 2317 815 2402 viginti
843 2318 980 2401 quinque
1008 2317 1111 2400 annis,

102 2405 220 2469 tutoris
256 2404 350 2469 heres
388 2406 555 2470 absolutus
593 2409 839 2490 proponeretur3
876 2405 909 2468 in
946 2405 1110 2487 integrum

101 2494 265 2558 restitutio
289 2492 539 2558 desiderabatur.
572 2491 683 2558 Celsus
703 2494 803 2577 igitur
820 2491 979 2577 Respecto
999 2492 1119 2576 suasit,

100 2604 169 2647 non
214 2581 309 2647 facile
349 2581 434 2646 bunc
476 2582 636 2666 quondam
678 2584 833 2647 minorem
875 2581 909 2645 in
949 2582 1110 2665 integrum

100 2671 244 2753 restitui,
272 2671 328 2736 sed
357 2672 385 2736 si
413 2672 443 2736 ei
465 2672 657 2755 probaretur
681 2670 856 2735 ealliditate
880 2669 1053 2734 adversarii
1077 2669 1111 2732 id

100 2765 219 2844 actum,
241 2764 278 2824 ut
300 2761 420 2824 maiore
444 2782 482 2824 eo
506 2759 593 2824 facto
617 2759 819 2840 liberaretur3
842 2779 936 2840 neque
960 2759 1042 2822 euim
1061 2777 1110 2822 ea·

100 2853 210 2931 cremo,
246 2848 364 2931 inquit,
396 2849 506 2914 iudicii
537 2850 586 2913 die
616 2849 735 2913 oidetw
765 2848 865 2914 solam
896 2849 1032 2929 deceptus
1062 2845 1112 2911 bic

99 2939 216 3022 minor,
255 2939 308 3003 sed
344 2943 439 3004 totam
474 2938 528 3002 boc
561 2942 722 3020 structum,
754 2943 790 3002 11
819 2938 935 3001 maiore
966 2957 998 3001 eo
1028 2935 1111 3018 fecto

100 3027 290 3092 liberaretur.
336 3026 420 3091 idem
448 3031 558 3091 tamen
587 3027 770 3111 confitetur,
797 3027 825 3090 si
851 3027 953 3092 levior
977 3025 1020 3090 sit
1042 3047 1111 3090 sus-

98 3117 188 3201 picio
212 3116 390 3180 adversarii
413 3117 505 3199 quasi
529 3116 638 3180 dolose
657 3115 785 3200 versati,
808 3137 874 3180 non
893 3115 1006 3179 debere
1024 3115 1110 3180 hunc

98 3205 133 3269 in
157 3205 318 3286 integrum
341 3205 477 3269 restitui.

381 3386 435 3448 Ill.
460 3388 717 3459 Quaestionum
739 3389 836 3448 libri.

190 3511 404 3581 Quaestionum
432 3511 522 3571 libros
547 3509 649 3570 Celsus
673 3512 840 3588 composuit
867 3513 936 3586 post
961 3509 1109 3567 Fufidium

98 3592 209 3684 (supra
222 3620 250 3676 p.
262 3592 339 3682 195)
354 3601 514 3677 pluresque
534 3600 631 3659 secuti
645 3602 723 3661 sunt.
751 3599 888 3675 Krueger
901 3618 928 3674 p.
943 3599 1002 3656 132
1018 3614 1047 3654 n.
1058 3597 1107 3654 33.
1187 3683 1201 3687 ᾖ
