2614 3912
421 224 447 273 6.
469 216 676 274 IAVOLENUS
694 217 841 274 PRISGUS
1073 217 1138 282 441

541 379 592 446 De
615 381 743 464 leuatis

488 501 536 560 De
557 502 649 575 funda
671 502 782 576 leuato?

221 610 251 676 5.
272 609 313 677 D.
329 611 381 693 33,
396 611 426 694 7,
443 613 491 677 11.
527 609 697 675 Iavolenus
711 610 796 675 libro
811 612 950 677 secundo
966 634 1005 677 ex
1018 610 1141 678 Cassio.

131 735 175 748 -
196 700 319 766 Eadem
341 700 423 764 ratio
444 704 489 764 ast
505 700 540 764 in
557 699 674 784 antus,
696 720 774 781 quae
792 701 827 765 in
845 697 1144 766 insulismaritimis

131 790 357 943 melanem·
376 881 412 941 1).
433 885 462 959 τ,
483 884 510 958 1,
530 883 559 959 9,
579 883 598 942 5
618 873 673 962 (11,
693 884 709 941 1
730 902 759 958 p.
777 873 855 961 44.).

502 1041 550 1101 De
570 1059 652 1102 seraa
675 1043 773 1116 leuata.

221 1143 251 1208 6.
275 1142 313 1208 Ι).
328 1145 381 1225 31,
395 1143 447 1210 37.
481 1142 653 1208 Iavolenus
674 1142 756 1209 libro
776 1142 881 1227 primo
900 1165 939 1207 ex
958 1141 1079 1208 Cassio.
1098 1177 1142 1190 ·-

134 1232 196 1314 Qui
228 1237 403 1298 testamento
434 1233 585 1298 inutiliter
611 1234 823 1299 manumissus
849 1237 894 1298 ast
920 1231 1016 1316 leuari
1042 1233 1144 1297 eodem

132 1326 309 1388 tastammta
323 1326 429 1404 potest,
446 1323 521 1403 quia
540 1323 649 1387 totiens
665 1321 818 1404 efficacior
836 1327 880 1388 est
898 1321 1020 1387 lituus
1038 1321 1144 1404 leuata

132 1412 269 1494 misnens
291 1410 408 1476 utiliter
429 1411 504 1476 data
525 1415 575 1475 est.

552 1609 661 1669 Liber
683 1610 722 1671 Π.

543 1727 594 1793 De
616 1730 732 1812 leuatis.

504 1849 552 1908 De
573 1867 654 1909 seruo
676 1851 776 1924 leuata.

225 1961 253 2025 7.
276 1957 317 2024 D.
332 1959 385 2044 33,
399 1958 429 2043 5,
445 1960 495 2026 14.
532 1959 702 2025 Iavolenus
715 1959 799 2025 libro
815 1961 953 2028 secundo
968 1983 1007 2025 ex
1021 1958 1144 2026 (tassio.

131 2083 178 2096 -
201 2047 248 2133 st,
274 2069 344 2114 cum
366 2050 447 2131 optio
469 2050 550 2114 serui
571 2069 608 2114 ea
629 2050 773 2115 unumsa
793 2048 920 2130 familia
943 2051 1042 2134 leuata
1064 2052 1146 2130 esset,

134 2137 220 2202 lieres
242 2138 376 2220 aliquem
392 2139 579 2220 priusquam
602 2143 758 2221 optaretur
780 2140 973 2221 manumisit,
995 2139 1038 2203 ad
1059 2137 1146 2203 liter-

134 2231 229 2292 tatem
251 2247 319 2291 enm
341 2227 466 2291 interim
483 2247 547 2291 nan
564 2227 713 2310 perducit,
735 2248 856 2293 seruum
875 2233 976 2292 tamen
993 2247 1082 2310 quem
1099 2227 1146 2290 ita

135 2316 497 2400 manumiserit-amitlit,
519 2319 594 2397 quia
616 2317 644 2381 is
666 2321 723 2381 aut
744 2318 851 2382 electus
873 2317 969 2400 leuata
991 2317 1068 2381 aedil
1090 2318 1146 2380 aut

132 2403 257 2469 relictus
280 2409 351 2469 tuna
374 2403 448 2468 liber
470 2404 646 2469 ostenditur.

224 2490 253 2558 8.
281 2491 320 2557 D.
335 2493 387 2577 31,
402 2493 453 2559 38.
498 2493 586 2556 Idem
611 2492 669 2577 (sc.
693 2491 874 2578 Iavolenus)
898 2492 981 2557 libro
1006 2491 1144 2557 secundo

136 2603 177 2647 ex
204 2579 326 2647 Cassio.
361 2617 399 2628 -
436 2581 524 2662 Quod
548 2602 653 2647 seruus
681 2583 796 2664 leuatus
822 2587 894 2647 aute
920 2582 1038 2646 aditam
1064 2580 1145 2644 lere-

132 2671 259 2737 ditatem
282 2671 440 2754 adquisiit
461 2668 620 2734 hereditati
642 2671 788 2752 adquirit.

440 2835 487 2894 De
509 2837 586 2894 serui
602 2836 718 2909 pamelio
741 2837 839 2910 leuato.

223 2935 253 3001 9.
276 2935 316 3002 D.
326 2937 379 3021 33,
394 2937 423 3020 8,
441 2937 490 3001 17.
525 2934 699 3002 Iavolenus
713 2936 798 3001 libro
814 2935 953 3001 seeundo
968 2957 1007 3001 ex
1021 2934 1145 3002 cassio.

135 3060 175 3073 —
207 3023 268 3105 Qui
292 3026 451 3108 peculium
482 3025 563 3090 serui
594 3026 756 3108 leuauerat,
788 3026 938 3090 iudicium
964 3046 997 3090 eo
1024 3027 1147 3090 neruine

133 3119 298 3198 aduenerat,
321 3115 427 3180 danda
448 3116 618 3180 decesserat.
655 3115 777 3197 plueuit
798 3134 861 3180 nou
883 3115 974 3180 aliter
990 3115 1147 3197 peculium

134 3223 173 3268 ea
205 3221 300 3267 eausa
332 3203 422 3286 leuati
444 3206 615 3289 praestari,
646 3225 741 3286 quam
769 3205 798 3270 si
824 3205 861 3270 de
886 3209 1004 3287 accepto
1032 3204 1146 3270 iudicio

132 3291 236 3356 heredi
258 3297 419 3356 caveram.

470 3386 518 3445 De
540 3389 683 3448 alimentis
705 3389 814 3462 leuatis.

226 3485 276 3552 10.
300 3486 341 3551 D.
355 3487 407 3568 34,
423 3488 451 3569 1,
467 3488 496 3552 6.
532 3485 702 3552 Iavolenus
719 3488 802 3554 libro
818 3489 956 3553 secundo
971 3509 1010 3552 ex
1024 3485 1146 3553 Cassio.

134 3610 177 3624 -
202 3575 328 3658 leuatis
356 3576 512 3640 alimentis
539 3575 657 3640 alania
683 3581 711 3641 et
734 3578 857 3642 uestitus
879 3581 908 3640 et
927 3576 1075 3642 lmlitatia
1098 3577 1146 3640 de-
