2590 3902
176 221 240 284 312
276 220 310 276 V.
329 217 479 274 NERVAE
497 218 545 272 ΕΤ
564 217 716 272 TRAIANI
733 217 839 273 TEMP.
859 217 954 273 lusis
973 217 1153 273 CONSULTI

262 386 504 446 Membranarum
540 387 633 446 libros
667 386 793 446 laudant
825 384 928 445 Celsus
961 380 1013 462 (sc.
1037 387 1057 446 l.
1080 387 1188 447 XXIII

174 477 367 554 Digestorum
391 476 426 534 D.
439 477 467 552 8,
480 479 507 552 6,
520 478 560 535 12
584 476 616 536 P.
631 467 718 557 199),
742 474 834 534 Gaius
858 467 892 556 (1.
907 475 981 553 sing.
1006 476 1042 534 de
1063 476 1188 536 casibus

174 566 210 624 D.
226 567 276 638 38,
294 569 321 643 1,
335 567 377 625 49
401 564 433 626 P.
449 556 492 646 5),
515 565 627 624 Paulus
650 557 683 640 (l.
698 563 757 622 VII
781 565 818 622 ad
843 563 910 622 Sub.
925 564 960 623 D.
975 565 1026 641 24,
1041 566 1070 636 3,
1087 567 1186 642 ler.

174 646 325 735 P.1751),
344 651 491 729 Ulpianus
510 643 588 734 (tam
606 652 691 712 libris
710 654 748 712 ad
764 653 831 713 Sab.
841 653 877 712 D.
889 655 918 728 7,
930 655 957 728 1,
970 654 1026 729 7,3
1046 653 1187 733 Panos,

175 761 265 820 quam
288 743 326 801 ad
349 742 477 802 edictum
500 742 647 818 praetoris
665 740 720 799 XV
731 742 765 801 D.
777 744 806 816 5,
817 743 936 818 3,13,3
956 741 1072 819 Ram,
1094 740 1187 801 XVII

174 833 210 891 D.
226 834 255 906 8,
271 834 299 907 3,
314 833 333 891 3
359 831 391 889 Ρ.
407 833 519 908 59611,
540 830 640 888 XXVI
655 829 689 888 D.
705 832 734 906 2,
745 832 774 902 4,
785 832 844 904 3,5
869 829 900 890 P.
914 823 1001 906 772b,
1024 830 1188 890 XXXVIII

174 921 211 980 D.
228 922 277 994 13,
295 922 421 998 1,12,2
446 921 477 979 P.
494 911 618 998 1058b).
655 918 835 993 Pomponius
856 937 973 996 quoque
991 920 1023 977 in
1041 919 1125 978 libris
1146 921 1188 980 ad

176 1009 320 1069 Sabinum
347 1009 465 1068 Neratii
491 1007 576 1067 libris
604 1025 675 1066 usus
704 1009 750 1066 ost
773 1007 807 1066 D.
824 1009 875 1085 34,
891 1009 920 1082 3,
936 1009 999 1084 8,2
1027 1012 1057 1068 01
1081 1009 1116 1068 D.
1131 1011 1186 1084 41,

178 1100 232 1175 10,
251 1100 284 1172 3,
308 1098 385 1173 quod
413 1097 613 1174 fragmentum
640 1096 719 1154 inter
746 1095 988 1156 Membranarum
1015 1097 1189 1174 fragmenta

174 1187 306 1263 recipere
329 1186 422 1246 Lenel
444 1205 504 1245 non
527 1184 686 1245 dubitavit.

264 1274 329 1334 Iam
348 1274 384 1335 de
398 1274 496 1350 operis
514 1273 715 1349 inscriptione,
730 1273 766 1332 de
781 1292 840 1349 qua
853 1273 912 1334 viri
927 1273 1006 1334 docti
1020 1274 1187 1350 disputant,

175 1364 336 1424 videndum
360 1366 414 1424 est.
453 1364 543 1439 atque
561 1361 641 1420 Birt:
665 1362 718 1422 das
741 1363 842 1422 antike
860 1362 1046 1424 Buchwesen
1065 1357 1186 1444 (1882)

176 1475 203 1530 p.
225 1455 319 1529 93sq.
347 1451 505 1510 Neratium
536 1451 592 1510 hac
623 1451 816 1528 inscriptione
843 1456 878 1511 ut
904 1447 1068 1512 modestiae
1095 1454 1188 1528 plena

176 1561 265 1602 usum
292 1559 357 1600 csse
385 1539 505 1617 conicit,
538 1539 623 1617 quasi
650 1536 846 1618 ὑπομνήματα
872 1543 1121 1616 proponerentur,
1154 1543 1187 1602 id

177 1631 256 1708 quod
275 1627 812 1707 11110301Ζ.(’1.301.-81.1ΙΙΠΡ.76
831 1632 890 1689 12
914 1630 962 1688 101
984 1629 1051 1688 ideo
1073 1630 1187 1690 falsum

177 1737 240 1778 esse
277 1718 443 1793 existimat,
480 1719 557 1794 quod
594 1719 786 1776 membranae
821 1735 936 1793 papyro
972 1737 1032 1777 non
1063 1719 1186 1780 viliores

176 1807 288 1865 fuerint
305 1798 357 1886 (cf.
376 1805 587 1865 Friedlaender
603 1806 635 1864 in
653 1805 801 1866 Martialis
821 1806 949 1865 editione
967 1805 1040 1882 Hp.
1058 1801 1187 1887 asasq).

177 1896 279 1972 itaque
306 1895 338 1953 in
364 1894 420 1954 iur.
439 1894 523 1954 Rom.
546 1894 673 1954 historia
695 1915 723 1970 p.
740 1895 803 1954 170
825 1894 905 1953 idem
927 1895 974 1955 vir
996 1895 1187 1956 doctissimus

177 1984 233 2042 ait:
257 1977 316 2042 ‘die
339 1983 529 2042 Membranae
553 1983 663 2042 (101101
685 1983 741 2042 mit
764 1983 831 2042 dem
854 1982 933 2043 Titel
954 1983 1035 2043 wohl
1057 1984 1112 2043 anf
1131 1984 1187 2045 das

177 2073 291 2132 settene
307 2071 370 2130 und
383 2070 524 2130 kostbare
538 2069 675 2130 Ma'terial
693 2071 755 2146 hin,
776 2071 831 2130 auf
845 2071 988 2132 walchem
1002 2073 1044 2132 sie
1057 2073 1186 2134 verviel·

177 2160 280 2236 faltigt
307 2153 447 2220 worden'.
492 2159 523 2218 id
547 2159 626 2237 quod
648 2159 769 2219 minime
792 2160 904 2236 placet,
933 2179 1001 2220 cum
1016 2162 1187 2238 pretiosam

177 2248 322 2309 librorum
335 2247 492 2307 materiam
506 2248 618 2307 iactare
633 2248 797 2324 argentarii
812 2249 852 2308 sit
862 2250 1031 2310 auctionem
1041 2250 1187 2327 facientia,

177 2357 237 2396 non
263 2337 338 2396 iuris
362 2336 491 2396 consulti
515 2337 579 2396 sani
602 2337 765 2396 sententias
789 2356 857 2397 suas
880 2339 1081 2415 proponentis.
1128 2339 1186 2400 ita·

178 2445 236 2505 que
259 2425 349 2485 Birtii
371 2425 580 2502 interpretatio
605 2425 668 2485 sine
691 2425 783 2486 dubio
804 2426 960 2502 probanda
983 2430 1029 2488 est
1051 2430 1187 2504 quamvis

179 2516 239 2575 alia
264 2515 380 2575 ratione
408 2514 445 2574 ab
474 2515 577 2574 eodem
604 2515 669 2574 viro
698 2515 868 2576 doctissimo
896 2535 989 2593 aeque
1017 2537 1045 2592 p.
1066 2518 1106 2577 59
1136 2535 1187 2576 ex-

178 2605 287 2682 posita,
307 2604 342 2663 de
362 2622 423 2682 qua
438 2603 615 2681 Narquardt
633 2602 664 2661 II
684 2624 712 2679 p.
735 2607 810 2665 798:
831 2597 1034 2664 ‘Membranae
1053 2605 1188 2684 wurden,

178 2694 247 2754 weil
269 2712 339 2753 man
361 2693 417 2752 aui
435 2693 526 2752 ihnen
550 2693 626 2752 ohne
650 2691 878 2771 Schwierigkeit
902 2694 1014 2753 andern
1036 2693 1098 2752 und
1120 2714 1187 2753 ver·

179 2783 301 2842 bessern
327 2782 452 2854 konnte,
484 2802 520 2840 au
546 2782 759 2842 Dntwtlrfen
789 2800 848 2842 von
875 2781 989 2860 Reden,
1022 2780 1189 2842 Gedichten

180 2871 351 2946 empfohlen
369 2871 429 2930 und
448 2864 638 2931 remandet?
675 2870 816 2930 Neratius
834 2870 928 2948 igitur
946 2871 1192 2932 Membranarum

178 2959 271 3018 libros
294 2976 362 3017 cum
380 2958 529 3017 Labeonis
547 2960 697 3018 Πνθανῶν
720 2960 805 3018 libris
824 2958 951 3019 conferri
975 2959 1085 3035 voluit,
1110 2961 1189 3021 sicut

179 3047 292 3122 posteri
326 3040 530 3120 ‘Opinionum'
566 3046 658 3106 libros
688 3047 858 3125 ediderunt,
892 3066 935 3108 ex.
965 3069 1009 3126 gr.
1041 3049 1187 3124 Ulpianus

179 3134 272 3194 libros
291 3133 343 3208 VI,
367 3151 493 3210 quorum
515 3134 684 3210 fragmenta
706 3135 797 3196 habes
816 3137 1087 3200 Panas—2359.
1121 3157 1188 3199 cum

180 3222 277 3297 operis
302 3221 494 3297 inscriptione
517 3222 561 3280 ita
582 3222 736 3282 intellecta
758 3225 884 3303 optime,
911 3245 988 3303 quae
1012 3228 1047 3286 de
1070 3227 1188 3287 Neratii

179 3311 324 3369 librorum
346 3309 444 3368 indole
468 3312 702 3387 cognoscuntur,
731 3314 918 3374 conveniunt.
963 3334 1023 3374 non
1046 3315 1188 3376 studiosis

180 3401 282 3458 autem
295 3398 380 3476 iuris,
399 3398 449 3458 sed
468 3398 568 3475 potius
587 3399 691 3475 peritis
709 3400 786 3461 illud
806 3421 880 3478 opus
896 3403 1078 3464 destinatum
1096 3405 1187 3466 fuisse

181 3488 219 3547 iis
242 3487 344 3565 rebus,
367 3504 443 3563 quae
467 3487 666 3564 explicantur,
689 3490 842 3566 probatur.

269 3577 430 3636 Praeterea
448 3577 499 3653 qui
518 3595 565 3636 res
585 3577 617 3636 in
630 3577 676 3638 his
691 3579 775 3640 libris
790 3583 936 3641 tractatas
950 3582 1188 3660 perlustraverit,
