2596 3902
489 221 512 272 7.
532 213 718 271 PROOULUS
1046 214 1108 280 137

423 507 432 528 .
457 430 507 498 De
530 431 590 515 ispe
612 431 753 514 Aquilia.

188 576 238 642 19.
268 575 309 640 D.
324 575 355 654 9,
368 576 399 658 2,
413 575 465 657 29,
480 576 509 640 3.
554 571 715 659 Ulpianus
741 574 825 640 libro
849 579 963 640 octavo
987 573 1109 640 decimo

105 666 140 730 ad
164 665 304 730 edictum
328 663 377 750 (P.
396 660 501 751 625⁶).
524 699 568 710 -
591 663 743 728 ..Labeo
768 663 894 748 scribit,
917 665 959 746 si,
982 685 1054 728 cum
1078 665 1110 728 vi

104 757 268 820 ventorum
301 751 395 817 navis
426 753 567 837 impulsa
600 755 685 816 esset
712 753 746 816 in
774 751 867 816 funes
895 752 1110 818 anchorarum

104 843 233 908 alterius
269 845 301 906 et
336 845 455 906 nautae
491 841 584 906 funes
620 840 866 926 praecidissent,
903 839 1011 906 nullol
1048 841 1110 906 alic

102 933 193 997 modo
213 931 278 995 nisi
297 929 450 1014 praecisis
469 929 600 994 funibus
620 930 778 1014 explicare
798 951 831 994 se
851 931 968 1014 potuit,
986 931 1110 995 nullam

103 1022 260 1102 actionem
297 1019 443 1084 dandam.
498 1019 646 1104 idemque
678 1017 788 1083 Labeo
824 1022 856 1082 et
887 1017 1045 1084 Proculus
1079 1024 1111 1084 et

102 1108 183 1175 circa
209 1109 293 1173 retia
320 1108 534 1193 piscatorum,
560 1108 594 1172 in
617 1129 698 1192 quae
721 1107 813 1173 navis
837 1107 1036 1191 piscatorum
1062 1109 1109 1171 in-

58 1253 61 1259 .
102 1198 234 1282 uiderat,
270 1196 491 1262 aestimarunt.
543 1197 639 1280 plane
676 1197 705 1261 si
742 1196 837 1281 eulpa
872 1198 1044 1261 nautarum
1077 1197 1111 1260 id

101 1287 221 1352 factum
247 1289 348 1368 esset,
374 1286 447 1369 lege
470 1283 603 1371 Aquilia
626 1285 794 1370 agendum.
842 1285 898 1350 sed
921 1285 977 1348 ubi
1000 1285 1111 1350 damni

102 1376 216 1440 iniuria
245 1375 354 1459 agitur
381 1375 423 1441 ob
450 1375 546 1458 retia,
573 1395 640 1439 uon
666 1373 817 1458 piscium,
845 1374 900 1458 qui
926 1372 999 1439 ideo
1025 1373 1111 1457 capti

102 1487 164 1530 non
193 1467 283 1550 sunt,
313 1463 384 1527 fieri
412 1463 690 1546 aestimationem,
717 1485 790 1528 cum
817 1464 978 1528 incertum
1004 1462 1111 1545 fuerit,

102 1575 140 1618 an
167 1556 366 1638 caperentur.
413 1551 573 1638 [idemque
597 1557 629 1616 et
652 1551 687 1616 in
710 1551 918 1616 venatoribus
943 1552 1032 1616 etin
1056 1573 1110 1616 au·

102 1642 234 1727 cupibus
258 1640 482 1726 probandum]

470 1888 521 1955 De
543 1890 737 1955 condictione.

186 2034 239 2098 20.
274 2030 313 2097 D.
339 2031 528 2117 12,4,15.
582 2030 782 2116 Pomponius
814 2033 900 2097 libro
933 2031 1109 2095 vicensimo

102 2122 239 2187 secundo
264 2120 305 2186 ad
325 2121 482 2187 Sabinum
506 2117 555 2208 (P.
571 2119 660 2207 687).
682 2157 719 2166 -
742 2117 823 2185 (ium
847 2141 958 2186 servus
981 2123 1056 2184 tuus
1076 2120 1111 2183 in

23 2217 24 2220 ’
102 2211 318 2294 suspicionem
341 2209 422 2274 furti
440 2209 531 2275 Attio
555 2210 705 2294 venisset,
728 2210 844 2274 dedisti
868 2231 940 2274 eum
964 2209 997 2272 in
1017 2230 1111 2293 quae-

23 2343 24 2348 κ
101 2300 239 2364 stionem
267 2299 327 2362 sub
355 2321 393 2364 ea
417 2320 530 2383 causa,
557 2303 607 2382 ut,
635 2299 663 2363 si
686 2298 719 2362 id
741 2301 904 2382 repertum
927 2298 962 2361 in
984 2318 1022 2362 eo
1044 2319 1111 2361 non

23 2387 24 2392 ’
100 2392 193 2472 esset,
210 2388 399 2453 redderetur
412 2388 481 2453 tibi.
512 2389 630 2453 iseum
648 2386 781 2452 tradidit
795 2387 958 2471 praefecto
972 2386 1110 2470 vigilum

23 2533 24 2536 ,
100 2478 192 2561 quasi
210 2479 246 2541 in
260 2476 403 2541 facinore
419 2477 661 2560 deprehensum.
693 2476 874 2560 praefectus
889 2475 1022 2558 vigilum
1037 2495 1111 2538 eum

99 2585 225 2630 summo
255 2566 412 2649 supplicio
441 2565 568 2632 adfecit.
613 2586 690 2651 ages
720 2587 794 2630 cum
817 2559 910 2628 Attio
938 2562 1014 2626 dare
1038 2584 1111 2625 eum

98 2655 159 2718 tibi
192 2659 355 2739 oportere,
387 2655 463 2740 quia
496 2658 529 2720 et
562 2658 635 2718 ante
668 2657 806 2718 mortem
839 2652 915 2716 dare
945 2650 1007 2714 tibi
1038 2671 1111 2714 eum

23 2809 24 2812 ,
98 2744 298 2827 oportuerit.¹
325 2742 433 2808 Labeo
456 2744 616 2827 aitposse
636 2741 793 2807 etiamad
813 2738 1027 2804 exhibendum
1048 2738 1111 2823 agi,

23 2855 24 2860 ¹
99 2831 253 2916 quoniam
280 2831 392 2897 fecerit
419 2854 483 2917 quo
512 2833 617 2896 minus
646 2830 820 2896 exhiberet.
871 2829 927 2892 sed
953 2825 1110 2892 Proculus

99 2921 169 2984 dari
197 2923 347 3003 oportere
374 2921 421 2986 ita
448 2921 508 3003 ait,
537 2921 565 2985 si
592 2920 723 2985 fecisses
750 2919 817 2984 eius
840 2917 1005 2983 hominem
1033 2917 1111 3003 [quo

98 3030 175 3074 casu
199 3009 239 3073 ad
261 3008 477 3074 exhibendum
496 3030 591 3095 agere
609 3014 642 3074 te
660 3031 726 3074 non
743 3007 890 3093 porse?];
914 3006 969 3071 sed
989 3008 1017 3072 si
1035 3013 1111 3071 tuus

98 3099 286 3182 mansisset,
318 3099 417 3163 etiam
444 3098 524 3163 furti
551 3103 584 3163 te
612 3102 758 3163 acturum
786 3119 859 3162 cum
888 3118 938 3178 eo,
972 3097 1050 3180 quia
1075 3117 1110 3158 re

99 3187 206 3251 aliena
228 3187 275 3252 ita
298 3187 342 3252 sit
364 3208 450 3272 usus,
473 3191 510 3252 ut
533 3188 629 3252 sciret
652 3209 685 3251 se
708 3187 811 3252 invito
834 3187 966 3251 domino
988 3187 1036 3248 uti
1055 3187 1111 3248 aut

98 3273 266 3341 dominum
290 3277 317 3342 si
341 3277 438 3342 sciret
460 3275 699 3360 prohibiturum
723 3297 802 3341 esse.

189 3387 272 3458 Quas
295 3388 379 3448 uncis
403 3387 512 3448 inclusi
536 3387 678 3447 additioia
701 3405 765 3446 esse
788 3386 909 3445 Pernice
934 3385 1041 3443 censet.

174 3601 185 3648 1
206 3593 255 3650 Fe.
275 3592 298 3647 si
316 3591 402 3647 nullo.
