<?xml version="1.0" encoding="UTF-8"?>
<!DOCTYPE html PUBLIC "-//W3C//DTD XHTML 1.0 Transitional//EN"
    "http://www.w3.org/TR/xhtml1/DTD/xhtml1-transitional.dtd">
<html xmlns="http://www.w3.org/1999/xhtml" xml:lang="en" lang="en">
 <head>
  <title>
</title>
<meta http-equiv="Content-Type" content="text/html;charset=utf-8" />
  <meta name='ocr-system' content='tesseract 3.04.00' />
  <meta name='ocr-capabilities' content='ocr_page ocr_carea ocr_par ocr_line ocrx_word'/>
</head>
<body>
  <div class='ocr_page' id='page_1' title='image "./iurisprudentiae03bremgoog_0212.png"; bbox 0 0 2580 3900; ppageno 0'>
   <div class='ocr_carea' id='block_1_1' title="bbox 143 187 1149 254">
    <p class='ocr_par' dir='ltr' id='par_1_1' title="bbox 143 187 1149 254">
     <span class='ocr_line' id='line_1_1' title="bbox 143 187 1149 254; baseline -0.002 -9"><span class='ocrx_word' id='word_1_1' title='bbox 143 189 206 254; x_wconf 81' lang='grc'><strong>182</strong></span> <span class='ocrx_word' id='word_1_2' title='bbox 222 189 271 245; x_wconf 87' lang='grc' dir='ltr'><strong>ΠΙ.</strong></span> <span class='ocrx_word' id='word_1_3' title='bbox 281 188 356 244; x_wconf 84' lang='lat' dir='ltr'><strong>GAII</strong></span> <span class='ocrx_word' id='word_1_4' title='bbox 366 189 512 246; x_wconf 84' lang='lat' dir='ltr'>CLAUDII</span> <span class='ocrx_word' id='word_1_5' title='bbox 520 187 657 245; x_wconf 80' lang='lat' dir='ltr'><strong>NERON.</strong></span> <span class='ocrx_word' id='word_1_6' title='bbox 667 188 811 243; x_wconf 83' lang='lat' dir='ltr'><strong>GALBAD</strong></span> <span class='ocrx_word' id='word_1_7' title='bbox 822 187 930 245; x_wconf 83' lang='lat' dir='ltr'><strong>TEMP.</strong></span> <span class='ocrx_word' id='word_1_8' title='bbox 940 187 1036 244; x_wconf 77' lang='lat' dir='ltr'><strong>leals</strong></span> <span class='ocrx_word' id='word_1_9' title='bbox 1047 187 1149 245; x_wconf 82' lang='lat' dir='ltr'><strong>OONS.</strong></span> 
     </span>
    </p>
   </div>
   <div class='ocr_carea' id='block_1_2' title="bbox 138 352 1154 1058">
    <p class='ocr_par' dir='ltr' id='par_1_2' title="bbox 138 352 1153 703">
     <span class='ocr_line' id='line_1_2' title="bbox 139 352 1152 438; baseline -0.003 -20"><span class='ocrx_word' id='word_1_10' title='bbox 139 353 267 434; x_wconf 87' lang='lat' dir='ltr'><strong>fuisset,</strong></span> <span class='ocrx_word' id='word_1_11' title='bbox 294 353 475 437; x_wconf 88' lang='lat' dir='ltr'><strong>quaesitum</strong></span> <span class='ocrx_word' id='word_1_12' title='bbox 499 356 561 438; x_wconf 85' lang='lat' dir='ltr'><strong>est,</strong></span> <span class='ocrx_word' id='word_1_13' title='bbox 584 352 660 436; x_wconf 89' lang='lat' dir='ltr'><strong>quia</strong></span> <span class='ocrx_word' id='word_1_14' title='bbox 682 352 776 416; x_wconf 91' lang='lat' dir='ltr'><strong>heres</strong></span> <span class='ocrx_word' id='word_1_15' title='bbox 799 352 878 418; x_wconf 86' lang='lat' dir='ltr'><strong>furti</strong></span> <span class='ocrx_word' id='word_1_16' title='bbox 902 353 1061 417; x_wconf 78' lang='lat' dir='ltr'><strong>actionem</strong></span> <span class='ocrx_word' id='word_1_17' title='bbox 1084 373 1152 416; x_wconf 91' lang='lat' dir='ltr'><strong>non</strong></span> 
     </span>
     <span class='ocr_line' id='line_1_3' title="bbox 138 439 1152 526; baseline -0.002 -20"><span class='ocrx_word' id='word_1_18' title='bbox 138 441 284 525; x_wconf 83' lang='lat' dir='ltr'><strong>haberet,</strong></span> <span class='ocrx_word' id='word_1_19' title='bbox 307 463 349 506; x_wconf 91' lang='lat' dir='ltr'><strong>an</strong></span> <span class='ocrx_word' id='word_1_20' title='bbox 372 441 504 524; x_wconf 88' lang='lat' dir='ltr'><strong>usucapi</strong></span> <span class='ocrx_word' id='word_1_21' title='bbox 527 441 639 526; x_wconf 79' lang='lat' dir='ltr'><strong>possit.</strong></span> <span class='ocrx_word' id='word_1_22' title='bbox 678 439 819 505; x_wconf 88' lang='lat' dir='ltr'><strong>Sabinus</strong></span> <span class='ocrx_word' id='word_1_23' title='bbox 843 440 1010 525; x_wconf 76' lang='lat' dir='ltr'><strong>respondit</strong></span> <span class='ocrx_word' id='word_1_24' title='bbox 1027 441 1152 505; x_wconf 91' lang='lat' dir='ltr'><strong>nullam</strong></span> 
     </span>
     <span class='ocr_line' id='line_1_4' title="bbox 140 529 1153 614; baseline -0.002 -19"><span class='ocrx_word' id='word_1_25' title='bbox 140 532 208 595; x_wconf 89' lang='lat' dir='ltr'><strong>eius</strong></span> <span class='ocrx_word' id='word_1_26' title='bbox 240 531 287 594; x_wconf 88' lang='lat' dir='ltr'><strong>rei</strong></span> <span class='ocrx_word' id='word_1_27' title='bbox 319 530 549 614; x_wconf 83' lang='lat' dir='ltr'><strong>usucapionem</strong></span> <span class='ocrx_word' id='word_1_28' title='bbox 583 552 666 614; x_wconf 84' lang='lat' dir='ltr'><strong>esse,</strong></span> <span class='ocrx_word' id='word_1_29' title='bbox 705 529 795 595; x_wconf 91' lang='lat' dir='ltr'><strong>cuius</strong></span> <span class='ocrx_word' id='word_1_30' title='bbox 825 530 955 595; x_wconf 87' lang='lat' dir='ltr'><strong>nomine</strong></span> <span class='ocrx_word' id='word_1_31' title='bbox 987 529 1065 593; x_wconf 88' lang='lat' dir='ltr'><strong>furti</strong></span> <span class='ocrx_word' id='word_1_32' title='bbox 1097 529 1153 614; x_wconf 91' lang='lat' dir='ltr'><strong>agi</strong></span> 
     </span>
     <span class='ocr_line' id='line_1_5' title="bbox 140 618 1152 703; baseline -0.001 -19"><span class='ocrx_word' id='word_1_33' title='bbox 140 619 259 703; x_wconf 80' lang='lat' dir='ltr'><strong>possit3</strong></span> <span class='ocrx_word' id='word_1_34' title='bbox 282 638 378 702; x_wconf 90' lang='lat' dir='ltr'><strong>agere</strong></span> <span class='ocrx_word' id='word_1_35' title='bbox 398 622 506 684; x_wconf 87' lang='lat' dir='ltr'><strong>autem</strong></span> <span class='ocrx_word' id='word_1_36' title='bbox 525 618 603 683; x_wconf 87' lang='lat' dir='ltr'><strong>furti</strong></span> <span class='ocrx_word' id='word_1_37' title='bbox 623 640 705 703; x_wconf 88' lang='lat' dir='ltr'><strong>eum,</strong></span> <span class='ocrx_word' id='word_1_38' title='bbox 729 619 785 703; x_wconf 93' lang='lat' dir='ltr'><strong>qui</strong></span> <span class='ocrx_word' id='word_1_39' title='bbox 803 618 867 682; x_wconf 89' lang='lat' dir='ltr'><strong>frui</strong></span> <span class='ocrx_word' id='word_1_40' title='bbox 886 619 1025 702; x_wconf 81' lang='lat' dir='ltr'><strong>deberet,</strong></span> <span class='ocrx_word' id='word_1_41' title='bbox 1047 639 1152 702; x_wconf 89' lang='lat' dir='ltr'><strong>posse.</strong></span> 
     </span>
    </p>

    <p class='ocr_par' dir='ltr' id='par_1_3' title="bbox 139 707 1154 1058">
     <span class='ocr_line' id='line_1_6' title="bbox 230 707 1154 788; baseline -0.001 -16"><span class='ocrx_word' id='word_1_42' title='bbox 230 707 328 784; x_wconf 81' lang='lat' dir='ltr'><strong>‘Quod</strong></span> <span class='ocrx_word' id='word_1_43' title='bbox 352 713 394 773; x_wconf 87' lang='lat' dir='ltr'><strong>sic</strong></span> <span class='ocrx_word' id='word_1_44' title='bbox 417 712 621 788; x_wconf 88' lang='lat' dir='ltr'><strong>accipiendum</strong></span> <span class='ocrx_word' id='word_1_45' title='bbox 643 716 698 788; x_wconf 88' lang='lat' dir='ltr'><strong>est,</strong></span> <span class='ocrx_word' id='word_1_46' title='bbox 721 715 756 771; x_wconf 94' lang='lat' dir='ltr'><strong>ut</strong></span> <span class='ocrx_word' id='word_1_47' title='bbox 773 713 957 772; x_wconf 74' lang='lat' dir='ltr'><strong>fructuarius</strong></span> <span class='ocrx_word' id='word_1_48' title='bbox 975 713 1088 788; x_wconf 84' lang='lat' dir='ltr'><strong>poterit</strong></span> <span class='ocrx_word' id='word_1_49' title='bbox 1105 713 1154 771; x_wconf 90' lang='lat' dir='ltr'><strong>uti</strong></span> 
     </span>
     <span class='ocr_line' id='line_1_7' title="bbox 140 800 1153 876; baseline 0 -16"><span class='ocrx_word' id='word_1_50' title='bbox 140 801 214 876; x_wconf 83' lang='lat' dir='ltr'><strong>frui3</strong></span> <span class='ocrx_word' id='word_1_51' title='bbox 242 801 330 861; x_wconf 88' lang='lat' dir='ltr'><strong>aliter</strong></span> <span class='ocrx_word' id='word_1_52' title='bbox 358 801 437 861; x_wconf 91' lang='lat' dir='ltr'><strong>enim</strong></span> <span class='ocrx_word' id='word_1_53' title='bbox 465 803 552 862; x_wconf 91' lang='lat' dir='ltr'><strong>homo</strong></span> <span class='ocrx_word' id='word_1_54' title='bbox 580 803 613 860; x_wconf 89' lang='lat' dir='ltr'><strong>in</strong></span> <span class='ocrx_word' id='word_1_55' title='bbox 636 820 726 861; x_wconf 88' lang='lat' dir='ltr'><strong>cauea</strong></span> <span class='ocrx_word' id='word_1_56' title='bbox 748 800 1053 876; x_wconf 87' lang='lat' dir='ltr'><strong>non-perduceretur.</strong></span> <span class='ocrx_word' id='word_1_57' title='bbox 1100 801 1153 861; x_wconf 90' lang='lat' dir='ltr'><strong>sed</strong></span> 
     </span>
     <span class='ocr_line' id='line_1_8' title="bbox 141 889 1153 969; baseline 0 -20"><span class='ocrx_word' id='word_1_58' title='bbox 141 890 167 949; x_wconf 91' lang='lat' dir='ltr'><strong>si</strong></span> <span class='ocrx_word' id='word_1_59' title='bbox 190 891 289 950; x_wconf 90' lang='lat' dir='ltr'><strong>utenti</strong></span> <span class='ocrx_word' id='word_1_60' title='bbox 311 891 372 950; x_wconf 85' lang='lat' dir='ltr'><strong>iam</strong></span> <span class='ocrx_word' id='word_1_61' title='bbox 396 892 426 950; x_wconf 91' lang='lat' dir='ltr'><strong>et</strong></span> <span class='ocrx_word' id='word_1_62' title='bbox 449 891 562 950; x_wconf 85' lang='lat' dir='ltr'><strong>fruenti</strong></span> <span class='ocrx_word' id='word_1_63' title='bbox 579 890 724 950; x_wconf 88' lang='lat' dir='ltr'><strong>abductus</strong></span> <span class='ocrx_word' id='word_1_64' title='bbox 743 889 831 949; x_wconf 90' lang='lat' dir='ltr'><strong>homo</strong></span> <span class='ocrx_word' id='word_1_65' title='bbox 850 890 953 969; x_wconf 82' lang='lat' dir='ltr'><strong>fuerit,</strong></span> <span class='ocrx_word' id='word_1_66' title='bbox 975 910 1034 952; x_wconf 91' lang='lat' dir='ltr'><strong>non</strong></span> <span class='ocrx_word' id='word_1_67' title='bbox 1053 891 1153 950; x_wconf 92' lang='lat' dir='ltr'><strong>solum</strong></span> 
     </span>
     <span class='ocr_line' id='line_1_9' title="bbox 139 973 877 1058; baseline 0.003 -21"><span class='ocrx_word' id='word_1_68' title='bbox 139 980 213 1058; x_wconf 83' lang='lat' dir='ltr'><strong>ipse,</strong></span> <span class='ocrx_word' id='word_1_69' title='bbox 236 981 289 1040; x_wconf 88' lang='lat' dir='ltr'><strong>scd</strong></span> <span class='ocrx_word' id='word_1_70' title='bbox 312 980 404 1040; x_wconf 89' lang='lat' dir='ltr'><strong>etiam</strong></span> <span class='ocrx_word' id='word_1_71' title='bbox 426 981 513 1039; x_wconf 86' lang='lat' dir='ltr'><strong>heres</strong></span> <span class='ocrx_word' id='word_1_72' title='bbox 535 979 611 1038; x_wconf 86' lang='lat' dir='ltr'><strong>furti</strong></span> <span class='ocrx_word' id='word_1_73' title='bbox 632 997 723 1056; x_wconf 89' lang='lat' dir='ltr'><strong>agere</strong></span> <span class='ocrx_word' id='word_1_74' title='bbox 746 973 877 1054; x_wconf 89' lang='lat' dir='ltr'><strong>poterit&#39;.</strong></span> 
     </span>
    </p>
   </div>
   <div class='ocr_carea' id='block_1_3' title="bbox 439 1133 859 1216">
    <p class='ocr_par' dir='ltr' id='par_1_4' title="bbox 439 1133 859 1216">
     <span class='ocr_line' id='line_1_10' title="bbox 439 1133 859 1216; baseline -0.002 -17"><span class='ocrx_word' id='word_1_75' title='bbox 439 1133 490 1200; x_wconf 92' lang='lat' dir='ltr'><strong>De</strong></span> <span class='ocrx_word' id='word_1_76' title='bbox 512 1135 661 1216; x_wconf 78' lang='lat' dir='ltr'><strong>emptione</strong></span> <span class='ocrx_word' id='word_1_77' title='bbox 681 1135 859 1199; x_wconf 80' lang='lat' dir='ltr'><strong>venditione.</strong></span> 
     </span>
    </p>
   </div>
   <div class='ocr_carea' id='block_1_4' title="bbox 91 1238 1153 1592">
    <p class='ocr_par' dir='ltr' id='par_1_5' title="bbox 91 1238 1153 1592">
     <span class='ocr_line' id='line_1_11' title="bbox 228 1238 1152 1324; baseline -0.002 -18"><span class='ocrx_word' id='word_1_78' title='bbox 228 1241 294 1306; x_wconf 77' lang='grc'><strong>299</strong></span> <span class='ocrx_word' id='word_1_79' title='bbox 322 1239 361 1306; x_wconf 91' lang='lat' dir='ltr'><strong>D.</strong></span> <span class='ocrx_word' id='word_1_80' title='bbox 378 1243 428 1324; x_wconf 87' lang='grc'><strong>18,</strong></span> <span class='ocrx_word' id='word_1_81' title='bbox 445 1241 540 1324; x_wconf 87' lang='lat'><strong>1,41,</strong></span> <span class='ocrx_word' id='word_1_82' title='bbox 561 1242 589 1305; x_wconf 95' lang='grc'><strong>1.</strong></span> <span class='ocrx_word' id='word_1_83' title='bbox 634 1238 778 1305; x_wconf 89' lang='lat' dir='ltr'><strong>Iulianus</strong></span> <span class='ocrx_word' id='word_1_84' title='bbox 802 1239 884 1306; x_wconf 91' lang='lat' dir='ltr'><strong>libro</strong></span> <span class='ocrx_word' id='word_1_85' title='bbox 909 1241 1004 1304; x_wconf 87' lang='lat' dir='ltr'><strong>tertio</strong></span> <span class='ocrx_word' id='word_1_86' title='bbox 1029 1239 1069 1304; x_wconf 95' lang='lat' dir='ltr'><strong>ad</strong></span> <span class='ocrx_word' id='word_1_87' title='bbox 1092 1239 1152 1306; x_wconf 86' lang='lat' dir='ltr'><strong>Ur-</strong></span> 
     </span>
     <span class='ocr_line' id='line_1_12' title="bbox 141 1328 1153 1417; baseline -0.002 -23"><span class='ocrx_word' id='word_1_88' title='bbox 141 1329 243 1395; x_wconf 88' lang='lat' dir='ltr'><strong>seium</strong></span> <span class='ocrx_word' id='word_1_89' title='bbox 257 1329 410 1395; x_wconf 87' lang='lat' dir='ltr'><strong>Ferocem</strong></span> <span class='ocrx_word' id='word_1_90' title='bbox 425 1328 475 1417; x_wconf 92' lang='lat' dir='ltr'><strong>(P.</strong></span> <span class='ocrx_word' id='word_1_91' title='bbox 489 1329 636 1413; x_wconf 73' lang='grc'><strong>1111).-</strong></span> <span class='ocrx_word' id='word_1_92' title='bbox 649 1328 796 1395; x_wconf 88' lang='lat' dir='ltr'><strong>Mensam</strong></span> <span class='ocrx_word' id='word_1_93' title='bbox 815 1333 950 1414; x_wconf 89' lang='lat' dir='ltr'><strong>argento</strong></span> <span class='ocrx_word' id='word_1_94' title='bbox 965 1332 1153 1413; x_wconf 85' lang='lat' dir='ltr'><strong>coopertam</strong></span> 
     </span>
     <span class='ocr_line' id='line_1_13' title="bbox 141 1417 1153 1503; baseline 0 -21"><span class='ocrx_word' id='word_1_95' title='bbox 141 1418 222 1482; x_wconf 90' lang='lat' dir='ltr'><strong>mihi</strong></span> <span class='ocrx_word' id='word_1_96' title='bbox 244 1420 410 1502; x_wconf 81' lang='lat' dir='ltr'><strong>ignoranti</strong></span> <span class='ocrx_word' id='word_1_97' title='bbox 429 1440 487 1502; x_wconf 86' lang='lat' dir='ltr'><strong>pro</strong></span> <span class='ocrx_word' id='word_1_98' title='bbox 512 1418 617 1483; x_wconf 89' lang='lat' dir='ltr'><strong>solida</strong></span> <span class='ocrx_word' id='word_1_99' title='bbox 639 1417 814 1484; x_wconf 83' lang='lat' dir='ltr'><strong>vendidisti</strong></span> <span class='ocrx_word' id='word_1_100' title='bbox 832 1417 1026 1503; x_wconf 89' lang='lat' dir='ltr'><strong>imprudens.</strong></span> <span class='ocrx_word' id='word_1_101' title='bbox 1062 1419 1153 1482; x_wconf 88' lang='lat' dir='ltr'><strong>nulla</strong></span> 
     </span>
     <span class='ocr_line' id='line_1_14' title="bbox 91 1506 1089 1592; baseline -0.001 -20"><span class='ocrx_word' id='word_1_102' title='bbox 91 1569 97 1586; x_wconf 79' lang='grc'><strong>,</strong></span> <span class='ocrx_word' id='word_1_103' title='bbox 140 1512 190 1572; x_wconf 88' lang='lat' dir='ltr'><strong>est</strong></span> <span class='ocrx_word' id='word_1_104' title='bbox 214 1508 337 1592; x_wconf 87' lang='lat' dir='ltr'><strong>emptio</strong></span> <span class='ocrx_word' id='word_1_105' title='bbox 360 1507 559 1592; x_wconf 85' lang='lat' dir='ltr'><strong>pecuniaque</strong></span> <span class='ocrx_word' id='word_1_106' title='bbox 582 1529 620 1572; x_wconf 88' lang='lat' dir='ltr'><strong>eo</strong></span> <span class='ocrx_word' id='word_1_107' title='bbox 643 1507 774 1572; x_wconf 90' lang='lat' dir='ltr'><strong>nomine</strong></span> <span class='ocrx_word' id='word_1_108' title='bbox 798 1506 874 1573; x_wconf 89' lang='lat' dir='ltr'><strong>data</strong></span> <span class='ocrx_word' id='word_1_109' title='bbox 896 1506 1089 1572; x_wconf 87' lang='lat' dir='ltr'><strong>condicetur.</strong></span> 
     </span>
    </p>
   </div>
   <div class='ocr_carea' id='block_1_5' title="bbox 143 1592 1153 1771">
    <p class='ocr_par' dir='ltr' id='par_1_6' title="bbox 143 1592 1153 1771">
     <span class='ocr_line' id='line_1_15' title="bbox 228 1592 1153 1682; baseline -0.003 -21"><span class='ocrx_word' id='word_1_110' title='bbox 228 1596 294 1662; x_wconf 77' lang='lat'><strong>30?</strong></span> <span class='ocrx_word' id='word_1_111' title='bbox 318 1595 356 1661; x_wconf 92' lang='lat' dir='ltr'><strong>D.</strong></span> <span class='ocrx_word' id='word_1_112' title='bbox 365 1597 419 1677; x_wconf 88' lang='lat'><strong>40,</strong></span> <span class='ocrx_word' id='word_1_113' title='bbox 428 1595 459 1674; x_wconf 86' lang='lat'><strong>4,</strong></span> <span class='ocrx_word' id='word_1_114' title='bbox 471 1596 521 1661; x_wconf 90' lang='lat'><strong>19.</strong></span> <span class='ocrx_word' id='word_1_115' title='bbox 553 1594 643 1662; x_wconf 91' lang='lat' dir='ltr'><strong>Idem</strong></span> <span class='ocrx_word' id='word_1_116' title='bbox 658 1592 886 1682; x_wconf 81' lang='lat' dir='ltr'><strong>(sclulianus)</strong></span> <span class='ocrx_word' id='word_1_117' title='bbox 901 1595 985 1661; x_wconf 91' lang='lat' dir='ltr'><strong>libro</strong></span> <span class='ocrx_word' id='word_1_118' title='bbox 1000 1595 1097 1660; x_wconf 90' lang='lat' dir='ltr'><strong>tertio</strong></span> <span class='ocrx_word' id='word_1_119' title='bbox 1112 1594 1153 1658; x_wconf 89' lang='lat' dir='ltr'><strong>ad</strong></span> 
     </span>
     <span class='ocr_line' id='line_1_16' title="bbox 143 1681 1152 1771; baseline -0.003 -20"><span class='ocrx_word' id='word_1_120' title='bbox 143 1684 294 1751; x_wconf 88' lang='lat' dir='ltr'><strong>Urseium</strong></span> <span class='ocrx_word' id='word_1_121' title='bbox 315 1683 468 1751; x_wconf 87' lang='lat' dir='ltr'><strong>Ferocem</strong></span> <span class='ocrx_word' id='word_1_122' title='bbox 492 1681 542 1771; x_wconf 90' lang='lat' dir='ltr'><strong>(P.</strong></span> <span class='ocrx_word' id='word_1_123' title='bbox 555 1681 644 1771; x_wconf 88' lang='grc'>908).</span> <span class='ocrx_word' id='word_1_124' title='bbox 662 1721 704 1732; x_wconf 86' lang='grc'>-</span> <span class='ocrx_word' id='word_1_125' title='bbox 726 1684 862 1760; x_wconf 84' lang='lat' dir='ltr'><strong>Quidam</strong></span> <span class='ocrx_word' id='word_1_126' title='bbox 885 1684 1034 1749; x_wconf 88' lang='lat' dir='ltr'><strong>heredem</strong></span> <span class='ocrx_word' id='word_1_127' title='bbox 1058 1706 1152 1749; x_wconf 89' lang='lat' dir='ltr'><strong>suum</strong></span> 
     </span>
    </p>
   </div>
   <div class='ocr_carea' id='block_1_6' title="bbox 140 1772 1279 1947">
    <p class='ocr_par' dir='ltr' id='par_1_7' title="bbox 140 1772 1279 1947">
     <span class='ocr_line' id='line_1_17' title="bbox 140 1772 1279 1858; baseline 0.001 -21"><span class='ocrx_word' id='word_1_128' title='bbox 140 1777 328 1858; x_wconf 84' lang='lat' dir='ltr'><strong>rogaverat,</strong></span> <span class='ocrx_word' id='word_1_129' title='bbox 349 1778 386 1839; x_wconf 92' lang='lat' dir='ltr'><strong>ut</strong></span> <span class='ocrx_word' id='word_1_130' title='bbox 410 1795 538 1839; x_wconf 88' lang='lat' dir='ltr'><strong>servum</strong></span> <span class='ocrx_word' id='word_1_131' title='bbox 564 1775 813 1838; x_wconf 86' lang='lat' dir='ltr'><strong>manumitteret</strong></span> <span class='ocrx_word' id='word_1_132' title='bbox 855 1772 984 1856; x_wconf 86' lang='lat' dir='ltr'><strong>deinde,</strong></span> <span class='ocrx_word' id='word_1_133' title='bbox 1007 1773 1035 1838; x_wconf 88' lang='lat' dir='ltr'><strong>si</strong></span> <span class='ocrx_word' id='word_1_134' title='bbox 1057 1773 1151 1838; x_wconf 87' lang='lat' dir='ltr'><strong>heres</strong></span> <span class='ocrx_word' id='word_1_135' title='bbox 1278 1799 1279 1816; x_wconf 58' lang='lat'>¹</span> 
     </span>
     <span class='ocr_line' id='line_1_18' title="bbox 142 1862 1279 1947; baseline 0 -21"><span class='ocrx_word' id='word_1_136' title='bbox 142 1884 214 1926; x_wconf 92' lang='lat' dir='ltr'><strong>eum</strong></span> <span class='ocrx_word' id='word_1_137' title='bbox 233 1882 297 1926; x_wconf 93' lang='lat' dir='ltr'><strong>non</strong></span> <span class='ocrx_word' id='word_1_138' title='bbox 317 1863 550 1947; x_wconf 89' lang='lat' dir='ltr'><strong>manumiserit,</strong></span> <span class='ocrx_word' id='word_1_139' title='bbox 569 1862 707 1927; x_wconf 87' lang='lat' dir='ltr'><strong>liberum</strong></span> <span class='ocrx_word' id='word_1_140' title='bbox 726 1884 800 1926; x_wconf 90' lang='lat' dir='ltr'><strong>eum</strong></span> <span class='ocrx_word' id='word_1_141' title='bbox 818 1883 887 1927; x_wconf 90' lang='lat' dir='ltr'><strong>esse</strong></span> <span class='ocrx_word' id='word_1_142' title='bbox 906 1862 1045 1928; x_wconf 87' lang='lat' dir='ltr'><strong>iusserat</strong></span> <span class='ocrx_word' id='word_1_143' title='bbox 1059 1862 1152 1947; x_wconf 89' lang='lat' dir='ltr'><strong>eique</strong></span> <span class='ocrx_word' id='word_1_144' title='bbox 1277 1875 1279 1902; x_wconf 69' lang='lat'>²</span> 
     </span>
    </p>
   </div>
   <div class='ocr_carea' id='block_1_7' title="bbox 139 1951 1153 2550">
    <p class='ocr_par' dir='ltr' id='par_1_8' title="bbox 139 1951 1153 2213">
     <span class='ocr_line' id='line_1_19' title="bbox 139 1951 1153 2037; baseline 0 -22"><span class='ocrx_word' id='word_1_145' title='bbox 139 1952 314 2036; x_wconf 83' lang='lat' dir='ltr'><strong>legaverat.</strong></span> <span class='ocrx_word' id='word_1_146' title='bbox 349 1951 443 2016; x_wconf 91' lang='lat' dir='ltr'><strong>heres</strong></span> <span class='ocrx_word' id='word_1_147' title='bbox 468 1973 540 2016; x_wconf 91' lang='lat' dir='ltr'><strong>eum</strong></span> <span class='ocrx_word' id='word_1_148' title='bbox 563 1951 761 2015; x_wconf 89' lang='lat' dir='ltr'><strong>manumisit.</strong></span> <span class='ocrx_word' id='word_1_149' title='bbox 800 1951 945 2037; x_wconf 89' lang='lat' dir='ltr'><strong>plerique</strong></span> <span class='ocrx_word' id='word_1_150' title='bbox 965 1951 1153 2015; x_wconf 87' lang='lat' dir='ltr'><strong>existimant</strong></span> 
     </span>
     <span class='ocr_line' id='line_1_20' title="bbox 139 2039 1153 2124; baseline 0.001 -21"><span class='ocrx_word' id='word_1_151' title='bbox 139 2039 225 2104; x_wconf 89' lang='lat' dir='ltr'><strong>hunc</strong></span> <span class='ocrx_word' id='word_1_152' title='bbox 258 2061 297 2103; x_wconf 86' lang='lat' dir='ltr'><strong>ex</strong></span> <span class='ocrx_word' id='word_1_153' title='bbox 324 2041 518 2105; x_wconf 88' lang='lat' dir='ltr'><strong>testamento</strong></span> <span class='ocrx_word' id='word_1_154' title='bbox 546 2039 732 2104; x_wconf 87' lang='lat' dir='ltr'><strong>libertatem</strong></span> <span class='ocrx_word' id='word_1_155' title='bbox 761 2041 923 2124; x_wconf 89' lang='lat' dir='ltr'><strong>consequi.</strong></span> <span class='ocrx_word' id='word_1_156' title='bbox 977 2039 1153 2105; x_wconf 87' lang='lat' dir='ltr'><strong>secundum</strong></span> 
     </span>
     <span class='ocr_line' id='line_1_21' title="bbox 139 2128 739 2213; baseline 0 -21"><span class='ocrx_word' id='word_1_157' title='bbox 139 2128 202 2193; x_wconf 91' lang='lat' dir='ltr'><strong>hoc</strong></span> <span class='ocrx_word' id='word_1_158' title='bbox 225 2129 369 2212; x_wconf 93' lang='lat' dir='ltr'><strong>legatum</strong></span> <span class='ocrx_word' id='word_1_159' title='bbox 392 2151 521 2213; x_wconf 88' lang='lat' dir='ltr'><strong>quoque</strong></span> <span class='ocrx_word' id='word_1_160' title='bbox 544 2129 573 2193; x_wconf 88' lang='lat' dir='ltr'><strong>ci</strong></span> <span class='ocrx_word' id='word_1_161' title='bbox 597 2129 739 2192; x_wconf 86' lang='lat' dir='ltr'><strong>debetur.</strong></span> 
     </span>
    </p>

    <p class='ocr_par' dir='ltr' id='par_1_9' title="bbox 139 2215 1153 2550">
     <span class='ocr_line' id='line_1_22' title="bbox 230 2215 1152 2300; baseline 0.002 -21"><span class='ocrx_word' id='word_1_162' title='bbox 230 2221 323 2281; x_wconf 86' lang='lat' dir='ltr'><strong>Lenel</strong></span> <span class='ocrx_word' id='word_1_163' title='bbox 346 2225 432 2282; x_wconf 91' lang='lat' dir='ltr'><strong>notat</strong></span> <span class='ocrx_word' id='word_1_164' title='bbox 455 2215 622 2300; x_wconf 76' lang='lat' dir='ltr'><strong>‘quaeritur</strong></span> <span class='ocrx_word' id='word_1_165' title='bbox 645 2222 797 2298; x_wconf 85' lang='lat' dir='ltr'><strong>deservo,</strong></span> <span class='ocrx_word' id='word_1_166' title='bbox 820 2222 871 2300; x_wconf 90' lang='lat' dir='ltr'><strong>qui</strong></span> <span class='ocrx_word' id='word_1_167' title='bbox 889 2223 945 2282; x_wconf 90' lang='lat' dir='ltr'><strong>hac</strong></span> <span class='ocrx_word' id='word_1_168' title='bbox 962 2222 1030 2299; x_wconf 83' lang='lat' dir='ltr'><strong>lege</strong></span> <span class='ocrx_word' id='word_1_169' title='bbox 1048 2223 1152 2298; x_wconf 82' lang='lat' dir='ltr'><strong>veniit,</strong></span> 
     </span>
     <span class='ocr_line' id='line_1_23' title="bbox 140 2305 1153 2388; baseline 0.002 -19"><span class='ocrx_word' id='word_1_170' title='bbox 140 2313 177 2370; x_wconf 89' lang='lat' dir='ltr'><strong>ut</strong></span> <span class='ocrx_word' id='word_1_171' title='bbox 199 2311 471 2372; x_wconf 88' lang='lat' dir='ltr'><strong>manumitteretur.</strong></span> <span class='ocrx_word' id='word_1_172' title='bbox 517 2312 554 2371; x_wconf 89' lang='lat' dir='ltr'><strong>ef.</strong></span> <span class='ocrx_word' id='word_1_173' title='bbox 576 2311 613 2370; x_wconf 92' lang='lat' dir='ltr'><strong>D.</strong></span> <span class='ocrx_word' id='word_1_174' title='bbox 634 2313 684 2386; x_wconf 83' lang='grc'><strong>18,</strong></span> <span class='ocrx_word' id='word_1_175' title='bbox 706 2313 733 2384; x_wconf 82' lang='grc'><strong>7,</strong></span> <span class='ocrx_word' id='word_1_176' title='bbox 753 2305 795 2371; x_wconf 91' lang='grc'><strong>3’.</strong></span> <span class='ocrx_word' id='word_1_177' title='bbox 830 2314 866 2371; x_wconf 88' lang='lat' dir='ltr'><strong>at</strong></span> <span class='ocrx_word' id='word_1_178' title='bbox 891 2311 1004 2388; x_wconf 89' lang='lat' dir='ltr'><strong>nescio,</strong></span> <span class='ocrx_word' id='word_1_179' title='bbox 1031 2330 1070 2370; x_wconf 91' lang='lat' dir='ltr'><strong>an</strong></span> <span class='ocrx_word' id='word_1_180' title='bbox 1096 2330 1153 2388; x_wconf 91' lang='lat' dir='ltr'><strong>pro</strong></span> 
     </span>
     <span class='ocr_line' id='line_1_24' title="bbox 139 2399 1153 2478; baseline 0.002 -20"><span class='ocrx_word' id='word_1_181' title='bbox 139 2399 218 2459; x_wconf 89' lang='lat' dir='ltr'><strong>libro</strong></span> <span class='ocrx_word' id='word_1_182' title='bbox 241 2399 288 2460; x_wconf 89' lang='lat' dir='ltr'><strong>III</strong></span> <span class='ocrx_word' id='word_1_183' title='bbox 314 2400 415 2476; x_wconf 88' lang='lat' dir='ltr'><strong>potius</strong></span> <span class='ocrx_word' id='word_1_184' title='bbox 436 2400 469 2460; x_wconf 97' lang='lat' dir='ltr'><strong>II</strong></span> <span class='ocrx_word' id='word_1_185' title='bbox 497 2399 687 2460; x_wconf 90' lang='lat' dir='ltr'><strong>scribendum</strong></span> <span class='ocrx_word' id='word_1_186' title='bbox 710 2400 973 2478; x_wconf 87' lang='lat' dir='ltr'><strong>fragmentumque</strong></span> <span class='ocrx_word' id='word_1_187' title='bbox 995 2399 1088 2476; x_wconf 85' lang='lat' dir='ltr'><strong>capiti</strong></span> <span class='ocrx_word' id='word_1_188' title='bbox 1116 2399 1153 2460; x_wconf 92' lang='lat' dir='ltr'><strong>de</strong></span> 
     </span>
     <span class='ocr_line' id='line_1_25' title="bbox 140 2488 741 2550; baseline -0.002 -1"><span class='ocrx_word' id='word_1_189' title='bbox 140 2489 424 2550; x_wconf 89' lang='lat' dir='ltr'><strong>manumissionibus</strong></span> <span class='ocrx_word' id='word_1_190' title='bbox 447 2489 672 2550; x_wconf 87' lang='lat' dir='ltr'><strong>attribuendum</strong></span> <span class='ocrx_word' id='word_1_191' title='bbox 695 2488 741 2548; x_wconf 89' lang='lat' dir='ltr'><strong>sit.</strong></span> 
     </span>
    </p>
   </div>
   <div class='ocr_carea' id='block_1_8' title="bbox 473 2626 818 2692">
    <p class='ocr_par' dir='ltr' id='par_1_10' title="bbox 473 2626 818 2692">
     <span class='ocr_line' id='line_1_26' title="bbox 473 2626 818 2692; baseline -0.003 -1"><span class='ocrx_word' id='word_1_192' title='bbox 473 2626 524 2691; x_wconf 91' lang='lat' dir='ltr'><strong>De</strong></span> <span class='ocrx_word' id='word_1_193' title='bbox 545 2627 818 2692; x_wconf 77' lang='lat' dir='ltr'><strong>intercessionetus.</strong></span> 
     </span>
    </p>
   </div>
   <div class='ocr_carea' id='block_1_9' title="bbox 141 2728 1153 3434">
    <p class='ocr_par' dir='ltr' id='par_1_11' title="bbox 141 2728 1153 3349">
     <span class='ocr_line' id='line_1_27' title="bbox 231 2728 1152 2820; baseline -0.002 -20"><span class='ocrx_word' id='word_1_194' title='bbox 231 2735 282 2800; x_wconf 87' lang='lat'><strong>31.</strong></span> <span class='ocrx_word' id='word_1_195' title='bbox 306 2733 346 2800; x_wconf 92' lang='lat' dir='ltr'><strong>D.</strong></span> <span class='ocrx_word' id='word_1_196' title='bbox 358 2735 409 2812; x_wconf 88' lang='grc'><strong>16,</strong></span> <span class='ocrx_word' id='word_1_197' title='bbox 421 2733 556 2820; x_wconf 84' lang='lat' dir='ltr'><strong>1‚16pr.</strong></span> <span class='ocrx_word' id='word_1_198' title='bbox 586 2732 677 2798; x_wconf 90' lang='lat' dir='ltr'><strong>Idem</strong></span> <span class='ocrx_word' id='word_1_199' title='bbox 693 2728 921 2820; x_wconf 80' lang='lat' dir='ltr'><strong>(sclulianus)</strong></span> <span class='ocrx_word' id='word_1_200' title='bbox 935 2731 1019 2798; x_wconf 90' lang='lat' dir='ltr'><strong>libro</strong></span> <span class='ocrx_word' id='word_1_201' title='bbox 1035 2735 1152 2817; x_wconf 87' lang='lat' dir='ltr'><strong>quarto</strong></span> 
     </span>
     <span class='ocr_line' id='line_1_28' title="bbox 143 2819 1153 2909; baseline -0.001 -23"><span class='ocrx_word' id='word_1_202' title='bbox 143 2822 183 2886; x_wconf 90' lang='lat' dir='ltr'><strong>ad</strong></span> <span class='ocrx_word' id='word_1_203' title='bbox 196 2821 349 2887; x_wconf 89' lang='lat' dir='ltr'><strong>Urseium</strong></span> <span class='ocrx_word' id='word_1_204' title='bbox 362 2821 515 2887; x_wconf 87' lang='lat' dir='ltr'><strong>Ferocem</strong></span> <span class='ocrx_word' id='word_1_205' title='bbox 531 2821 580 2907; x_wconf 78' lang='lat' dir='ltr'><strong>(P.</strong></span> <span class='ocrx_word' id='word_1_206' title='bbox 595 2819 684 2909; x_wconf 82' lang='grc'>924).</span> <span class='ocrx_word' id='word_1_207' title='bbox 702 2859 739 2870; x_wconf 93' lang='grc'><strong>-</strong></span> <span class='ocrx_word' id='word_1_208' title='bbox 756 2820 790 2887; x_wconf 83' lang='lat' dir='ltr'><strong>Si</strong></span> <span class='ocrx_word' id='word_1_209' title='bbox 805 2821 921 2887; x_wconf 84' lang='lat' dir='ltr'><strong>mulier</strong></span> <span class='ocrx_word' id='word_1_210' title='bbox 935 2824 1048 2886; x_wconf 88' lang='lat' dir='ltr'><strong>contra</strong></span> <span class='ocrx_word' id='word_1_211' title='bbox 1063 2843 1153 2885; x_wconf 89' lang='lat' dir='ltr'><strong>sena·</strong></span> 
     </span>
     <span class='ocr_line' id='line_1_29' title="bbox 142 2907 1152 2996; baseline 0.001 -23"><span class='ocrx_word' id='word_1_212' title='bbox 142 2915 194 2973; x_wconf 89' lang='lat' dir='ltr'><strong>tus</strong></span> <span class='ocrx_word' id='word_1_213' title='bbox 218 2912 403 2976; x_wconf 88' lang='lat' dir='ltr'><strong>consultum</strong></span> <span class='ocrx_word' id='word_1_214' title='bbox 422 2909 629 2974; x_wconf 88' lang='lat' dir='ltr'><strong>Velleianum</strong></span> <span class='ocrx_word' id='word_1_215' title='bbox 651 2933 711 2996; x_wconf 91' lang='lat' dir='ltr'><strong>pro</strong></span> <span class='ocrx_word' id='word_1_216' title='bbox 734 2932 786 2974; x_wconf 91' lang='lat' dir='ltr'><strong>me</strong></span> <span class='ocrx_word' id='word_1_217' title='bbox 808 2909 1043 2974; x_wconf 82' lang='lat' dir='ltr'><strong>intercessisset</strong></span> <span class='ocrx_word' id='word_1_218' title='bbox 1064 2907 1152 2975; x_wconf 84' lang='lat' dir='ltr'><strong>Titio</strong></span> 
     </span>
     <span class='ocr_line' id='line_1_30' title="bbox 143 2997 1153 3082; baseline 0.002 -21"><span class='ocrx_word' id='word_1_219' title='bbox 143 3019 266 3082; x_wconf 89' lang='lat' dir='ltr'><strong>egoque</strong></span> <span class='ocrx_word' id='word_1_220' title='bbox 291 2998 418 3063; x_wconf 93' lang='lat' dir='ltr'><strong>mulieri</strong></span> <span class='ocrx_word' id='word_1_221' title='bbox 436 2998 470 3062; x_wconf 90' lang='lat' dir='ltr'><strong>id</strong></span> <span class='ocrx_word' id='word_1_222' title='bbox 488 2999 655 3063; x_wconf 90' lang='lat' dir='ltr'><strong>solvisscm</strong></span> <span class='ocrx_word' id='word_1_223' title='bbox 676 3003 709 3062; x_wconf 87' lang='lat' dir='ltr'><strong>et</strong></span> <span class='ocrx_word' id='word_1_224' title='bbox 727 2998 767 3062; x_wconf 91' lang='lat' dir='ltr'><strong>ab</strong></span> <span class='ocrx_word' id='word_1_225' title='bbox 788 3019 825 3062; x_wconf 91' lang='lat' dir='ltr'><strong>ea</strong></span> <span class='ocrx_word' id='word_1_226' title='bbox 844 2997 948 3063; x_wconf 86' lang='lat' dir='ltr'><strong>Titius</strong></span> <span class='ocrx_word' id='word_1_227' title='bbox 968 3021 1039 3064; x_wconf 91' lang='lat' dir='ltr'><strong>eam</strong></span> <span class='ocrx_word' id='word_1_228' title='bbox 1057 3020 1153 3082; x_wconf 89' lang='lat' dir='ltr'><strong>pecu·</strong></span> 
     </span>
     <span class='ocr_line' id='line_1_31' title="bbox 141 3085 1153 3172; baseline 0.003 -23"><span class='ocrx_word' id='word_1_229' title='bbox 141 3088 230 3149; x_wconf 90' lang='lat' dir='ltr'><strong>niam</strong></span> <span class='ocrx_word' id='word_1_230' title='bbox 253 3091 386 3172; x_wconf 89' lang='lat' dir='ltr'><strong>peteret,</strong></span> <span class='ocrx_word' id='word_1_231' title='bbox 410 3085 555 3171; x_wconf 84' lang='lat' dir='ltr'><strong>exceptio</strong></span> <span class='ocrx_word' id='word_1_232' title='bbox 578 3086 673 3150; x_wconf 89' lang='lat' dir='ltr'><strong>huius</strong></span> <span class='ocrx_word' id='word_1_233' title='bbox 698 3091 829 3151; x_wconf 89' lang='lat' dir='ltr'><strong>senatus</strong></span> <span class='ocrx_word' id='word_1_234' title='bbox 853 3088 993 3152; x_wconf 90' lang='lat' dir='ltr'><strong>consulti</strong></span> <span class='ocrx_word' id='word_1_235' title='bbox 1015 3109 1082 3153; x_wconf 88' lang='lat' dir='ltr'><strong>non</strong></span> <span class='ocrx_word' id='word_1_236' title='bbox 1104 3092 1153 3152; x_wconf 89' lang='lat' dir='ltr'><strong>est</strong></span> 
     </span>
     <span class='ocr_line' id='line_1_32' title="bbox 142 3173 1151 3261; baseline 0.004 -23"><span class='ocrx_word' id='word_1_237' title='bbox 142 3173 313 3259; x_wconf 87' lang='lat' dir='ltr'><strong>profutura</strong></span> <span class='ocrx_word' id='word_1_238' title='bbox 333 3174 472 3259; x_wconf 80' lang='lat' dir='ltr'><strong>mulieri3</strong></span> <span class='ocrx_word' id='word_1_239' title='bbox 495 3196 598 3260; x_wconf 90' lang='lat' dir='ltr'><strong>neque</strong></span> <span class='ocrx_word' id='word_1_240' title='bbox 617 3176 704 3239; x_wconf 90' lang='lat' dir='ltr'><strong>enim</strong></span> <span class='ocrx_word' id='word_1_241' title='bbox 723 3196 794 3239; x_wconf 92' lang='lat' dir='ltr'><strong>eam</strong></span> <span class='ocrx_word' id='word_1_242' title='bbox 812 3176 997 3261; x_wconf 85' lang='lat' dir='ltr'><strong>periclitari,</strong></span> <span class='ocrx_word' id='word_1_243' title='bbox 1016 3198 1058 3241; x_wconf 89' lang='lat' dir='ltr'><strong>ne</strong></span> <span class='ocrx_word' id='word_1_244' title='bbox 1078 3197 1151 3242; x_wconf 92' lang='lat' dir='ltr'><strong>cam</strong></span> 
     </span>
     <span class='ocr_line' id='line_1_33' title="bbox 142 3263 892 3349; baseline 0.005 -23"><span class='ocrx_word' id='word_1_245' title='bbox 142 3263 310 3346; x_wconf 89' lang='lat' dir='ltr'><strong>pecuniam</strong></span> <span class='ocrx_word' id='word_1_246' title='bbox 335 3265 463 3349; x_wconf 82' lang='lat' dir='ltr'><strong>perdat,</strong></span> <span class='ocrx_word' id='word_1_247' title='bbox 486 3285 558 3328; x_wconf 90' lang='lat' dir='ltr'><strong>cum</strong></span> <span class='ocrx_word' id='word_1_248' title='bbox 581 3263 647 3327; x_wconf 91' lang='lat' dir='ltr'><strong>iam</strong></span> <span class='ocrx_word' id='word_1_249' title='bbox 671 3285 741 3328; x_wconf 91' lang='lat' dir='ltr'><strong>cam</strong></span> <span class='ocrx_word' id='word_1_250' title='bbox 764 3263 892 3330; x_wconf 88' lang='lat' dir='ltr'><strong>habeat.</strong></span> 
     </span>
    </p>

    <p class='ocr_par' dir='ltr' id='par_1_12' title="bbox 232 3356 695 3434">
     <span class='ocr_line' id='line_1_34' title="bbox 232 3356 695 3434; baseline 0.004 -19"><span class='ocrx_word' id='word_1_251' title='bbox 232 3356 407 3416; x_wconf 83' lang='lat' dir='ltr'><strong>Tritoniani</strong></span> <span class='ocrx_word' id='word_1_252' title='bbox 428 3373 538 3417; x_wconf 87' lang='lat' dir='ltr'><strong>manus</strong></span> <span class='ocrx_word' id='word_1_253' title='bbox 561 3360 695 3434; x_wconf 89' lang='lat' dir='ltr'><strong>apparet.</strong></span> 
     </span>
    </p>
   </div>
   <div class='ocr_carea' id='block_1_10' title="bbox 144 3457 1152 3634">
    <p class='ocr_par' dir='ltr' id='par_1_13' title="bbox 144 3457 1152 3634">
     <span class='ocr_line' id='line_1_35' title="bbox 232 3457 1152 3545; baseline 0.005 -23"><span class='ocrx_word' id='word_1_254' title='bbox 232 3458 284 3523; x_wconf 81' lang='lat'><strong>32.</strong></span> <span class='ocrx_word' id='word_1_255' title='bbox 311 3458 393 3524; x_wconf 92' lang='lat' dir='ltr'><strong>Ibid.</strong></span> <span class='ocrx_word' id='word_1_256' title='bbox 416 3461 481 3540; x_wconf 63' lang='lat'><strong>51.</strong></span> <span class='ocrx_word' id='word_1_257' title='bbox 502 3495 535 3506; x_wconf 90' lang='lat'>-</span> <span class='ocrx_word' id='word_1_258' title='bbox 570 3457 606 3525; x_wconf 88' lang='lat' dir='ltr'><strong>Si</strong></span> <span class='ocrx_word' id='word_1_259' title='bbox 634 3460 675 3524; x_wconf 90' lang='lat' dir='ltr'><strong>ab</strong></span> <span class='ocrx_word' id='word_1_260' title='bbox 697 3482 737 3525; x_wconf 89' lang='lat' dir='ltr'><strong>ca</strong></span> <span class='ocrx_word' id='word_1_261' title='bbox 760 3461 908 3544; x_wconf 86' lang='lat' dir='ltr'><strong>muliere,</strong></span> <span class='ocrx_word' id='word_1_262' title='bbox 934 3483 1016 3545; x_wconf 88' lang='lat' dir='ltr'><strong>quae</strong></span> <span class='ocrx_word' id='word_1_263' title='bbox 1039 3465 1152 3528; x_wconf 89' lang='lat' dir='ltr'><strong>contra</strong></span> 
     </span>
     <span class='ocr_line' id='line_1_36' title="bbox 144 3548 1152 3634; baseline 0.007 -24"><span class='ocrx_word' id='word_1_264' title='bbox 144 3549 275 3613; x_wconf 90' lang='lat' dir='ltr'><strong>senatus</strong></span> <span class='ocrx_word' id='word_1_265' title='bbox 312 3548 493 3614; x_wconf 90' lang='lat' dir='ltr'><strong>consultum</strong></span> <span class='ocrx_word' id='word_1_266' title='bbox 527 3549 775 3634; x_wconf 87' lang='lat' dir='ltr'><strong>intercessisset,</strong></span> <span class='ocrx_word' id='word_1_267' title='bbox 810 3550 1031 3616; x_wconf 86' lang='lat' dir='ltr'><strong>fideiussorem</strong></span> <span class='ocrx_word' id='word_1_268' title='bbox 1064 3571 1152 3616; x_wconf 87' lang='lat' dir='ltr'><strong>acce·</strong></span> 
     </span>
    </p>
   </div>
   <div class='ocr_carea' id='block_1_11' title="bbox 0 0 1297 3900">
    <p class='ocr_par' dir='ltr' id='par_1_14' title="bbox 0 0 1297 3900">
     <span class='ocr_line' id='line_1_37' title="bbox 0 0 1297 3900; baseline 0 0"><span class='ocrx_word' id='word_1_269' title='bbox 0 0 1297 3900; x_wconf 95' lang='lat' dir='ltr'><strong> </strong></span> 
     </span>
    </p>
   </div>
  </div>
 </body>
</html>
