2570 3904
150 207 194 270 24
220 207 267 262 ΙΙΙ.
283 208 359 263 GAII
374 207 521 262 CLAUDII
534 207 670 262 NERON.
682 206 826 262 GALBAE
836 207 941 263 ΤΕΜΡ.
952 207 1047 263 rums
1059 207 1164 264 OONS.

152 368 293 435 Sabinus
332 371 460 435 dicebat
492 370 572 436 utile
604 370 685 434 mihi
717 370 786 435 eius
818 371 902 436 dotis
935 370 1167 455 reciperandae

150 459 303 523 iudicium
328 459 470 523 dandum
493 481 575 545 esse3
601 457 700 524 Gaius
724 459 818 524 idem.

341 660 388 718 De
410 661 563 719 donatione
584 663 659 720 iuter
681 662 778 719 cirum
801 665 827 719 et
848 679 973 720 acorem.

241 778 292 842 11.
320 777 359 842 Ι).
377 780 430 856 41,
450 779 479 862 6,
499 779 528 863 1,
544 780 573 843 2.
619 778 738 842 Paulus
762 779 847 844 libro
871 779 1162 864 quinquagensimo

151 873 268 950 quarto
298 867 338 930 ad
366 867 505 932 edictum
534 863 584 954 (P.
604 865 693 952 665).
720 903 764 914 -
792 915 822 931 ..
842 869 870 932 si
897 869 946 931 vir
973 869 1064 933 uxori
1093 889 1161 932 rem

150 954 320 1020 donaverit
347 960 380 1020 et
407 955 580 1021 divortium
611 957 839 1038 intercesserit,
868 978 992 1020 cessare
1014 957 1162 1042 usucapi-

151 1065 245 1109 onem
269 1042 401 1109 Cassius
429 1046 610 1130 respondit,
639 1046 792 1129 quoniam
816 1066 890 1118 non
905 1047 1007 1129 possit
1031 1067 1162 1109 causam

149 1132 362 1216 possessionis
387 1134 540 1218 sibiipsa
562 1137 696 1197 mutare.
728 1134 808 1196 alias
828 1133 874 1197 ait
892 1138 968 1218 post
987 1135 1161 1198 divortium

148 1223 195 1286 ita
222 1226 467 1308 usucapturam,
500 1223 527 1286 si
556 1244 628 1286 11111
660 1223 796 1286 maritus
831 1223 1040 1307 concesserit,
1068 1223 1163 1307 quasi

148 1332 235 1376 nunc
259 1311 396 1376 donasse
419 1311 637 1395 intellegatur.

238 1438 334 1498 Cassii
363 1440 543 1498 sententiam
571 1439 609 1498 ad
636 1440 712 1518 legis
737 1438 854 1499 Cinciae
881 1443 1044 1516 praecepta
1066 1439 1161 1515 respi-

150 1528 278 1587 cientem
297 1547 315 1586 a
334 1528 514 1587 Triboniano
534 1532 706 1605 corruptam
726 1546 789 1588 esse
805 1529 927 1588 Pernice
950 1529 1016 1588 iure
1039 1528 1162 1588 videtur

150 1635 278 1676 censere.

569 1717 619 1783 De
639 1719 744 1800 furtis.

241 1841 290 1904 12.
314 1840 352 1904 D.
366 1842 419 1923 41,
434 1843 464 1923 2,
479 1843 509 1924 3,
526 1843 575 1907 18.
617 1842 738 1907 Paulus
763 1843 847 1907 libro
870 1843 1163 1928 quinquagensimo

150 1933 264 2013 quarto
294 1930 333 1993 ad
363 1929 502 1994 edictum
527 1927 577 2018 (P.
593 1928 696 2017 cuch).
719 1967 763 1978 —
787 1930 821 1996 Si
849 1953 919 1995 rem
943 1933 1027 2015 apud
1050 1935 1083 1995 te
1107 1931 1161 1995 de-

148 2018 289 2102 positam
325 2017 405 2082 furti
440 2018 580 2084 faciendi
618 2041 713 2085 causa
746 2019 1007 2103 contrectaveris,
1050 2019 1163 2086 desino

148 2105 323 2190 possidere.
369 2107 425 2171 sed
449 2107 477 2172 si
501 2129 572 2172 eam
594 2109 666 2173 loco
690 2130 755 2173 non
780 2109 918 2173 moveris
943 2112 975 2173 et
998 2108 1163 2174 infitiandi

149 2195 291 2259 animum
310 2195 441 2278 habeas,
460 2195 604 2281 plerique
622 2200 765 2261 veterum
782 2201 814 2262 et
830 2195 966 2262 Sabinus
983 2202 1015 2261 et
1029 2196 1163 2263 Cassius

149 2284 430 2366 ..responderunt
451 2306 672 2369 possessorem
696 2308 747 2350 me
771 2307 913 2369 manere,
937 2286 1013 2370 quia
1036 2287 1160 2350 furtum

149 2371 218 2436 sine
243 2373 496 2438 contrectatione
520 2374 589 2437 fieri
613 2396 677 2439 non
700 2377 809 2457 potest
831 2396 891 2440 nec
911 2375 1020 2440 animo
1040 2375 1163 2439 furtum

149 2461 347 2526 admittatur.
398 2465 404 2477 ‘

524 2568 574 2634 De
595 2571 790 2636 condictione.

240 2692 291 2758 13.
315 2691 353 2759 D.
367 2692 420 2778 44,
435 2692 465 2776 5,
481 2695 509 2777 1,
526 2695 575 2760 10.
614 2693 774 2778 Ulpianus
792 2695 877 2759 libro
897 2691 1163 2777 septuagensimo

149 2784 239 2846 sexto
265 2781 304 2845 ad
325 2781 464 2846 edictum
483 2781 532 2868 (P.
548 2780 660 2870 1684).
679 2821 721 2832 —-
741 2785 814 2850 ..si
832 2787 988 2867 patronus
1007 2782 1162 2846 libertum

150 2891 244 2932 suum
277 2869 475 2953 delegaverit
508 2873 673 2954 creditori,
706 2895 748 2952 an
781 2873 933 2936 adversus
961 2869 1163 2953 creditorem,

150 2955 202 3020 cui
226 2957 394 3041 delegatus
416 2959 566 3041 promisit
588 2961 752 3024 libertatis
776 2981 873 3024 causa
893 2958 1085 3041 onerandae,
1108 2980 1162 3022 ex·

150 3045 298 3127 ceptione
321 3043 387 3108 ista
409 3046 458 3109 uti
480 3049 594 3130 possit,
618 3048 792 3113 videamus.
835 3052 868 3113 et
885 3046 1032 3113 Cassium
1051 3045 1162 3111 existi·

150 3152 256 3196 masse
275 3131 426 3198 Urseius1
448 3134 548 3198 refert
571 3135 762 3202 creditorem
786 3137 914 3220 quidem
938 3137 1071 3201 minime
1090 3157 1162 3202 esse

149 3221 405 3286 submovendum
428 3223 628 3307 exceptione,
657 3226 733 3310 quia
756 3247 850 3290 suum
873 3224 1008 3309 recepit3
1037 3245 1161 3289 verum·

148 3312 260 3374 tamen
301 3310 454 3375 libertum
495 3316 633 3396 patrono
673 3336 769 3398 posse
807 3315 975 3380 condicere
1014 3314 1056 3394 [si
1094 3335 1161 3380 non

147 3399 379 3484 transigendae
402 3404 640 3466 controversiae
665 3404 771 3486 gratia
794 3405 825 3468 id
850 3403 951 3484 fccit].

207 3547 234 3625 Ὶ1
259 3572 307 3628 Fl.
326 3571 438 3630 Cassius
457 3575 631 3632 existimasse
649 3576 785 3634 Urseium.
