2602 3906
149 152 216 217 466
252 151 286 207 V.
305 149 454 206 NERVAE
473 149 519 203 ET
537 149 689 204 TRAIANI
707 148 814 202 TEMP.
832 147 927 220 IURIS
947 146 1124 202 CONSULTI

147 317 304 396 extitisset,
326 315 478 395 inemptus
499 314 592 396 fieret,
615 319 644 378 et
664 315 692 378 is
714 312 770 378 tibi
792 313 924 377 traditus
945 316 990 376 est
1011 315 1040 375 et
1050 316 1161 392 posteo

148 405 283 470 eondieio
305 404 485 484 emptionem
506 403 640 486 resotoit,
667 407 791 483 teman,
813 421 872 482 qno
894 400 979 482 opnd
998 405 1161 481 emptorem

146 494 220 576 fnit,
238 494 374 558 accedere
391 493 540 556 oenditori
557 492 659 556 debere
676 491 825 572 existimo,
843 491 988 571 qnoniam
1006 509 1038 553 eo
1052 509 1163 570 ponere

148 587 229 646 retro
252 587 322 646 octo
345 582 476 645 venditio
498 585 573 645 esset
593 580 789 645 redhibitioni
810 579 932 656 similis,
956 579 991 642 in
1013 598 1074 659 qno
1096 599 1162 642 non

148 671 252 736 dnbito
279 675 396 752 tempns
420 671 485 734 eins
507 670 561 750 qni
582 669 767 734 redhdrnerit
788 668 940 733 venditori
961 686 1161 749 oeeessnrnm,

147 761 296 842 qnoniam
314 758 556 842 (pnomqnomi)
575 779 609 821 eu
627 757 759 822 venditio
769 757 897 838 proprie
909 757 971 820 diei
983 776 1046 820 non
1053 759 1162 837 potest.

436 970 486 1035 De
507 971 664 1035 oerbornm
687 970 877 1051 obiiputione.

237 1096 268 1160 4.
291 1093 330 1159 D.
347 1093 508 1177 17,1,52.
547 1094 637 1159 Idem
662 1091 719 1180 (so.
737 1092 925 1178 Iavolenus)
947 1093 1033 1158 libro
1052 1093 1160 1178 primo

149 1183 383 1268 Epistularum.
401 1220 445 1230 —
465 1181 542 1264 Qnil
562 1185 628 1248 sine
645 1184 811 1247 adiectione
829 1183 974 1247 bonitatis
992 1183 1087 1247 tritioi
1098 1203 1162 1264 pro

149 1275 246 1339 altero
270 1273 405 1337 tritionm
427 1274 596 1354 spopondit,
619 1272 771 1356 qnodiibet
792 1273 928 1336 tritienm
950 1273 1053 1336 dando
1072 1291 1161 1334 renm

150 1363 281 1428 iiterore
298 1381 387 1442 posse
409 1362 565 1439 emistimo;
589 1382 609 1424 o
631 1382 681 1426 reo
703 1365 806 1425 ontem
828 1381 890 1424 non
913 1361 1003 1424 oiind
1024 1361 1162 1424 tritienm

148 1457 279 1532 repetere
301 1451 426 1534 poterit,
445 1459 546 1532 'quom
572 1471 630 1532 qno
653 1451 786 1532 pessimo
814 1450 913 1513 tritioo
937 1449 1065 1513 liberere
1086 1469 1118 1512 se
1140 1469 1161 1511 a

148 1541 329 1621 stipniotore
361 1539 455 1603 licerit.
500 1541 602 1621 itaque
631 1541 661 1603 si
687 1543 820 1620 porutns
844 1537 941 1618 fnerit
966 1557 1050 1622 rens,
1081 1537 1166 1618 qnod

148 1629 250 1694 dendo
281 1629 345 1709 ipse
377 1629 520 1693 creditori
552 1628 678 1692 li‘berori
705 1629 819 1709 potnit,
852 1627 999 1710 sponsori
1028 1627 1103 1690 dore
1134 1631 1163 1690 et

149 1713 301 1800 sponsor²
323 1717 358 1780 id
378 1719 459 1799 qnod
479 1717 602 1795 dederit,
625 1717 660 1781 id
680 1721 724 1781 est
739 1716 849 1781 meiins
866 1716 1003 1780 tritienm
1021 1715 1164 1800 eondieet,

148 1806 319 1887 exceptione
341 1826 410 1869 enm
432 1807 496 1870 doti
518 1805 596 1870 maii
618 1806 800 1870 summoveri
821 1805 969 1869 epistimo.

236 1924 329 1984 Leuel
356 1927 455 1985 notat:
487 1919 579 1984 ‘houd
606 1925 667 1985 seio
696 1945 735 1984 au
761 1925 920 1985 Iavolenus
948 1926 1004 1984 hoe
1031 1925 1096 1984 loeo
1124 1923 1164 1984 de
1290 1885 1291 1924 }

149 2013 270 2088 depensi
293 2014 410 2072 actione
434 2015 542 2089 egerit,
565 2015 684 2074 nonde
707 2007 913 2073 condietioue'.

237 2121 267 2188 5.
287 2122 325 2186 D.
336 2123 387 2205 12,
399 2125 427 2206 1,
437 2123 489 2188 36.
524 2122 693 2188 Iavolenus
709 2123 793 2188 libro
807 2125 912 2208 primo
926 2123 1162 2208 Epistularum.

148 2247 191 2258 —
215 2212 397 2296 Peenniom,
420 2231 513 2294 onom
536 2211 614 2298 miii
634 2213 702 2276 sine
723 2214 896 2278 eondieione
918 2213 1049 2292 debebas,
1072 2213 1162 2277 inssn
1290 2275 1291 2296 ,

147 2321 213 2365 meo
236 2301 406 2382 promisisti
427 2301 515 2365 Attio
539 2300 594 2365 snb
617 2303 797 2366 condicione.
833 2323 902 2366 enm
920 2303 1068 2385 pendente
1089 2321 1160 2365 eon-
1290 2347 1291 2356 η

148 2391 267 2455 dicione
293 2391 329 2454 in
355 2410 388 2454 eo
414 2395 498 2454 stotn
519 2390 563 2454 sit
583 2390 726 2473 obiipotio
750 2396 804 2455 tuo
825 2392 972 2456 adversus
994 2411 1054 2472 me,
1082 2395 1164 2454 tom·
1290 2459 1291 2490 ,

148 2500 243 2562 qnam
265 2480 320 2544 snb
343 2480 531 2543 eontroriom
553 2480 758 2544 condicionem
780 2501 848 2544 eom
868 2479 946 2543 miii
963 2479 1163 2562 spopondisti,
1290 2495 1291 2528 i

147 2569 177 2634 si
192 2570 343 2651 pendente
365 2569 538 2633 condicione
554 2572 671 2653 petum,
694 2589 737 2632 on
759 2568 841 2633 nnn
862 2572 989 2633 ootnrns
1010 2567 1101 2633 snm?

236 2657 421 2739 Respondit:
449 2678 511 2722 non
534 2658 649 2739 dnbito,
676 2659 753 2739 puin
775 2656 881 2742 [mJeo
898 2658 1042 2739 peonnio,
1065 2675 1166 2739 qnem-

147 2747 212 2827 'pse
238 2749 305 2811 sine
327 2747 501 2811 eondioione
522 2747 689 2828 stipntotns
711 2767 793 2829 snm,
820 2745 950 2830 [etiam]
973 2748 1002 2811 si
1024 2745 1160 2811 eondieio

146 2836 183 2898 in
199 2855 336 2917 persono
353 2836 446 2920 Attii,
468 2836 523 2917 qni
544 2855 582 2900 en
600 2856 668 2900 meo
686 2835 840 2900 ooinntote
857 2837 983 2900 eandem
994 2835 1163 2917 pecuniam

147 2923 203 2987 snt
230 2924 404 2988 eondioione
430 2924 596 3005 stipniotns
622 2930 677 3008 est,
704 2945 767 2988 non
791 2924 934 3001 estiterit,
962 2925 1078 2988 credito
1100 2942 1165 2987 esse

141 3016 340 3093 permoneot;
357 3013 487 3092 perinde
508 3017 553 3075 est
571 3014 661 3097 enim,
684 3033 720 3076 oo
738 3013 767 3077 si
784 3013 873 3077 nniio
890 3012 1049 3093 stipniotio
1067 3014 1161 3076 inter-

147 3100 284 3163 uenisset.
327 3101 476 3180 pendente
506 3105 608 3164 ontem
635 3121 729 3165 earne
755 3102 941 3166 condicionis
963 3102 1043 3166 idem
1059 3107 1165 3182 petere

147 3207 211 3250 non
226 3206 364 3270 possum,
387 3187 543 3268 qnoniam,
565 3208 634 3252 enm
657 3190 805 3253 ineertnm
822 3191 872 3271 sit,
895 3211 939 3254 on
956 3210 993 3254 en
1011 3211 1047 3255 eo
1064 3190 1165 3271 stipn-

144 3275 264 3348 lotione
286 3275 386 3339 deteri
401 3275 514 3357 possit,
537 3281 607 3340 onte
630 3282 746 3358 tempns
763 3283 864 3359 petere
885 3280 996 3343 videor.

220 3452 233 3500 1
257 3446 334 3502 Trib.
353 3447 542 3502 fideiussorem
563 3447 588 3501 si
605 3452 725 3506 restitnit
743 3454 894 3508 orationem
911 3453 1034 3508 Pernioe.

218 3525 234 3572 2
256 3517 331 3573 Trio.
352 3517 509 3574 fideiussori
527 3526 552 3575 et
570 3520 723 3576 fideiussor.
