2568 3912
178 248 243 312 582
545 245 820 302 ADDITAMENTA.

131 459 133 466 .
177 411 260 561 {int'
290 413 328 474 ut
352 410 378 473 si
402 409 483 475 vivis
507 410 600 476 nobis
624 414 806 495 nascantur,
829 411 862 474 in
885 413 1049 494 potestate
1073 416 1190 478 nostra

203 502 268 563 ant.

592 586 642 652 De
661 588 764 668 furtis.

266 685 318 749 40.
351 683 421 750 Gai
440 685 469 768 2,
488 684 539 749 51.
560 721 600 732 —
687 684 802 769 (oum)
820 685 993 770 inprobata
1013 688 1057 751 sit
1075 708 1188 752 eorum

180 775 349 856 sententia,
372 773 426 857 qui
450 773 634 855 putaverint
652 773 807 838 furtivum
830 774 963 840 fundum
987 775 1057 840 fieri
1081 797 1188 860 posse.

267 863 319 928 41.
353 861 424 927 Gai.
449 861 477 941 3,
504 861 589 928 184?
614 898 655 909 —
679 861 885 928 Manifestum
910 863 1031 929 furtum
1055 864 1187 947 quidam

179 951 212 1014 id
241 973 309 1016 esse
338 951 496 1033 dixerunt,
532 951 616 1034 quod
644 951 719 1015 dum
751 951 789 1015 fit
821 951 1075 1035 deprehenditur.
1131 954 1187 1017 alii

178 1059 254 1104 vero
278 1039 423 1122 ulterius,
450 1038 536 1122 quod
559 1060 596 1104 eo
625 1039 697 1104 looo
721 1039 971 1124 deprehenditur
992 1041 1049 1106 ubi
1072 1042 1111 1105 fit

177 1129 309 1194 illorum
337 1128 497 1193 sententia
524 1128 578 1213 qui
601 1129 878 1211 existimaverunt,
906 1130 1005 1194 donec
1027 1129 1187 1213 perferret

54 1225 57 1231 ’
178 1239 216 1282 00
250 1238 312 1301 quo
345 1217 396 1280 fur
427 1216 633 1301 destinasset,
670 1216 902 1300 deprehensum
933 1217 1056 1282 furtum
1086 1219 1187 1283 mani·

177 1305 297 1371 festum
321 1307 400 1388 esse,
430 1305 500 1370 ideo
524 1327 590 1369 non
614 1305 739 1371 videtur
761 1307 900 1389 probari,
928 1305 1004 1390 quia
1031 1327 1185 1391 magnam

177 1392 291 1479 recipit
337 1393 587 1479 dubitationem,
627 1397 735 1458 utrum
776 1395 870 1458 unius
908 1393 970 1458 diei
1007 1417 1049 1459 an
1085 1397 1184 1460 etiam

176 1485 317 1569 plurium
355 1483 477 1547 dierum
513 1483 619 1566 spatio
652 1483 685 1546 id
715 1483 952 1548 terminandum
990 1484 1072 1549 sit.
1109 1506 1185 1548 .ex

178 1572 302 1637 duabus
329 1572 439 1656 itaque
467 1571 685 1655 superioribus
715 1571 925 1724 opinionibus
948 1573 994 1637 alt
980 1576 1106 1637 0000000
1131 1574 1185 1638 ad-

177 1661 342 1744 probatur,
365 1661 468 1746 magis
496 1663 606 1724 tamen
633 1660 779 1749 plerique
806 1664 881 1744 0000
882 1661 1015 1726 eriorem
1035 1662 1184 1746 probant

266 1751 318 1814 42.
352 1747 422 1813 000
445 1750 476 1828 3,
498 1749 572 1813 200.
599 1784 644 1796 -
671 1749 851 1832 ..placuit
878 1771 949 1813 eum
978 1749 1033 1834 qui
1055 1771 1184 1816 servum

178 1858 270 1901 suum
299 1836 524 2010 (0000001000ἡ
527 1837 612 1902 bona
635 1799 697 1901 fide
713 1837 988 1991 0000000000,οα(1
1020 1860 1055 1903 se
1077 1860 1184 1903 rever·

178 1947 248 1990 sum
271 1947 406 1990 oeaver1
472 1929 524 1989 urt
525 1948 581 1990 um
604 1947 722 1991 commi
753 1947 805 1990 ere

265 2015 319 2078 43.
349 2012 463 2096 0003,
484 2013 616 2079 197.-
635 2014 809 2080 Placuit..
833 2036 888 2080 eos
908 2015 962 2100 qui
983 2015 1078 2080 rebus
1097 2037 1182 2081 eom·

178 2101 298 2167 modat
275 2106 317 2165 trs
340 2101 399 2166 alit
384 2104 434 2166 000
451 2065 619 2192 irterentur
637 2126 733 2188 qnam
752 2103 886 2168 utendas
906 2103 1114 2206 accepissent,
1137 2105 1184 2169 ita

177 2190 299 2254 furtum
322 2190 469 2255 committ
455 2196 531 2274 tere,
554 2213 583 2255 sr
574 2192 792 2276 'intellegant
777 2192 846 2256 tid
871 2212 905 2256 se
927 2192 1028 2257 invito
994 2192 1183 2258 tdomino

176 2279 295 2381 facere,
318 2300 467 2382 eumque,
495 2281 523 2345 si
545 2280 765 2362 intellexisset,
744 2287 853 2345 tnon
880 2281 1127 2367 permissurum3
1147 2288 1184 2345 ut

112 2377 113 2382 ’
177 2367 205 2433 00
227 2369 458 2453 permissurum
482 2368 621 2453 credant,
646 2391 683 2433 ex
685 2378 735 2434 tra
685 2369 836 2433 tfurti
860 2370 981 2434 crimen
1007 2369 1117 2434 videri.

266 2459 318 2523 44.
365 2455 435 2522 000.
461 2458 494 2542 3,
527 2458 601 2524 204.
634 2487 676 2504 -0
710 2507 742 2522 ..
768 2461 896 2522 constat
924 2459 1115 2523 creditorem
1143 2458 1181 2522 de

177 2549 313 2633 pignore
342 2546 494 2631 subrepto
522 2545 601 2610 furti
629 2566 725 2629 agere
752 2567 856 2630 posse,
884 2545 963 2612 adeo
985 2546 1124 2631 quidem,
1145 2550 1182 2612 ut

177 2637 325 2720 quamvis
348 2636 417 2719 0000
441 2635 602 2712 dominus,
632 2634 664 2698 id
689 2639 739 2699 000
760 2636 829 2718 0000
853 2634 992 2718 debitor,
1021 2657 1092 2700 eam
1114 2657 1181 2700 rem

178 2725 383 2808 subripuerit,
400 2724 501 2789 nihilo
520 2725 626 2788 minus
645 2723 796 2814 creditori
815 2727 978 2807 competat
997 2724 1082 2790 actio
1096 2724 1182 2790 furti.

530 2884 581 2949 De
603 2884 663 2966 lepa
684 2883 823 2965 Aquilio.

265 2980 317 3046 45.
354 2979 424 3046 Gai.
454 2983 485 3065 3,
507 2982 581 3046 219.
621 3017 659 3027 —-
694 3031 727 3046 ..
760 2980 882 3064 placuit
913 2981 960 3045 ita
988 2981 1116 3046 demum
1143 3003 1181 3046 ex

177 3067 243 3133 0000
270 3069 342 3154 lege
365 3069 422 3153 (so.
446 3066 592 3156 Aquilia)
616 3070 775 3134 actionem
799 3091 878 3154 esse,
902 3069 928 3133 si
952 3070 1025 3154 quis
1048 3091 1182 3154 corpore

177 3178 235 3221 suo
259 3157 412 3222 damnum
436 3158 568 3222 dederit.

463 3316 513 3380 De
534 3316 691 3382 verborum
713 3316 900 3400 oblipotione.

266 3419 317 3484 46.
347 3418 384 3483 D.
409 3419 461 3502 45,
485 3421 514 3501 3,
537 3421 589 3504 28,
613 3423 642 3486 2.
675 3420 775 3486 Gaius
807 3423 891 3486 libro
924 3424 1020 3489 tertio
1053 3424 1091 3488 de
1116 3444 1182 3488 rer-

68 3501 70 3505 ’
178 3508 293 3572 borum
321 3506 582 3590 obligationibus.
612 3545 652 3554 -
762 3531 834 3574 eum
861 3512 989 3595 placeat
1017 3512 1181 3577 dominum

179 3616 270 3660 servo
294 3593 364 3658 dari
387 3595 533 3678 stipulari
556 3619 659 3680 posse.
