2568 3912
71 113 72 122 Ν
170 163 235 228 580
533 158 810 214 scurrsunurn.

170 324 361 411 perveniret,
381 323 560 407 decesserit,
580 320 689 386 Sticho
709 322 841 386 libertas
859 324 1020 405 competet
1104 344 1182 386 nam

172 417 282 479 favore
305 411 465 477 libertatis
485 414 647 495 receptum
667 415 723 494 est,
746 414 782 474 ut
800 413 926 476 mortuo
944 409 1031 475 Titio
1050 415 1182 493 tempus

174 523 338 586 superesse
366 500 539 583 videretur,
568 520 630 583 quo
653 500 787 583 impleto
806 500 943 602 libertas
967 498 1184 584 contingeret.

536 659 586 724 De
607 665 690 724 statu
708 659 806 724 libero.

259 778 311 842 28.
340 774 408 841 Gai.
431 777 461 857 2,
484 775 557 839 200.
582 810 624 820 —
727 774 871 858 exemplo
901 777 989 839 statu
1012 773 1121 855 liberi,
1149 773 1183 838 id

173 870 221 931 est
249 867 315 930 eius
345 864 430 930 servi
458 864 513 947 qui
540 866 733 928 testamento
761 863 820 927 sub
854 863 961 945 aliqua
992 862 1181 927 condicione

172 955 255 1020 liber
283 975 352 1018 esse
384 954 490 1017 iussus
523 955 585 1036 est3
617 974 712 1036 quem
743 955 871 1016 constat
900 951 1025 1016 interea
1052 951 1181 1016 heredis

172 1065 300 1110 serrum
324 1063 400 1106 esse.

488 1128 538 1194 De
561 1129 737 1194 libertorum
759 1128 852 1194 berria

260 1247 313 1313 29.Ὶ
342 1246 410 1310 Gai.
424 1247 454 1320 3,
470 1245 519 1309 69.
540 1281 583 1293 -
607 1242 757 1309 ...illud
777 1292 806 1309 ..
826 1248 975 1308 constare
995 1244 1131 1328 ridetur,
1155 1244 1182 1308 si

174 1339 259 1402 solos
283 1335 403 1399 liberos
424 1356 461 1398 ex
480 1334 662 1417 disparibus
681 1334 827 1417 partibus
846 1337 1002 1416 patronus
1026 1332 1182 1416 <heredes

172 1424 359 1504 instituerit,
394 1444 432 1487 ex
464 1422 565 1487 isdem
595 1422 743 1505 partibus
772 1422 858 1486 bona
884 1420 1006 1506 Latini,
1038 1421 1067 1486 si
1094 1421 1182 1507 patri

171 1514 304 1579 heredes
328 1512 501 1595 exis>lant,
525 1510 565 1575 ad
589 1532 643 1576 eos
666 1511 825 1593 pertinere

506 1687 556 1752 Dc
571 1692 679 1770 patric
696 1692 847 1770 potestate.

262 1805 314 1870 30.
338 1803 408 1870 Gai.
433 1803 461 1886 l,
481 1803 532 1868 89.
556 1837 598 1850 -
627 1853 660 1868 ..
683 1802 821 1886 placuit,
844 1803 871 1866 si
896 1803 1013 1867 cucilla
1042 1824 1081 1867 ex
1113 1803 1181 1868 cive

173 1893 319 1957 Romano
348 1891 539 1974 conceperit,
567 1890 678 1956 deinde
706 1893 905 1956 manumissa
933 1893 1104 1977 pepererit,
1128 1892 1181 1975 qni

173 1981 313 2046 nascitur
337 1980 473 2044 liberum
497 1982 593 2044 nasci.
1127 2058 1132 2069 Ι

263 2068 314 2133 31.
339 2068 407 2133 Gai.
434 2071 460 2151 1,
482 2069 553 2132 101.
580 2104 618 2114 -
644 2119 673 2134 ..
696 2089 753 2153 per
777 2068 931 2152 populum
955 2068 1093 2134 feminae
1116 2091 1181 2134 non

176 2158 381 2242 adoptantur,
404 2179 478 2221 nam
502 2157 534 2220 id
558 2158 663 2242 magis
686 2158 817 2242 placuit.

588 2317 639 2382 De
660 2337 766 2382 mccc.

263 2426 314 2490 32.
339 2423 406 2489 (iai.
419 2426 447 2508 1,
460 2421 551 2489 11512.
566 2459 607 2472 -
684 2424 711 2487 si
728 2423 858 2488 omnino
874 2422 1018 2507 qualibet
1032 2444 1070 2487 ex
1085 2444 1180 2488 causa

176 2537 256 2580 uxor
279 2516 313 2578 in
337 2536 434 2579 manu
452 2515 514 2578 viri
533 2514 584 2586 sit,
607 2513 729 2599 placuit
748 2535 818 2576 eam
836 2512 922 2576 filiae
941 2511 1013 2576 iura
1031 2511 1180 2576 nancisci.

257 2691 307 2756 De
325 2697 472 2775 eruptione
493 2691 662 2755 venditione
684 2695 712 2754 et
735 2690 880 2754 locotione
901 2689 1103 2754 conductione.

264 2806 315 2872 33.
348 2805 415 2871 Gai.
449 2807 478 2889 3,
514 2807 584 2871 146.
618 2841 660 2852 -
767 2805 831 2868 iam
861 2857 888 2869 ..
919 2826 983 2868 non
1016 2804 1180 2870 dubitatur
1263 2807 1264 2860 ἓ

178 2894 254 2978 quin
280 2895 339 2958 sub
363 2894 547 2960 condicione
570 2915 621 2958 res
644 2894 745 2958 ueniri
769 2897 824 2957 aut
846 2892 945 2958 locari
966 2893 1103 2976 possint.
1263 2905 1264 2940 r

265 2984 316 3048 34.
341 2983 379 3047 D.
405 2983 454 3067 19,
478 2983 506 3065 2,
529 2985 559 3067 2,
585 2985 610 3048 1.
658 2980 758 3047 Gaius
786 2983 870 3046 libro
899 2982 1039 3047 secundo
1063 2982 1180 3047 Rerum
1263 3061 1264 3068 ἵ

177 3068 443 3135 Cottidianarum.
479 3108 517 3118 -
550 3069 640 3135 Adeo
760 3069 1015 3135 familiaritatem
1040 3071 1180 3156 aliquam
1263 3101 1264 3104 ¹

176 3159 294 3222 habere
308 3158 455 3223 videntur
470 3160 589 3242 emptio
609 3163 641 3224 et
655 3159 806 3242 venditio,
828 3159 906 3224 item
921 3159 1040 3224 locatio
1060 3163 1094 3223 et
1108 3181 1181 3224 con·

178 3247 299 3328 ductio,
327 3250 364 3310 ut
391 3248 424 3310 in
454 3247 644 3331 quibusdam
673 3248 782 3331 quaeri
806 3248 908 3312 soleat
931 3251 1039 3311 utrum
1063 3248 1180 3332 emptio

177 3339 209 3398 et
231 3333 372 3399 venditio
397 3334 439 3398 sit
462 3357 504 3418 an
517 3335 634 3400 locatio
659 3342 692 3399 et
714 3336 894 3419 conductio,
916 3339 954 3399 ut
973 3357 1044 3401 ecce
1064 3338 1092 3401 ai
1111 3358 1182 3402 cnm

178 3422 307 3487 aurifice
330 3422 412 3485 mihi
431 3423 622 3507 convenerit,
641 3427 678 3488 ut
695 3425 722 3488 is
743 3446 781 3488 ex
799 3445 951 3490 aurosne
970 3425 1083 3490 anulos
1103 3424 1182 3489 mihi

177 3510 296 3574 faceret
327 3511 406 3574 certi
434 3511 583 3594 ponderis
617 3517 783 3595 certaeque
816 3513 936 3578 formae
969 3516 1001 3576 et
1025 3518 1183 3597 acceperit
