2580 3900
507 213 531 262 2.
550 205 711 263 PEGASUS
1045 206 1108 270 207

101 393 171 437 esse
194 370 350 456 incipere,
377 392 450 435 cum
474 370 514 435 ad
537 391 610 435 eam
633 374 774 435 aetatem
796 370 1020 457 pervenerint,
1047 393 1111 456 qua

102 461 226 526 domari
249 460 363 525 solent.

191 549 243 613 15.
266 547 305 614 D.
318 549 372 630 41,
388 550 416 629 1,
431 547 485 613 41.
525 547 687 632 Ulpianus
705 547 790 614 libro
809 569 894 614 nono
913 547 954 612 ad
972 549 1112 614 edictum

104 637 150 724 (P.
169 636 261 722 332).
288 675 332 686 —
360 635 492 702 Statuas
523 637 558 702 in
590 635 721 701 civitate
747 637 872 721 positas
900 637 1019 702 civium
1046 659 1113 703 non

103 749 183 810 esse,
205 727 300 812 idque
324 725 493 791 Trebatius
517 730 550 791 et
569 725 726 810 Pegasum
750 726 826 790 dare
848 730 957 791 tamen
982 748 1113 812 operam

103 819 286 901 praetorem
305 818 463 899 oportere,
485 818 532 898 ut,
555 815 640 898 qnod
659 835 698 879 ea
715 816 823 879 mente
837 816 870 879 in
884 815 1014 898 publico
1028 815 1113 900 posi-

102 911 171 970 tum
195 908 255 987 est,
277 926 318 968 ne
340 905 452 969 liceret
473 904 600 986 privato
620 903 745 968 auferre
763 924 822 967 nec
840 904 870 968 ei
888 905 943 986 qui
961 905 1114 987 posuerit.

192 993 244 1059 16.
276 992 381 1072 D.41‚
398 995 426 1070 1,
440 993 492 1074 27,
506 993 536 1058 2.
582 992 779 1076 Pomponius
808 992 893 1058 libro
923 993 1112 1079 brigensimo

104 1083 142 1148 ad
173 1081 329 1148 Sabinum
357 1081 405 1165 (P.
427 1076 516 1166 750).
539 1119 583 1129 -
606 1079 687 1146 (lum
714 1085 823 1166 partes
852 1081 986 1146 duorum
1014 1083 1113 1147 domi-

103 1193 218 1238 norum
238 1170 411 1235 ferrumine
431 1170 632 1253 cohaereant,
651 1169 803 1235 haecum
823 1174 1029 1255 quaereretur
1046 1172 1114 1236 utri

106 1261 230 1343 cedant,
253 1258 385 1327 Cassius
408 1258 456 1323 ait
477 1281 536 1343 pro
559 1259 710 1344 portione
732 1259 780 1325 rei
804 1259 1038 1326 aestimandum
1061 1260 1113 1324 vel

104 1371 161 1434 pro
190 1349 298 1432 pretio
326 1348 478 1433 cuiusque
507 1348 618 1432 partis.
665 1348 720 1414 sed
748 1348 776 1412 si
803 1353 920 1413 neutra
947 1349 1040 1413 alteri
1065 1370 1114 1413 ac·

11 1479 12 1482 =
104 1437 243 1502 cessioni
268 1440 330 1520 est,
356 1435 530 1522 videamus,
552 1458 593 1502 ne
617 1440 674 1502 aut
695 1437 862 1521 utriusque
887 1459 956 1502 esse
980 1438 1114 1502 dicenda

104 1527 153 1610 sit,
178 1524 275 1590 sicuti
293 1546 401 1590 massa
418 1525 561 1610 confusa,
584 1529 642 1590 aut
660 1525 738 1609 eius,
757 1527 846 1590 cuius
866 1527 994 1592 nomine
1014 1526 1113 1590 ferru-

11 1623 12 1670 1
104 1616 230 1679 minata
252 1617 310 1678 est.
347 1613 404 1678 sed
421 1613 577 1680 Proculus
601 1617 634 1679 et
653 1614 795 1699 Pegasus
814 1614 1003 1679 existimant
1022 1635 1113 1679 suam

105 1703 258 1787 cuiusque
281 1724 348 1767 rem
371 1725 510 1769 manere.

435 1881 485 1947 De
505 1882 552 1946 rei
573 1880 788 1946 vindicatione.

194 2006 245 2071 17.
273 2003 312 2068 D.
332 2004 457 2088 6,1,9.
501 2003 661 2088 Ulpianus
689 2003 772 2070 libro
801 2008 894 2070 sexto
922 2005 1050 2071 decimo,
1073 2006 1114 2070 ad

103 2095 243 2161 edictum
268 2091 316 2178 (P.
331 2092 422 2178 551).
437 2130 480 2142 -
499 2093 649 2159 Officium
668 2141 698 2160 ..
716 2093 831 2159 iudicis
854 2095 888 2158 in
908 2093 969 2159 hac
988 2094 1114 2160 actione

103 2181 159 2270 (sc.
188 2183 237 2248 rei
264 2182 494 2270 vindicatione)
521 2184 556 2248 in
578 2182 641 2247 hoc
664 2183 740 2264 erit,
768 2187 805 2248 ut
830 2183 925 2247 iudex
951 2183 1113 2268 inspiciat,

103 2295 144 2337 an
162 2294 237 2337 reus
256 2271 429 2355 possideat
461 2292 519 2336 nec
538 2271 578 2336 ad
596 2293 664 2335 rem
679 2271 863 2356 pertinebit,
881 2293 921 2336 cx
935 2294 999 2357 qua
1017 2294 1115 2338 causa
1174 2305 1180 2314 ·

103 2361 283 2446 possideat,
309 2360 365 2424 ubi
389 2360 475 2425 enim
497 2361 632 2445 probavi
655 2382 722 2425 rem
746 2383 851 2425 meam
875 2383 960 2445 esse,
983 2383 1114 2426 necesse

103 2449 239 2517 habebit
261 2469 429 2533 possessor
451 2450 635 2532 restituere,
663 2450 718 2533 qui
741 2470 808 2514 non
832 2449 951 2514 obiecit
973 2450 1112 2534 aliquam

104 2538 336 2622 exceptionem.
381 2536 512 2623 quidam
534 2542 654 2620 tamen,
670 2541 713 2602 'ut
736 2538 888 2621 Pegasus,
914 2559 986 2601 eam
1009 2540 1112 2603 solam

103 2627 342 2712 possessionem
380 2628 578 2711 putaverunt
618 2626 700 2691 hano
739 2629 898 2692 actionem
935 2626 1115 2710 complecti,

104 2739 186 2801 quae
224 2716 330 2781 locum
362 2715 463 2780 habet
494 2716 527 2780 in
560 2716 731 2780 interdicto
768 2718 816 2779 uti
852 2713 1027 2798 possidetis
1065 2717 1115 2780 vel

103 2804 223 2870 utrubi.
270 2803 406 2889 denique
435 2805 482 2869 ait
510 2806 551 2870 ab
581 2827 632 2886 eo,
660 2804 744 2888 apud
773 2826 868 2888 quem
897 2803 1043 2887 deposita
1065 2807 1115 2868 est

104 2895 154 2971 ¹vel
184 2893 389 2959 commodata
413 2894 465 2958 vel
488 2894 543 2979 qui
566 2893 753 2959 conduxerit
776 2898 832 2958 aut
854 2893 910 2978 qui
932 2894 1114 2976 legatorum

105 2981 337 3048 servandorum
377 3005 474 3047 causa
510 2983 560 3047 vel
598 2983 682 3048 dotis
713 2983 877 3048 ventrisve
913 2982 1042 3047 nomine
1080 2984 1115 3048 in

107 3073 313 3155 possessione
345 3075 432 3136 esset
464 3072 514 3135 vel
542 3072 593 3136 oui
620 3071 729 3135 damni
756 3070 866 3137 infecti
893 3071 1023 3136 nomine
1050 3094 1115 3137 non

106 3161 292 3244 cavebatur,
316 3161 392 3244 quia
411 3159 447 3224 hi
465 3182 577 3226 omnes
595 3182 661 3225 non
679 3161 855 3246 possident,
878 3160 1032 3225 vindicari
1050 3183 1115 3227 non

104 3271 206 3332 posse.

446 3355 495 3422 Dc
515 3355 774 3439 stiprulub'ouibua

196 3483 246 3548 18.
274 3479 312 3546 D.
327 3480 380 3565 45,
396 3483 424 3564 1,
440 3481 503 3547 138
513 3501 559 3564 pr.
608 3479 700 3544 Idem
729 3478 785 3565 (sc.
814 3475 1003 3563 Venuleius)
1031 3478 1114 3542 libro

107 3574 223 3654 quarto
248 3567 503 3654 Stipnlstionum
528 3565 577 3655 (P.
598 3566 664 3654 60).
692 3603 727 3614 -
758 3567 842 3632 Eum
872 3568 927 3648 qui
955 3569 1113 3629 certarum
