2570 3904
394 192 418 238 4.
439 183 468 239 0.
483 183 630 240 CASSIUS
649 184 834 239 LONGINUS
1079 186 1120 251 51

105 349 241 502 oollprtia
274 352 308 412 et
340 349 516 432 emplastra
545 354 577 412 et
605 352 711 413 uetera
739 349 806 412 eius
835 349 961 433 generis
990 347 1121 415 Cassius

106 459 166 502 ser1
190 460 225 500 1.

193 550 231 608 of.
254 548 333 607 Plin.
357 567 386 606 n.
409 549 436 606 h.
459 550 593 620 34,108
627 548 687 606 iam
719 592 751 606 ..
785 550 865 608 faeta
896 550 1058 626 emplastra
1090 553 1121 610 et

106 639 232 715 collyria
248 641 426 696 mereantur.
458 636 543 698 Paul.
559 637 587 695 S.
601 637 656 709 HI,
672 640 700 713 6,
716 639 764 696 62.
797 637 998 698 instrumento
1013 639 1120 698 medioi

106 728 206 803 legato
232 726 360 802 collyria
382 728 413 784 et
436 726 599 801 emplastra
622 728 653 784 et
671 729 833 800 apparatus
853 727 947 786 omnis
966 727 1120 786 conficien-

107 815 211 875 dorum
231 814 526 892 medicamentorum,
545 815 676 889 itemque
690 815 870 873 ferramenta
883 817 983 892 legato
1003 817 1120 876 eadunt.

456 991 515 1049 -De
531 993 646 1066 peralto
668 993 767 1066 leuato.

195 1109 249 1175 59.
287 1107 325 1173 D.
348 1110 401 1192 40,
425 1110 455 1193 7,
478 1109 529 1192 28,
555 1111 582 1175 1.
636 1108 807 1175 Iavolenus
841 1110 924 1175 libro
957 1114 1047 1174 sexto
1081 1132 1119 1175 ex

107 1199 223 1264 Cassio
246 1197 295 1283 (P.
306 1195 374 1283 22).
392 1234 437 1244 -
456 1196 640 1283 statuliber,
664 1205 836 1284 antequam
860 1198 1003 1263 condicio
1026 1199 1121 1263 liber·

106 1399 270 1442 cessurum
298 1376 333 1440 in
361 1375 453 1440 libris
482 1374 556 1441 Gaii
583 1374 688 1441 Cassii
716 1374 873 1460 seriptum
902 1380 964 1460 est,
993 1376 1058 1440 uisi
1085 1377 1119 1440 id

105 1467 252 1552 legatum
275 1466 310 1528 in
332 1468 460 1549 tempus
482 1463 644 1529 libertatis
667 1465 821 1530 oollutum
845 1469 939 1531 esset.

453 1640 502 1706 De
523 1643 774 1724 fidecommissis.

199 1757 252 1824 60.
271 1756 504 1841 D.35,1,43pr.
541 1757 660 1822 Paulus
674 1759 759 1822 libro
774 1762 888 1822 oetavo
904 1757 942 1820 ad
956 1756 1120 1822 Plautium

11 1851 12 1860 ’
109 1844 158 1933 (P.
181 1843 292 1932 1156).
320 1881 362 1892 —
390 1845 536 1910 Plautius
555 1894 563 1911 .
582 1845 730 1930 Rogatus
760 1850 810 1910 est
836 1845 928 1910 heres
956 1868 975 1910 a
1002 1846 1117 1911 liberto

107 1941 277 2015 testatore,
305 1938 343 1999 ut
369 1935 529 2018 perceptis
558 1935 621 1999 sibi
647 1935 756 2000 decem
780 1939 883 2000 totam
909 1935 1118 1999 hereditatem

109 2024 311 2106 revenderet3
329 2027 442 2107 postea
460 2027 617 2105 patronus
636 2023 778 2088 defuncti
794 2025 951 2088 bonorum
965 2026 1120 2107 possessi·

110 2135 203 2177 onem
235 2117 348 2178 contm
379 2113 507 2176 tabulas
540 2113 679 2194 petierat
711 2117 743 2177 et
770 2117 894 2196 partem
920 2111 1118 2198 hereditatis,

107 2223 186 2286 quae
223 2200 413 2285 debebatur,
445 2200 632 2265 abstulerat.
681 2200 835 2266 Proculus
867 2198 997 2266 Cassius
1030 2202 1118 2266 fidei-

106 2290 365 2355 commissarium
397 2311 456 2373 pro
488 2292 560 2354 rata
592 2290 677 2374 quod
705 2289 803 2355 solvit
830 2296 974 2372 repetere
1001 2290 1115 2355 debere

105 2380 203 2444 aiunt.

192 2468 245 2533 61.
275 2465 314 2532 D.
329 2465 382 2550 35,
396 2467 426 2549 2,
440 2466 491 2531 31.
527 2466 725 2550 Pomponius
748 2467 832 2531 libro
858 2467 996 2532 seeundo
1015 2465 1117 2532 Fidei-

104 2557 350 2621 eommissorum
388 2553 437 2640 (P.
460 2552 551 2641 215).
584 2592 628 2603 -
659 2605 699 2621 ..
737 2554 910 2620 seeundum
942 2553 1047 2621 (lossii
1084 2561 1116 2619 et

104 2650 249 2710 veterum
264 2643 457 2728 opinionem,
472 2643 500 2707 si
516 2645 668 2728 spupillo
679 2643 926 2709 fideicommissa
935 2642 1116 2726 capiuntur,

101 2737 236 2818 propter
259 2754 307 2815 ea,
330 2753 411 2817 quae
435 2755 455 2797 a
478 2732 657 2798 substituto
676 2734 771 2796 eruut
788 2731 910 2812 relicta,
933 2752 1044 2795 cavere
1064 2729 1115 2795 de-

57 2829 62 2838 '
102 2823 192 2887 bebit
210 2822 239 2886 is
258 2820 309 2886 oui
328 2821 480 2886 solvatur.
516 2842 593 2884 nam
612 2819 758 2905 quumvis
772 2818 922 2903 repetitio
938 2819 981 2883 sit
995 2841 1115 2902 eorum,

102 2932 183 2995 quae
202 2909 444 2976 fideicommissi
463 2910 594 2974 nomine
610 2931 675 2975 non
691 2907 800 2974 debita
815 2910 987 2993 solventur,
1005 2912 1116 2975 tamen

103 3000 261 3065 satisdato
289 3002 419 3064 euutum
445 2998 540 3063 debet
568 3020 637 3064 esse
665 2999 707 3079 ei,
741 3020 760 3063 a
788 3020 852 3083 quo
879 2998 1013 3081 pecunia
1039 3021 1114 3082 pro·

102 3088 313 3173 ficiseeretur,
340 3108 382 3151 ne
405 3087 556 3153 damnum
581 3088 701 3153 sentiat
723 3087 888 3152 deficiente
912 3109 964 3170 eo,
989 3087 1040 3152 eui
1062 3110 1113 3154 so-

101 3177 205 3242 lutum
228 3177 299 3242 erit.

225 3334 275 3400 De
297 3335 432 3413 libertate
453 3335 559 3400 relicto
580 3341 609 3401 et
629 3337 665 3401 de
687 3335 989 3402 mouume'sstoaabas.

191 3452 242 3516 62.
265 3450 446 3535 1141111,
459 3451 487 3513 1.
531 3449 689 3534 Ulpianus
711 3451 796 3516 libro
820 3454 934 3534 quarto
959 3450 999 3514 ad
1022 3447 1111 3512 Sabi·

101 3562 178 3605 num
208 3539 258 3625 (P.
277 3536 403 3625 24552).
434 3575 472 3585 —
503 3589 532 3607 ..
564 3539 593 3603 si
624 3539 800 3622 impuberis
831 3537 952 3688 tepplis
978 3535 1111 3599 libertas
