2602 3906
175 241 243 307 474
278 242 311 298 V.
331 241 478 297 NERVAE
497 240 543 295 ΕΤ
561 240 713 296 TRAIANI
731 241 837 299 TEMP.
855 240 952 296 IURIS
970 238 1149 296 CONSULTI

545 423 595 488 De
616 424 809 506 usucapione.

263 539 316 604 26.
338 537 377 603 D.
387 539 440 622 41,
454 539 484 623 3,
498 539 549 603 20.
581 538 671 603 Idem
687 538 744 624 (so.
763 535 950 624 Iavolenus)
965 537 1048 602 libro
1063 540 1183 621 quarto

173 626 403 711 Epistularum.
426 664 471 674 -
494 628 649 693 Possessio
676 629 827 694 testatoris
848 629 894 692 ita
916 626 1018 692 tiereeii
1036 628 1184 712 procedit,

172 718 202 782 si
224 717 322 782 medio
345 722 474 798 tenpore
496 738 517 780 a
539 718 625 782 unito
642 736 784 799 possessu
806 721 857 781 est.

544 911 594 977 De
606 912 807 978 servitutibus.

262 1029 314 1092 27.
343 1027 550 1108 Ι).8,1,12.
599 1026 769 1091 Iavolenus
796 1026 880 1091 libro
908 1031 1023 1112 quarto
1046 1025 1181 1110 Epistu-

172 1117 286 1184 larum.
301 1153 343 1164 -
358 1117 433 1182 Non
451 1118 562 1194 dubito,
580 1117 657 1198 quin
673 1116 771 1197 fundo
789 1117 980 1198 municipum
989 1137 1047 1198 per
1059 1135 1182 1182 sunum

104 1281 105 1285 Ἰ
170 1212 248 1271 recte
269 1207 398 1271 seruitus
421 1207 615 1288 adquiratur.

592 1424 700 1483 Liber
722 1423 758 1484 v.
846 1397 850 1404 ’

587 1533 637 1599 De
659 1535 768 1599 intotis.

261 1649 312 1714 28.
345 1647 383 1714 D.
403 1650 455 1730 27,
473 1648 503 1732 5,
527 1650 555 1714 3.
601 1649 770 1715 Iavolenus
798 1648 883 1713 libro
911 1648 1023 1732 quinio
1045 1648 1181 1731 Epistu-

171 1738 285 1802 larum.
307 1773 344 1784 -
371 1737 499 1821 Quaero,
521 1759 564 1803 an
582 1739 610 1802 is
627 1739 689 1820 qui,
709 1758 778 1803 ouon
796 1742 878 1802 tutor
896 1742 1070 1802 testamento
1087 1739 1181 1803 datus

169 1830 246 1892 esset
270 1830 299 1890 et
324 1827 359 1890 ut
383 1828 485 1908 ipsum
511 1828 680 1910 peieraret,
707 1848 768 1910 pro
796 1831 892 1891 tutone
918 1828 1039 1910 nepotia
1059 1827 1181 1910 pupilli

166 1916 301 1998 possuit,
323 1917 414 1997 quasi
436 1921 517 1980 tuton
539 1937 582 1980 an
604 1917 695 1998 qnasi
714 1936 772 1997 pro
795 1920 891 1980 tuotone
908 1916 1029 1998 nepotia
1044 1917 1180 2002 pessenit,

41 2056 43 2060 ,
172 2009 317 2068 uncatur.

260 2091 444 2174 Respondit:
462 2114 526 2158 non
537 2099 615 2176 puto
633 2095 728 2157 teneri
744 2094 836 2174 quasi
854 2097 990 2176 tutorem,
1007 2093 1084 2174 quia
1101 2094 1181 2157 scire

169 2200 286 2264 quoqne
307 2202 338 2246 se
360 2186 488 2247 tutorem
510 2203 571 2247 esse
592 2182 682 2264 deba,
704 2186 739 2246 ut
759 2202 792 2246 eo
814 2181 926 2261 affeetu
943 2183 1064 2264 nepotia
1078 2187 1178 2266 perat,

169 2291 229 2353 qno
252 2275 333 2335 tuton
352 2292 455 2354 perere
476 2272 586 2336 debeat.

584 2488 692 2548 Liber
714 2487 765 2548 VI.

580 2598 630 2664 De
652 2600 765 2682 tepatis.

258 2716 311 2781 29.
333 2714 372 2781 D.
383 2715 434 2795 34,
445 2715 474 2798 3,
484 2716 514 2780 6.
550 2715 721 2780 Iavolenus
739 2714 822 2778 libro
842 2717 932 2779 sexto
946 2713 1180 2798 Epistularum.

259 2816 283 2865 1.
311 2805 387 2869 Post
408 2806 679 2889 emancipationem
701 2824 770 2869 vero
791 2805 853 2886 filii
873 2809 998 2868 eatenus
1012 2803 1142 2886 pater(
1170 2853 1179 2869 .

167 2894 219 2957 cui
246 2893 384 2958 liberatio
412 2893 512 2975 iepata
538 2895 595 2975 est)
621 2894 767 2958 actionem
790 2892 919 2975 nabun,
946 2898 1096 2973 quatenus
1117 2892 1178 2956 aie

168 2982 245 3062 quid
270 3002 307 3045 en
327 2982 448 3063 poentio
474 2986 530 3045 aut
556 2983 590 3045 in
617 3002 679 3045 ren
708 3001 791 3046 verso
812 2985 1029 3063 praestaturus
1055 2985 1114 3058 est,·
1142 2981 1180 3045 u

167 3071 250 3133 enion
273 3070 440 3151 tepatorunn
462 3070 585 3134 nomine
607 3070 650 3134 aet
664 3074 788 3151 patrem
806 3069 980 3153 pertinebit,
1008 3069 1090 3150 quod
1110 3069 1179 3135 eius

168 3158 315 3222 intererit.

257 3258 281 3306 2.
313 3245 403 3310 Illud
427 3248 535 3327 quaeri
551 3251 663 3329 potest,
689 3267 733 3310 an
755 3266 788 3310 eo
809 3267 924 3328 qnoque
946 3246 1069 3310 nomine
1085 3251 1179 3328 pater

166 3353 204 3398 en
227 3338 400 3398 testamento
422 3354 509 3416 apere
525 3335 633 3419 possit,
654 3338 690 3398 ut
709 3335 803 3398 etiam
824 3336 910 3417 {iiius
932 3336 1050 3399 actione
1072 3335 1179 3400 tibere·

167 3427 228 3488 tur.
268 3422 449 3503 quibusdam
471 3443 503 3486 eo
521 3441 615 3504 usque
632 3424 753 3488 catenati
770 3425 918 3488 actionem
930 3423 1079 3506 placebat,
1100 3425 1178 3506 quia

162 3511 266 3592 patris
292 3511 433 3575 interesse
458 3511 610 3593 uideatur,
635 3513 665 3577 si
684 3512 842 3594 peantium
867 3512 933 3593 filio
949 3516 1023 3594 post
1043 3513 1177 3577 emanci-

160 3601 320 3680 pationem
352 3601 551 3679 concessisset,
588 3601 741 3684 inteprum
773 3599 860 3684 [ius]
892 3601 958 3665 eius
983 3621 1177 3683 permanere.
