2580 3900
18 323 20 386 l

18 419 20 464 l

18 465 19 504 l

18 515 20 636 l

504 210 544 260 10.
563 203 732 259 FUFIDIUS
1061 205 1124 270 195

18 391 19 410 ¹
112 369 203 433 aliter
231 368 313 432 mihi
340 366 494 432 adversus
522 370 554 432 te
583 366 722 433 dandam
745 367 949 452 petitionem,
977 389 1073 452 quam
1098 368 1127 433 si

111 458 256 542 legatum
278 455 451 522 redderem.

508 615 559 680 De
579 615 729 681 arbitria

198 742 252 806 22.
283 739 324 806 D.
342 742 372 821 4,
387 741 416 818 8,
430 741 482 822 21,
496 739 526 806 9.
575 737 735 823 Ulpianus
763 739 847 804 libro
874 740 971 806 tertio
1000 741 1126 808 decimo

18 839 19 848 ’
114 831 151 894 ad
178 831 322 896 edietum
344 828 394 915 (P.
407 826 497 916 460).
522 863 560 876 -
587 830 621 894 ei
650 827 721 911 quis
744 850 783 892 ex
805 829 1027 913 litigatoribus
1052 830 1124 896 ideo

112 941 174 984 non
202 918 356 1001 adfuerit,
383 917 469 1003 quod
496 915 677 983 valetudine
704 917 756 981 vel
783 917 1003 1001 reipublicae
1026 941 1125 985 causa

18 1063 19 1102 3
113 1007 258 1074 absentia
284 1007 458 1091 impeditus
487 1007 530 1071 sit
557 1010 614 1071 aut
641 1007 836 1090 magistratu
864 1009 920 1070 aut
948 1008 1013 1071 alia
1037 1007 1124 1073 iuste

112 1097 148 1161 de
165 1119 270 1179 causa,
289 1117 426 1180 poenam
441 1095 599 1160 committi
612 1093 767 1160 Proculus
781 1099 814 1159 et
828 1094 1002 1160 Atilicinus
1017 1097 1124 1182 aiunt,

18 1245 19 1248 ,
113 1186 164 1250 sed
187 1187 215 1250 si
238 1187 373 1269 paratus
397 1185 440 1248 sit
460 1185 496 1248 in
517 1183 651 1249 eundem
670 1183 940 1267 compromittere,
962 1184 1121 1248 actionem

113 1274 261 1358 denegari
286 1278 342 1338 sut
364 1273 550 1356 exceptione
572 1275 679 1336 tutum
703 1271 779 1338 fore.

460 1677 523 1760 lt.
551 1681 774 1755 FUFIDIUS

196 1847 249 1924 qui
276 1845 350 1904 iuris
372 1845 488 1920 peritus
510 1863 530 1903 a
553 1843 644 1922 Gaio,
670 1845 825 1918 Africano,
852 1844 947 1905 Paulo
970 1844 1121 1916 landatur,

110 1956 173 1996 cum
199 1934 304 1996 Sabini
327 1938 357 1994 et
378 1933 515 1994 Atilicini
536 1951 682 2009 responsa
699 1933 868 2010 rettulisse,
896 1934 997 1994 Nerva
1020 1935 1121 1993 autem

109 2025 186 2086 filius
219 2027 324 2084 contra
355 2025 445 2099 atque
476 2021 527 2081 ille
560 2022 688 2082 sensisse
716 2023 835 2083 dicatur
862 2014 912 2103 (D.
931 2024 983 2098 40,
1004 2025 1032 2099 2,
1053 2016 1121 2102 25),

109 2115 196 2174 huius
226 2111 360 2188 aequalis
391 2129 456 2171 esse
483 2111 669 2186 Neronisque
696 2113 839 2189 principis
873 2113 972 2171 aetate
1001 2111 1120 2171 videtur

109 2204 215 2264 vixisse
239 2194 378 2283 (Perdice
401 2200 417 2258 I
441 2203 506 2261 280
528 2220 557 2258 n.
574 2190 640 2281 11).
681 2220 779 2278 quem,
797 2219 865 2260 cum
883 2198 994 2258 Fufidii
1011 2219 1121 2260 nomen

108 2293 232 2369 vulgare
251 2290 291 2350 sit
306 2283 488 2370 (Wilmanns
507 2289 559 2348 Ex.
578 2288 618 2363 II,
638 2282 726 2370 329),
749 2289 824 2348 nihil
843 2292 898 2365 est,
921 2299 976 2348 cur
994 2289 1121 2348 eundem

110 2385 197 2458 atque
225 2378 379 2438 Aufidium
410 2378 517 2438 Chium
546 2369 588 2458 (v.
611 2376 662 2450 IV,
678 2373 713 2459 5)
749 2381 889 2454 putemus
921 2395 995 2438 esse.
1043 2397 1119 2455 quae

110 2470 142 2530 de
169 2467 286 2528 Fufidio
318 2469 500 2545 referuntur,
532 2485 602 2526 cnm
628 2486 689 2526 non
720 2467 935 2542 respondendo,
963 2467 1016 2525 sed
1043 2467 1119 2524 iuris

109 2559 310 2619 consultorum
339 2557 487 2632 responsis
520 2556 719 2631 proponendis
750 2573 872 2631 operam
900 2553 1015 2612 dedisse
1044 2554 1119 2612 satis

109 2648 246 2708 uidentur
268 2645 407 2706 indicare.

426 2821 684 2892 Quaestionum
706 2819 802 2880 libri.

192 2948 351 3009 Laudatur
373 2947 411 3006 ab
429 2946 572 3006 Africano
595 2945 627 3004 in
648 2942 865 3014 Quaestionum
887 2943 964 3005 libro
988 2944 1117 3004 secundo

108 3037 216 3100 Fufidii
238 3036 385 3097 secundus
407 3036 484 3094 liber
507 3034 731 3110 Quaestionum,
755 3034 802 3093 cui
826 3033 909 3109 operi
932 3033 1031 3094 omnia
1054 3034 1117 3094 eius

109 3129 286 3206 fragmenta,
304 3144 380 3201 quae
398 3142 494 3201 pauca
511 3127 589 3198 sunt,
609 3122 774 3182 attribuere
793 3121 868 3182 licet
902 3141 967 3182 cum
987 3123 1116 3184 seeundo

107 3218 179 3277 libro
209 3217 246 3275 de
269 3214 378 3292 legatis
402 3213 513 3272 dietum
538 3229 602 3272 esse
625 3215 783 3288 appareat,
811 3225 849 3270 ea
870 3229 947 3286 quae
969 3210 1006 3271 de
1030 3230 1115 3272 servo

108 3307 214 3366 herede
237 3303 421 3363 instituendo
443 3301 593 3360 Fufidium
617 3301 726 3360 dixisse
748 3301 887 3374 traditur,
911 3299 1007 3375 primo
1030 3300 1116 3375 libre,

111 3413 180 3472 quae
209 3395 246 3453 de
274 3390 518 3464 manumissione,
546 3391 594 3450 vel
622 3391 750 3467 secundo
778 3389 828 3451 vel
851 3387 939 3448 tertio
962 3388 1039 3448 libro
1064 3389 1115 3445 ad·

108 3483 261 3546 scribenda
279 3498 344 3541 esse
361 3480 433 3540 licet
449 3479 603 3556 suspicari.
642 3478 693 3538 sed
712 3479 748 3536 de
766 3496 799 3536 re
818 3476 906 3552 plane
923 3474 1015 3532 dubia
1032 3477 1115 3532 certa

109 3576 238 3634 statuere
260 3571 338 3630 nolo.

899 3656 952 3708 13*
