2570 3904
152 188 196 254 50
223 189 269 246 ΠΙ.
284 190 359 245 οΑΙΙ
373 188 520 244 CLAUDII
534 187 669 245 NERON.
682 187 826 243 GALBAE
836 188 941 243 TEMP.
952 188 1048 244 IURIS
1059 189 1165 246 CONS.

154 352 341 437 contineri).
382 352 494 416 deinde
514 352 629 416 adiecit
646 372 748 435 neque
768 351 907 416 armaria
925 373 1029 436 neque
1048 353 1167 418 serinia

152 463 255 525 neque
279 447 397 525 cetera,
420 442 454 505 in
479 441 594 523 quibus
618 440 692 504 libri
716 440 911 524 conduntur,
934 441 1051 505 deberi.
1114 483 1117 490 ·

239 552 418 628 Sequuntur
437 552 521 611 haee:
542 545 633 628 ‘quod
651 550 815 611 ..Cassius
834 551 870 610 de
888 552 1068 612 membranis
1081 555 1166 629 puris
1273 581 1276 588 ·

151 642 270 718 scripsit
288 660 393 702 verum
411 635 478 700 est.'

482 741 531 806 De
549 742 707 824 pecoribus
730 742 844 823 {epatis

239 858 290 923 54.
315 857 354 922 D.
364 858 416 939 32,
429 856 480 939 65,
490 857 519 920 4.
556 856 739 921 Marcianus
762 857 846 920 libro
871 857 1008 940 septimo
1032 857 1165 922 Institu-

151 949 279 1013 tionum
302 944 352 1033 (P.
366 943 452 1033 121).
478 982 520 992 -
540 944 715 1010 Peeoribus
739 945 856 1029 legatis
881 943 1010 1010 Cassius
1035 949 1167 1031 scripsit

151 1035 372 1120 quadrupedes
395 1035 567 1112 contineri,
591 1054 673 1118 quae
696 1033 856 1118 gregatim
880 1039 1066 1117 pascuntur.

237 1148 321 1206 Paul.
340 1146 368 1206 S.
388 1146 447 1224 lII,
467 1149 501 1224 6,
520 1147 570 1205 73.
624 1145 785 1204 Peeoribus
813 1145 922 1221 legatis
954 1145 1166 1223 quadrupedes

150 1255 251 1296 omnes
274 1237 477 1313 eontinentur,
501 1253 575 1310 quae
599 1234 748 1311 gregatim
770 1237 941 1309 pascuntur.

407 1413 454 1471 De
476 1414 631 1485 manebatis
652 1413 770 1471 rusticis
792 1412 900 1485 leuatis.

236 1523 287 1589 55.
324 1522 363 1586 D.
383 1524 435 1604 33,
454 1522 484 1602 7,
505 1521 555 1606 18,
575 1523 625 1586 11.
680 1520 798 1585 Paulus
830 1520 913 1584 libro
947 1521 1087 1587 seeundo
1121 1525 1161 1588 ad

146 1612 315 1676 Vitellium
339 1611 388 1695 (P.
403 1607 514 1696 2070).
537 1647 581 1657 -
604 1608 665 1676 Cui
692 1608 827 1673 fundum
854 1609 1049 1674 instructum
1074 1611 1161 1696 lega·

148 1705 247 1784 verat,
272 1700 465 1766 nominatim
489 1698 650 1782 mancipia
673 1698 808 1782 legavit3
832 1698 1014 1782 quaesitum
1038 1705 1096 1783 est,
1119 1723 1162 1766 an

147 1790 272 1873 reliqua
300 1789 476 1871 mancipia,
504 1809 586 1872 quae
614 1809 678 1852 non
701 1787 914 1867 nominasset,
942 1788 1161 1855 instrumento

147 1877 306 1942 aederent.
344 1875 475 1941 Cassius
490 1878 537 1941 ait
549 1898 740 1961 responsum
757 1896 836 1960 esse,
850 1876 981 1940 tametsi
997 1878 1163 1961 mancipia

146 1966 295 2031 instructi
327 1964 419 2030 fundi
449 1965 529 2050 sint,
561 1968 671 2029 tamen
704 1963 804 2028 videri
835 1985 889 2029 eos
918 1965 1004 2030 solos
1033 1966 1161 2050 legatos

147 2076 230 2137 esse,
262 2053 318 2137 qui
349 2053 510 2118 nominati
542 2057 663 2136 essent,
695 2052 780 2137 quod
813 2056 984 2136 appareret
1014 2075 1081 2119 non
1110 2055 1160 2119 in-

144 2142 307 2207 tellexisse
335 2147 461 2225 patrem
488 2142 631 2206 familias
654 2142 872 2207 instrumento
896 2162 1024 2226 quoque
1048 2166 1162 2210 servos

145 2233 372 2296 adnumeratos
395 2252 473 2295 esse.

501 2343 548 2401 De
570 2343 682 2401 bomine
704 2343 803 2416 tepula

233 2453 285 2518 56.
312 2452 353 2517 D.
368 2453 420 2536 30,
433 2451 464 2536 5,
481 2456 506 2516 1.
553 2452 675 2517 Paulus
699 2453 782 2517 libro
806 2453 913 2535 primo
937 2452 977 2517 ad
1001 2451 1159 2520 Sabinum

145 2540 194 2629 (P.
216 2540 326 2629 1601).
349 2579 393 2588 —
417 2541 523 2607 Labeo
552 2541 611 2625 ait,
639 2563 712 2606 eum
739 2545 827 2607 certa
853 2563 906 2605 res
934 2544 991 2606 aut
1016 2563 1159 2626 persona

144 2632 273 2716 legatur
301 2634 361 2696 ita:
394 2629 462 2715 ‘qui
490 2651 581 2695 meus
607 2631 668 2694 erit
696 2652 767 2695 eum
792 2630 925 2713 moriar,
951 2630 1043 2695 heres
1066 2631 1157 2696 dato'

145 2725 178 2784 et
205 2721 385 2786 eommunis
413 2719 470 2802 sit,
496 2723 602 2784 totum
629 2719 745 2786 deberi.
790 2718 979 2784 Trebatium
1007 2741 1083 2784 vero
1108 2741 1157 2784 re-

144 2809 312 2893 spondisse
334 2814 459 2891 partem
484 2808 592 2873 deberi
616 2807 745 2873 Cassius
769 2807 907 2892 scripsit.

233 2897 284 2962 57.
314 2897 353 2960 D.
368 2898 418 2974 30,
434 2898 475 2962 37
487 2919 533 2980 pr.
575 2895 733 2978 Ulpianus
753 2896 836 2961 libro
856 2895 1030 2960 vicensimo
1048 2895 1156 2980 primo

144 2985 184 3048 ad
213 2982 368 3049 Sabinum
393 2981 442 3069 (P.
457 2981 568 3070 2618).
592 3021 633 3028 —
657 2983 780 3067 Legata
809 2983 1004 3068 generaliter
1031 2984 1156 3071 relicto,

144 3072 248 3138 veluti
275 3072 431 3155 bominis,
462 3070 562 3136 Caius
589 3069 719 3137 Cassius
748 3073 860 3136 scribit
887 3071 920 3136 id
948 3094 1018 3137 esse
1046 3073 1156 3138 obser·

144 3161 298 3245 vandum,
321 3182 361 3225 ne
385 3163 527 3243 optimus
551 3159 617 3242 [vel
640 3158 813 3245 pessimus]
838 3160 1021 3245 accipiatur.

397 3343 445 3400 De
466 3344 653 3402 instrumento
675 3344 777 3403 medici
800 3345 898 3418 lepesin.

231 3451 282 3518 58.
319 3452 358 3517 D.
377 3452 429 3533 33,
449 3452 478 3529 7,
499 3453 548 3532 18,
571 3454 619 3518 10.
672 3452 792 3519 Paulus
824 3454 907 3519 libro
940 3454 1078 3519 seeundo
1112 3455 1154 3520 ad

142 3539 313 3606 Vitellium
342 3538 391 3625 (P.
410 3537 521 3627 2070).
547 3578 592 3588 -
618 3540 656 3606 In
687 3543 901 3608 instrumento
934 3542 1049 3608 medici
1081 3564 1154 3608 esse
