2568 3912
562 246 838 302 ADDITAMENTA.

289 408 350 475 12¹0.
399 409 440 475 D.
469 411 522 494 47,
550 412 581 492 2,
607 412 660 494 41,
689 412 716 475 2.
767 409 927 493 Ulpianus
959 409 1046 476 libro
1086 415 1211 496 septua-
1259 437 1261 500 1

198 500 343 587 gansimo
362 499 466 584 primo
487 499 527 564 ad
547 498 709 564 Sabinum.
727 536 771 545 —
861 499 990 563 dieitur:
1008 521 1098 565 noxa
1116 505 1212 584 eaput
1259 501 1262 568 l

195 589 349 672 sequitur.

513 684 563 750 De
584 690 644 750 soto
667 684 900 750 Macedoniam.

219 817 221 820 ’
287 802 337 866 13.
360 801 399 865 D.
421 802 470 884 14,
485 803 514 885 6,
530 803 559 883 7,
575 800 624 864 13.
655 798 815 882 Ulpianus
839 799 922 863 libro
945 799 1101 866 vicesimo
1126 823 1210 867 nono

197 890 237 954 ad
262 891 409 954 edietum.
433 926 476 935 -
500 941 528 954 ..
553 888 670 953 dieitur
697 888 732 951 in
755 909 802 972 eo,
825 888 880 970 qui
903 888 1084 953 studiorum
1115 911 1211 955 causa

197 979 314 1044 absens
337 982 483 1044 mutuum
507 984 680 1061 acceperat,
708 997 833 1042 cessare
862 981 990 1042 senatus
1014 979 1210 1045 consultum.

479 1169 526 1228 De
549 1164 720 1228 uterorum
743 1163 928 1242 odlipulioee.

287 1284 338 1345 14.
370 1277 440 1345 Gai.
473 1281 503 1356 3,
537 1280 608 1344 132.
644 1315 681 1326 -
718 1330 754 1342 ..
786 1277 895 1361 <non>
927 1278 1058 1363 proprie
1093 1279 1210 1346 dieitur

197 1371 329 1434 arcariis
361 1368 546 1432 nominibus
585 1367 682 1430 etiam
718 1368 906 1452 peregrinos
939 1367 1092 1454 obligari,
1137 1371 1210 1455 quia

195 1481 262 1524 non
282 1459 352 1542 ipso
366 1456 505 1538 nomine,
526 1455 581 1520 sed
599 1455 820 1520 numeratione
839 1456 991 1539 peonniae
1011 1457 1209 1541 obligantur.

484 1630 534 1697 De
555 1595 713 1698 roborum
736 1634 915 1717 obliquatione
1030 1698 1033 1702 .

291 1751 341 1815 15.
365 1747 433 1814 Gai.
458 1750 489 1825 3,
511 1749 562 1813 94.
582 1785 625 1794 -
649 1798 678 1814 ..
702 1747 819 1813 dieitur
841 1770 905 1813 uuo
929 1769 1006 1813 nasu
1027 1747 1092 1812 hoo
1112 1751 1208 1815 verbo

199 1835 257 1925 (se.
282 1835 500 1923 Spondesne?)
537 1838 742 1921 peregrinum
773 1859 899 1922 quoque
931 1837 1072 1921 obligari
1104 1859 1209 1921 posse,

198 1928 299 1991 veluti
324 1928 351 1990 si
369 1927 545 2010 imperator
564 1931 676 1990 noster
692 1926 870 2010 prinoipem
890 1926 1024 1990 alieuius
1043 1927 1209 2012 peregrini

195 2015 309 2100 populi
324 2015 362 2078 de
376 2036 455 2099 pace
469 2016 516 2079 ita
534 2015 714 2100 interroget
731 2014 855 2098 ‘paoem
868 2015 1011 2078 futurum
1032 2015 1209 2101 spondesl'

195 2105 249 2169 vel
271 2104 342 2186 ipse
365 2103 477 2167 eodem
500 2103 595 2168 modo
619 2105 842 2188 interrogetur.

286 2201 336 2267 16.
364 2200 403 2264 D.
433 2201 486 2282 21,
514 2200 544 2285 2,
574 2201 617 2266 32
640 2223 686 2285 pr.
732 2200 820 2265 Idem
843 2197 900 2288 (se.
924 2198 1100 2286 Ulpianus)
1126 2203 1208 2268 libro

197 2288 445 2374 quadragesimo
470 2296 561 2354 sexto
586 2290 625 2354 ad
649 2288 812 2354 Sabinum.
837 2327 878 2338 —
903 2341 930 2355 ..
951 2290 1078 2370 dieitur,
1104 2292 1208 2377 quoti·

196 2402 253 2444 ens
272 2379 380 2462 plures
400 2400 451 2443 res
471 2378 505 2441 in
525 2378 768 2463 stipulationem
788 2377 993 2458 deducuntur,
1012 2379 1125 2463 plures
1140 2402 1208 2445 osse

196 2467 429 2552 stipulationes.

521 2581 571 2646 De
593 2582 718 2647 ludmila
733 2583 875 2664 priuatis.

285 2699 335 2764 17.
360 2696 440 2800 Gai.
452 2698 484 2782 4,
506 2697 557 2763 58.
582 2731 623 2745 -
643 2746 673 2763 ..
692 2695 810 2762 dieitur
828 2698 911 2762 falsa
931 2697 1208 2766 demonstratione

98 2833 104 2844 ·
193 2810 261 2853 rem
284 2809 350 2852 non
372 2786 496 2870 perimi.

530 2926 579 2994 De
601 2927 863 3012 appellationum.

284 3045 334 3109 18.
357 3042 395 3108 D.
419 3044 472 3127 49,
494 3042 525 3126 3,
550 3043 577 3108 1.
619 3042 777 3126 Ulpianus
802 3043 886 3108 libro
905 3042 1011 3128 primo
1033 3044 1073 3109 de
1097 3046 1208 3130 appel·

191 3131 379 3197 lotionibus.
389 3169 433 3178 -
447 3183 454 3197 .
469 3180 476 3195 .
491 3130 608 3196 dieitur
622 3153 694 3196 eum
709 3132 874 3217 appellari,
888 3130 941 3216 qui
956 3131 1045 3197 dedit
1058 3134 1207 3200 iudicem

568 3308 618 3373 De
639 3310 831 3392 uoaeapioae.

285 3420 336 3484 19.
358 3418 397 3482 D.
422 3421 452 3502 8,
475 3421 504 3503 2,
529 3423 557 3484 7.
590 3420 788 3506 Pomponius
808 3424 891 3490 libro
914 3425 1090 3490 vicensimo
1116 3430 1207 3491 sexto

166 3541 169 3555 ·
193 3507 235 3571 ad
259 3506 414 3582 Quintum
436 3506 586 3575 Mucium.
612 3545 653 3555 —
677 3560 684 3574 .
707 3560 715 3577 .
739 3561 746 3574 .
770 3513 915 3580 aedificio
939 3535 1010 3578 meo
1035 3537 1087 3579 me
1111 3535 1207 3600 posse

119 3661 122 3670 ,
192 3595 357 3679 consequi,
381 3598 417 3659 ut
439 3595 623 3661 libertatem
646 3619 863 3684 usucaperem,
887 3601 1012 3667 dieitur.
