2602 3906
415 217 439 266 6.
463 210 671 266 IAVOLENUS
690 211 837 268 PRISCUS
1064 211 1129 276 457

379 391 429 458 De
451 394 612 459 arboribus
632 395 745 475 fnrtim
767 396 870 459 caesis.

210 509 261 574 81.
290 506 329 572 D.
347 509 400 591 47,
420 511 449 592 l,
470 508 520 574 12.
566 507 737 573 Iavolenus
765 509 850 573 libro
871 508 984 592 quinto
1007 508 1131 573 decimo

124 619 162 661 ex
185 594 306 662 Cassio.
333 633 370 644 —
402 597 463 678 Qui
484 618 595 680 omnm
612 598 760 681 vendidit,
784 597 881 662 nihilo
899 599 1005 662 minois
1020 597 1133 677 furtim

120 686 265 750 ortorum
288 706 447 750 caesorum
469 706 556 769 acere
572 691 680 768 potest.

416 863 466 928 Dc
489 864 636 929 bonorum
658 864 836 928 venditione.

209 978 260 1044 82.
289 977 328 1043 D.
342 978 372 1060 3,
385 980 417 1060 4,
431 979 462 1044 8.
503 978 675 1044 Iavolenus
699 979 783 1044 libro
807 978 922 1064 quinto
946 979 1069 1045 decimo
1094 1001 1133 1043 ex

122 1065 243 1133 Cossio.
267 1102 311 1113 -
337 1066 482 1133 Oioitotes
508 1071 536 1133 si
559 1089 618 1150 per
645 1088 695 1133 eos
721 1069 775 1150 qni
797 1088 846 1132 res
868 1089 975 1132 earnm
997 1069 1133 1133 admini-

120 1161 223 1222 strant
247 1176 311 1220 non
337 1155 541 1237 defenduntur
567 1177 621 1222 neo
647 1158 813 1239 qocicqnom
840 1160 885 1222 est
911 1157 1066 1238 corporale
1088 1158 1134 1221 rei

117 1245 258 1328 publicae
279 1247 362 1327 qnod
372 1247 574 1328 possideatur,
591 1267 650 1328 per
669 1245 857 1312 exactiones¹
877 1246 1044 1310 debitorum
1063 1247 1134 1310 civi·

123 1336 196 1400 totis
219 1335 376 1416 ocentibns
397 1336 543 1418 satisfieri
566 1340 687 1416 oportet.

210 1446 246 1506 of.
270 1445 362 1504 Lonel
385 1445 480 1507 Edict.
504 1443 612 1522 5202.

211 1556 264 1620 83.
285 1553 325 1619 D.
339 1556 369 1633 4,
384 1557 413 1635 6,
428 1557 525 1640 34pr.
571 1556 741 1621 Iavolenus
765 1557 849 1621 libro
873 1559 986 1640 quinto
1010 1556 1133 1620 docimo

122 1641 302 1708 excessio.
325 1680 368 1690 —
391 1643 488 1709 Miles
510 1651 679 1711 commeotn
701 1651 818 1728 accepto
840 1647 870 1711 si
892 1648 980 1710 domo
1001 1665 1060 1710 sno
1082 1649 1135 1728 est,

121 1733 169 1798 rei
187 1732 327 1814 pnllieoo
347 1753 443 1798 conso
465 1734 567 1800 obesse
588 1756 651 1800 non
672 1736 799 1800 videtne.

213 1845 248 1904 cf.
271 1845 340 1905 Vas.
360 1845 395 1905 fr.
417 1848 489 1906 222.
535 1846 628 1906 Lenol
650 1847 746 1906 Edist.
770 1844 878 1922 5205.

211 1954 263 2020 84.
290 1953 330 2022 Ι).
349 1955 425 2020 ibid.
444 1959 464 2037 ξ
482 1959 508 2024 1..
538 1993 578 2004 -
609 1957 671 2038 Qni
697 1977 804 2040 operas
830 1959 865 2022 in
885 1957 1024 2040 mellico,
1055 1957 1138 2039 qnod

119 2045 314 2198 lllildlllln
343 2065 437 2110 eostsc
464 2046 596 2111 locotnm
623 2052 678 2130 est,
710 2047 777 2129 dot,
803 2048 851 2112 rei
871 2047 1014 2130 pnblicoe
1040 2066 1135 2111 consa

212 2236 248 2295 cf.
271 2235 307 2296 D.
323 2239 372 2310 50,
391 2239 440 2316 16,
456 2240 506 2298 16.

212 2337 264 2403 85.
287 2336 326 2402 D.
341 2338 371 2421 5,
389 2341 417 2420 1,
432 2339 483 2404 34.
523 2339 694 2405 Iavolenus
714 2341 798 2404 libro
818 2341 931 2423 quinto
952 2339 1075 2404 docimo
1096 2361 1136 2402 ex

121 2425 246 2492 Cassio.
271 2463 309 2473 -
335 2427 373 2492 Si
395 2429 423 2493 is
445 2430 500 2510 qni
518 2427 636 2493 Romae
657 2430 807 2494 indicinm
830 2433 985 2510 acceperat
1005 2429 1136 2510 decessit,

119 2515 208 2580 neres
229 2516 296 2581 eins
317 2518 459 2598 quomens
480 2519 669 2582 domicilium
693 2523 781 2582 tcons
799 2537 885 2580 more
902 2515 996 2597 labet,
1019 2515 1137 2580 Romae

120 2609 227 2669 tamon
249 2605 371 2687 defendi
392 2605 485 2690 debet,
511 2608 586 2688 onio
608 2607 738 2671 snecedit
759 2607 793 2670 in
816 2606 881 2669 eins
904 2606 1011 2688 lomim,
1033 2625 1055 2667 o
1077 2624 1137 2685 qno

120 2693 209 2758 lieres
230 2693 353 2759 relictus
374 2699 427 2759 est.

214 2781 265 2847 86.
299 2781 338 2846 D.
357 2784 409 2867 50,
430 2783 482 2866 16,
504 2783 575 2848 114.
625 2782 714 2846 Idem
747 2779 804 2868 (sc.
830 2778 1019 2866 Iavolenus)
1052 2781 1137 2847 libro

121 2872 238 2956 quinto
271 2871 397 2937 decimo
427 2894 467 2936 ex
495 2870 616 2937 Cassio
644 2907 689 2918 —
715 2871 863 2936 Solvendo
889 2890 951 2935 esse
976 2891 1063 2936 nemo
1090 2873 1137 2936 in·

122 2960 284 3044 tellooitnn
307 2961 370 3025 nisi
392 2962 446 3042 qni
468 2961 600 3025 solidnm
618 2965 717 3042 potest
737 2960 857 3026 solvere.

214 3049 266 3115 87.
294 3049 333 3113 D.
350 3050 445 3133 16,2,
461 3051 512 3115 14.
560 3049 731 3114 Iavolenus
759 3049 843 3114 libro
872 3049 985 3132 quinto
1013 3049 1137 3115 decimo

123 3159 163 3202 ox
202 3136 325 3202 cassio.
362 3175 404 3184 —
447 3137 658 3222 aneonmqne
692 3160 750 3221 per
785 3139 985 3221 exceptionem
1018 3142 1139 3222 peremi

119 3232 264 3311 possunt,
286 3227 321 3292 in
343 3230 613 3310 compensationem
635 3250 699 3293 non
720 3229 854 3293 oeninnt.

213 3345 273 3405 Pro
292 3341 335 3405 ‘in
354 3343 635 3424 compensationem’
653 3349 754 3425 potius
774 3343 817 3407 ‘in
832 3343 1051 3409 deductionem’
1067 3348 1137 3407 sori·

123 3435 258 3495 bendum
293 3453 357 3497 osse
385 3436 477 3497 Lonol
500 3437 622 3514 conicit3
655 3438 692 3497 do
714 3439 860 3498 bonorum
889 3438 967 3496 enim
995 3440 1138 3511 emptore,

196 3595 209 3642 1
231 3587 279 3644 Fl.
298 3587 431 3644 actiones.
