2590 3902
515 203 539 251 s.
558 195 721 251 MINIGIUS
826 209 832 220 ·
1051 199 1118 270 279

112 356 159 446 (P.
174 356 265 445 851).
291 395 329 404 —
350 356 396 422 Et
417 359 472 444 qui
496 359 574 424 duas
599 380 689 424 areas
713 359 821 444 habet,
844 360 981 426 alteram
1004 363 1120 428 moaci-

106 445 227 530 pondo²
251 469 377 512 servam
401 448 495 513 alteri
519 448 645 514 efficere
667 452 784 532 potest.

532 607 583 673 De
604 629 695 690 aqua.

198 713 262 778 16?
286 713 323 779 D.
335 715 364 794 8,
375 715 405 795 3,
415 714 465 778 31.
501 713 645 779 Iulianus
666 714 751 778 libro
770 715 908 790 secundo
929 737 967 780 ex
985 714 1118 782 Minicio

111 801 159 890 (P.
173 800 263 890 852).
287 839 329 848 -
354 801 430 867 Tria
457 803 588 886 praedia
615 803 768 868 continua
789 804 890 867 trium
913 803 1118 870 dominorum

110 895 210 957 erant.
257 892 315 955 imi
347 891 472 974 praedii
508 891 654 956 dominus
692 914 730 956 cx
763 913 888 956 summo
921 892 1020 958 fundo
1053 895 1119 968 imo

109 981 207 1045 fundo
245 979 434 1045 servitutem
471 1001 573 1064 aquae
610 981 795 1066 quaesierat
825 983 858 1044 et
890 1001 947 1064 per
979 981 1119 1047 medium

109 1069 242 1134 fundum
272 1069 402 1133 domino
431 1068 621 1134 concedente
649 1069 683 1132 in
712 1091 805 1133 suum
833 1089 948 1152 agrum
976 1070 1120 1137 ducebat.

109 1163 222 1242 postea
253 1157 339 1222 idem
372 1179 533 1222 summum
565 1157 701 1222 fundum
732 1159 811 1222 emit
839 1207 846 1222 .
875 1156 987 1222 deinde
1019 1160 1120 1223 imum

110 1246 253 1331 fundum,
267 1247 301 1310 in
316 1267 410 1330 quem
426 1267 543 1330 aquam
557 1246 736 1331 induxerat,
749 1246 901 1311 vendidit.
938 1247 1121 1333 quaesitum

109 1340 171 1420 est,
203 1357 282 1399 num
308 1336 392 1400 imus
419 1333 536 1399 fundus
563 1335 596 1399 id
624 1336 675 1400 ius
703 1357 805 1420 aquae
834 1335 1009 1419 amisisset,
1037 1336 1120 1418 quia,

109 1447 180 1489 cum
218 1427 355 1507 utraque
388 1422 522 1506 praedia
553 1423 697 1488 eiusdem
728 1424 851 1489 domini
883 1424 970 1489 facta
1002 1429 1122 1509 essent,

108 1512 178 1597 ipsa
218 1510 281 1577 sibi
318 1511 435 1577 servire
467 1534 532 1577 non
563 1513 754 1596 potuissent
807 1513 940 1598 negavit
973 1512 1120 1577 amisisse

110 1603 313 1684 servitutem,
339 1601 414 1684 quia
435 1601 615 1685 praedium,
638 1623 696 1685 per
719 1600 804 1685 quod
828 1623 912 1686 aqua
935 1601 1120 1685 ducebatur,

109 1690 244 1756 alterius
257 1689 381 1771 fuisset,
396 1693 428 1754 et
442 1688 709 1774 quemadmodum
725 1691 863 1755 servitus
878 1712 1002 1756 summo
1012 1689 1121 1770 fondo,

103 1783 144 1843 'ut
171 1779 207 1843 in
234 1778 337 1842 imum
358 1777 495 1842 fundum
518 1800 602 1864 aqua
624 1779 762 1862 veniret,
790 1779 914 1864 imponi
937 1780 1032 1844 aliter
1053 1801 1119 1846 non

107 1867 281 1952 potuisset,
312 1888 408 1951 quam
434 1871 472 1932 ut
497 1888 554 1952 per
581 1867 721 1931 medium
749 1889 875 1953 quoque
903 1867 1037 1933 fundum
1064 1868 1122 1933 du·

108 1960 243 2038 oeretnr,
267 1955 313 2020 sic
337 1954 447 2020 eadem
471 1955 609 2020 servitus
629 1956 769 2020 eiusdem
787 1955 880 2022 fundi
899 1957 1007 2023 amitti
1026 1957 1120 2022 aliter

106 2067 173 2111 non
203 2048 329 2128 posset,
360 2043 424 2108 nisi
451 2044 563 2109 eodem
591 2049 737 2130 tempore
766 2046 865 2111 etiam
893 2068 951 2130 per
977 2045 1119 2129 medium

107 2132 242 2199 fundum
264 2155 348 2217 aqua
367 2131 439 2197 duci
457 2132 592 2198 desisset
612 2137 668 2199 aut
686 2133 750 2198 tria
767 2134 863 2199 simul
877 2134 1008 2220 praedia
1023 2137 1118 2200 unius

108 2222 230 2288 domini
255 2221 342 2286 facta
365 2225 480 2286 essent.
535 2303 536 2308 ἵ

438 2403 484 2462 Ex
506 2403 617 2463 Iuliani
639 2404 717 2464 libro
739 2404 794 2464 III.

529 2522 580 2588 De
599 2524 704 2604 furtis.

201 2628 252 2696 17.
276 2629 315 2694 D.
324 2630 378 2710 47,
387 2630 418 2711 2,
428 2629 478 2693 60.
511 2627 600 2693 Idem
615 2627 672 2712 (so.
686 2625 844 2714 Iulianus)
864 2628 947 2692 libro
966 2630 1063 2694 tertio
1084 2651 1122 2692 ex

110 2717 243 2783 Minicio
264 2714 314 2804 (P.
325 2714 414 2804 860).
434 2754 475 2763 --
495 2715 529 2782 Si
551 2718 590 2801 is,
613 2718 667 2802 qui
690 2738 757 2782 rem
782 2716 1026 2801 commodasset,
1050 2739 1123 2781 eam

109 2829 179 2872 rem
210 2806 294 2870 clam
323 2806 524 2888 abstulisset,
556 2805 636 2870 furti
664 2827 737 2870 oum
765 2827 803 2870 eo
831 2806 887 2891 agi
913 2826 979 2870 non
1007 2803 1122 2891 posse²,

100 2898 186 2980 ¹quia
208 2917 302 2959 snum
320 2896 495 2978 recepisset
513 2897 544 2958 et
563 2894 619 2958 ille
638 2894 835 2960 commodati
853 2894 1008 2959 liberatus
1028 2899 1122 2959 esset.

199 2983 275 3049 ‘Hoc
297 2992 400 3048 tamen
422 2989 466 3047 ita
492 2988 697 3065 accipiendum
721 2991 780 3066 est,
804 2988 830 3048 si
852 2989 950 3048 nullas
974 2988 1123 3048 retinendi

109 3077 261 3136 caucasis
280 3077 329 3138 cui
348 3077 536 3137 commodata
553 3095 601 3137 res
621 3080 686 3137 erat
704 3076 822 3154 habuit,
842 3096 912 3137 nam
931 3077 956 3137 si
972 3077 1122 3154 impensas

109 3166 293 3225 necessarias
325 3165 356 3224 in
388 3184 450 3224 rem
483 3165 700 3226 commodatam
732 3166 856 3243 fecerat,
888 3167 1026 3226 interfuit
1058 3167 1122 3226 eius

67 3279 68 3284 ¹
109 3255 211 3330 potius
233 3273 288 3330 per
308 3254 508 3314 retentionem
525 3271 575 3313 eas
595 3273 714 3314 servare
733 3273 824 3333 qnam
842 3255 923 3332 ultro
942 3255 1123 3332 commodati

110 3360 214 3420 agere,
237 3343 364 3420 ideoque
387 3343 462 3402 furti
484 3342 631 3402 actionem
653 3337 799 3404 habebit'.

182 3499 196 3548 1
219 3494 294 3550 Trio.
313 3493 459 3549 tradendo.

181 3571 197 3618 2
219 3565 295 3620 Trib.
314 3567 415 3634 potest.
