<?xml version="1.0" encoding="UTF-8"?>
<!DOCTYPE html PUBLIC "-//W3C//DTD XHTML 1.0 Transitional//EN"
    "http://www.w3.org/TR/xhtml1/DTD/xhtml1-transitional.dtd">
<html xmlns="http://www.w3.org/1999/xhtml" xml:lang="en" lang="en">
 <head>
  <title>
</title>
<meta http-equiv="Content-Type" content="text/html;charset=utf-8" />
  <meta name='ocr-system' content='tesseract 3.04.00' />
  <meta name='ocr-capabilities' content='ocr_page ocr_carea ocr_par ocr_line ocrx_word'/>
</head>
<body>
  <div class='ocr_page' id='page_1' title='image "./iurisprudentiae03bremgoog_0457.png"; bbox 0 0 2614 3912; ppageno 0'>
   <div class='ocr_carea' id='block_1_1' title="bbox 410 204 1123 271">
    <p class='ocr_par' dir='ltr' id='par_1_1' title="bbox 410 204 1123 271">
     <span class='ocr_line' id='line_1_1' title="bbox 410 204 1123 271; baseline 0.015 -10"><span class='ocrx_word' id='word_1_1' title='bbox 410 211 435 261; x_wconf 90' lang='grc'><strong>6.</strong></span> <span class='ocrx_word' id='word_1_2' title='bbox 458 204 665 262; x_wconf 77' lang='lat' dir='ltr'><strong>IAVOLLNUS</strong></span> <span class='ocrx_word' id='word_1_3' title='bbox 683 206 832 263; x_wconf 81' lang='lat' dir='ltr'><strong>PRISOUS</strong></span> <span class='ocrx_word' id='word_1_4' title='bbox 1058 205 1123 271; x_wconf 76' lang='grc'><strong>427</strong></span> 
     </span>
    </p>
   </div>
   <div class='ocr_carea' id='block_1_2' title="bbox 48 369 1125 3115">
    <p class='ocr_par' dir='ltr' id='par_1_2' title="bbox 106 369 1125 1076">
     <span class='ocr_line' id='line_1_2' title="bbox 115 369 1124 455; baseline -0.001 -20"><span class='ocrx_word' id='word_1_5' title='bbox 115 370 250 451; x_wconf 81' lang='lat' dir='ltr'><strong>fandum</strong></span> <span class='ocrx_word' id='word_1_6' title='bbox 271 369 372 435; x_wconf 87' lang='lat' dir='ltr'><strong>emisti</strong></span> <span class='ocrx_word' id='word_1_7' title='bbox 393 390 430 434; x_wconf 90' lang='lat' dir='ltr'><strong>ea</strong></span> <span class='ocrx_word' id='word_1_8' title='bbox 452 369 520 453; x_wconf 75' lang='lat' dir='ltr'><strong>leae,</strong></span> <span class='ocrx_word' id='word_1_9' title='bbox 542 369 590 434; x_wconf 86' lang='lat' dir='ltr'><strong>ati</strong></span> <span class='ocrx_word' id='word_1_10' title='bbox 611 371 663 434; x_wconf 88' lang='lat' dir='ltr'><strong>des</strong></span> <span class='ocrx_word' id='word_1_11' title='bbox 680 371 844 452; x_wconf 73' lang='lat' dir='ltr'><strong>pecaniam</strong></span> <span class='ocrx_word' id='word_1_12' title='bbox 863 370 1002 436; x_wconf 78' lang='lat' dir='ltr'><strong>kalendis</strong></span> <span class='ocrx_word' id='word_1_13' title='bbox 1020 369 1124 455; x_wconf 82' lang='lat' dir='ltr'><strong>Iuliis,</strong></span> 
     </span>
     <span class='ocr_line' id='line_1_3' title="bbox 114 458 1124 543; baseline 0 -19"><span class='ocrx_word' id='word_1_14' title='bbox 114 465 143 524; x_wconf 88' lang='lat' dir='ltr'><strong>et</strong></span> <span class='ocrx_word' id='word_1_15' title='bbox 172 459 202 524; x_wconf 86' lang='lat' dir='ltr'><strong>si</strong></span> <span class='ocrx_word' id='word_1_16' title='bbox 231 459 309 541; x_wconf 77' lang='lat' dir='ltr'><strong>ipsis</strong></span> <span class='ocrx_word' id='word_1_17' title='bbox 339 458 475 524; x_wconf 82' lang='lat' dir='ltr'><strong>calendis</strong></span> <span class='ocrx_word' id='word_1_18' title='bbox 500 478 559 541; x_wconf 81' lang='lat' dir='ltr'><strong>per</strong></span> <span class='ocrx_word' id='word_1_19' title='bbox 589 460 771 523; x_wconf 81' lang='lat' dir='ltr'><strong>venditorem</strong></span> <span class='ocrx_word' id='word_1_20' title='bbox 801 464 876 524; x_wconf 87' lang='lat' dir='ltr'><strong>esset</strong></span> <span class='ocrx_word' id='word_1_21' title='bbox 901 459 1033 543; x_wconf 85' lang='lat' dir='ltr'><strong>foetam,</strong></span> <span class='ocrx_word' id='word_1_22' title='bbox 1064 479 1124 541; x_wconf 80' lang='lat' dir='ltr'><strong>qao</strong></span> 
     </span>
     <span class='ocr_line' id='line_1_4' title="bbox 114 547 1124 631; baseline 0.001 -19"><span class='ocrx_word' id='word_1_23' title='bbox 114 549 219 613; x_wconf 86' lang='lat' dir='ltr'><strong>minvs</strong></span> <span class='ocrx_word' id='word_1_24' title='bbox 227 548 361 630; x_wconf 76' lang='lat' dir='ltr'><strong>nemenio</strong></span> <span class='ocrx_word' id='word_1_25' title='bbox 375 549 403 612; x_wconf 91' lang='lat' dir='ltr'><strong>ei</strong></span> <span class='ocrx_word' id='word_1_26' title='bbox 416 547 587 630; x_wconf 81' lang='lat' dir='ltr'><strong>solveretm,</strong></span> <span class='ocrx_word' id='word_1_27' title='bbox 604 547 711 612; x_wconf 87' lang='lat' dir='ltr'><strong>deinde</strong></span> <span class='ocrx_word' id='word_1_28' title='bbox 723 553 822 631; x_wconf 83' lang='lat' dir='ltr'><strong>perte</strong></span> <span class='ocrx_word' id='word_1_29' title='bbox 837 553 1004 630; x_wconf 80' lang='lat' dir='ltr'><strong>staretque</strong></span> <span class='ocrx_word' id='word_1_30' title='bbox 1018 548 1124 614; x_wconf 84' lang='lat' dir='ltr'><strong>minas</strong></span> 
     </span>
     <span class='ocr_line' id='line_1_5' title="bbox 113 637 1123 721; baseline 0 -19"><span class='ocrx_word' id='word_1_31' title='bbox 113 637 252 718; x_wconf 75' lang='lat' dir='ltr'><strong><em>solveres,</em></strong></span> <span class='ocrx_word' id='word_1_32' title='bbox 280 637 328 701; x_wconf 87' lang='lat' dir='ltr'><strong>nti</strong></span> <span class='ocrx_word' id='word_1_33' title='bbox 348 656 439 719; x_wconf 81' lang='lat' dir='ltr'><strong>posse</strong></span> <span class='ocrx_word' id='word_1_34' title='bbox 460 637 605 701; x_wconf 86' lang='lat' dir='ltr'><strong>adversas</strong></span> <span class='ocrx_word' id='word_1_35' title='bbox 628 641 655 701; x_wconf 91' lang='lat' dir='ltr'><strong>te</strong></span> <span class='ocrx_word' id='word_1_36' title='bbox 677 637 739 720; x_wconf 78' lang='lat' dir='ltr'><strong>lepe</strong></span> <span class='ocrx_word' id='word_1_37' title='bbox 759 657 819 702; x_wconf 89' lang='lat' dir='ltr'><strong>sna</strong></span> <span class='ocrx_word' id='word_1_38' title='bbox 840 638 1024 701; x_wconf 83' lang='lat' dir='ltr'><strong>venditorem</strong></span> <span class='ocrx_word' id='word_1_39' title='bbox 1046 638 1123 721; x_wconf 80' lang='lat' dir='ltr'><strong>dim,</strong></span> 
     </span>
     <span class='ocr_line' id='line_1_6' title="bbox 112 724 1124 808; baseline 0.001 -18"><span class='ocrx_word' id='word_1_40' title='bbox 112 726 189 808; x_wconf 79' lang='lat' dir='ltr'><strong>qnia</strong></span> <span class='ocrx_word' id='word_1_41' title='bbox 212 726 246 790; x_wconf 90' lang='lat' dir='ltr'><strong>in</strong></span> <span class='ocrx_word' id='word_1_42' title='bbox 268 725 420 790; x_wconf 89' lang='lat' dir='ltr'><strong>vendendo</strong></span> <span class='ocrx_word' id='word_1_43' title='bbox 442 724 496 790; x_wconf 80' lang='lat' dir='ltr'><strong>boa</strong></span> <span class='ocrx_word' id='word_1_44' title='bbox 517 728 668 807; x_wconf 78' lang='lat' dir='ltr'><strong>operetur,</strong></span> <span class='ocrx_word' id='word_1_45' title='bbox 695 730 742 808; x_wconf 88' lang='lat' dir='ltr'><strong>at,</strong></span> <span class='ocrx_word' id='word_1_46' title='bbox 766 727 946 808; x_wconf 78' lang='lat' dir='ltr'><em>quandoque</em></span> <span class='ocrx_word' id='word_1_47' title='bbox 964 747 1022 806; x_wconf 78' lang='lat' dir='ltr'><strong>per</strong></span> <span class='ocrx_word' id='word_1_48' title='bbox 1043 746 1124 808; x_wconf 71' lang='lat' dir='ltr'><strong>enm</strong></span> 
     </span>
     <span class='ocr_line' id='line_1_7' title="bbox 113 814 1123 898; baseline 0.002 -19"><span class='ocrx_word' id='word_1_49' title='bbox 113 820 208 879; x_wconf 88' lang='lat' dir='ltr'><strong>torem</strong></span> <span class='ocrx_word' id='word_1_50' title='bbox 242 814 360 895; x_wconf 85' lang='lat' dir='ltr'><strong>foetam</strong></span> <span class='ocrx_word' id='word_1_51' title='bbox 395 815 449 895; x_wconf 87' lang='lat' dir='ltr'><strong>sit,</strong></span> <span class='ocrx_word' id='word_1_52' title='bbox 484 833 543 895; x_wconf 80' lang='lat' dir='ltr'><strong>qvo</strong></span> <span class='ocrx_word' id='word_1_53' title='bbox 575 815 680 878; x_wconf 87' lang='lat' dir='ltr'><strong>minas</strong></span> <span class='ocrx_word' id='word_1_54' title='bbox 705 816 871 896; x_wconf 80' lang='lat' dir='ltr'><strong>pecaniam</strong></span> <span class='ocrx_word' id='word_1_55' title='bbox 902 815 1013 895; x_wconf 80' lang='lat' dir='ltr'><strong>solvat,</strong></span> <span class='ocrx_word' id='word_1_56' title='bbox 1050 815 1123 898; x_wconf 76' lang='lat' dir='ltr'><strong>lepis</strong></span> 
     </span>
     <span class='ocr_line' id='line_1_8' title="bbox 106 902 1125 988; baseline 0.001 -20"><span class='ocrx_word' id='word_1_57' title='bbox 106 923 242 988; x_wconf 80' lang='lat' dir='ltr'><strong>poenam</strong></span> <span class='ocrx_word' id='word_1_58' title='bbox 262 903 414 986; x_wconf 77' lang='lat' dir='ltr'><strong>patratur.</strong></span> <span class='ocrx_word' id='word_1_59' title='bbox 459 902 513 967; x_wconf 80' lang='lat' dir='ltr'><strong>boo</strong></span> <span class='ocrx_word' id='word_1_60' title='bbox 541 902 624 987; x_wconf 90' lang='lat' dir='ltr'><strong>[ita]</strong></span> <span class='ocrx_word' id='word_1_61' title='bbox 651 923 756 968; x_wconf 87' lang='lat' dir='ltr'><strong>veram</strong></span> <span class='ocrx_word' id='word_1_62' title='bbox 776 902 882 986; x_wconf 75' lang='lat' dir='ltr'><strong>poeto[,</strong></span> <span class='ocrx_word' id='word_1_63' title='bbox 911 904 977 968; x_wconf 88' lang='lat' dir='ltr'><strong>nisi</strong></span> <span class='ocrx_word' id='word_1_64' title='bbox 997 903 1027 968; x_wconf 85' lang='lat' dir='ltr'><strong>si</strong></span> <span class='ocrx_word' id='word_1_65' title='bbox 1048 905 1125 985; x_wconf 83' lang='lat' dir='ltr'><strong>qaid</strong></span> 
     </span>
     <span class='ocr_line' id='line_1_9' title="bbox 113 991 917 1076; baseline -0.002 -19"><span class='ocrx_word' id='word_1_66' title='bbox 113 993 149 1057; x_wconf 88' lang='lat' dir='ltr'><strong>in</strong></span> <span class='ocrx_word' id='word_1_67' title='bbox 170 1013 207 1058; x_wconf 88' lang='lat' dir='ltr'><strong>eo</strong></span> <span class='ocrx_word' id='word_1_68' title='bbox 229 1012 263 1056; x_wconf 88' lang='lat' dir='ltr'><strong>re</strong></span> <span class='ocrx_word' id='word_1_69' title='bbox 284 993 422 1057; x_wconf 87' lang='lat' dir='ltr'><strong>venditor</strong></span> <span class='ocrx_word' id='word_1_70' title='bbox 442 991 510 1057; x_wconf 84' lang='lat' dir='ltr'><strong>doto</strong></span> <span class='ocrx_word' id='word_1_71' title='bbox 531 991 631 1076; x_wconf 81' lang='lat' dir='ltr'><strong>feeitJ.</strong></span> <span class='ocrx_word' id='word_1_72' title='bbox 914 996 917 1002; x_wconf 86' lang='lat'>&#39;</span> 
     </span>
    </p>

    <p class='ocr_par' dir='ltr' id='par_1_3' title="bbox 48 1076 1123 1874">
     <span class='ocr_line' id='line_1_10' title="bbox 203 1076 1122 1164; baseline -0.001 -18"><span class='ocrx_word' id='word_1_73' title='bbox 203 1080 276 1146; x_wconf 88' lang='grc'><strong>104.</strong></span> <span class='ocrx_word' id='word_1_74' title='bbox 319 1079 356 1144; x_wconf 92' lang='lat' dir='ltr'><strong>D.</strong></span> <span class='ocrx_word' id='word_1_75' title='bbox 381 1081 431 1163; x_wconf 88' lang='lat'><strong>18,</strong></span> <span class='ocrx_word' id='word_1_76' title='bbox 457 1082 485 1163; x_wconf 91' lang='lat'><strong>1,</strong></span> <span class='ocrx_word' id='word_1_77' title='bbox 506 1080 558 1145; x_wconf 77' lang='lat'><strong>79.</strong></span> <span class='ocrx_word' id='word_1_78' title='bbox 615 1076 787 1145; x_wconf 83' lang='lat' dir='ltr'><strong>Iavolenus</strong></span> <span class='ocrx_word' id='word_1_79' title='bbox 820 1079 904 1145; x_wconf 90' lang='lat' dir='ltr'><strong>libro</strong></span> <span class='ocrx_word' id='word_1_80' title='bbox 937 1080 1049 1164; x_wconf 89' lang='lat' dir='ltr'><strong>quinto</strong></span> <span class='ocrx_word' id='word_1_81' title='bbox 1082 1102 1122 1146; x_wconf 83' lang='lat' dir='ltr'><strong>ex</strong></span> 
     </span>
     <span class='ocr_line' id='line_1_11' title="bbox 111 1168 1123 1255; baseline 0 -21"><span class='ocrx_word' id='word_1_82' title='bbox 111 1169 347 1255; x_wconf 80' lang='lat' dir='ltr'><strong>posterioribus</strong></span> <span class='ocrx_word' id='word_1_83' title='bbox 370 1168 539 1234; x_wconf 81' lang='lat' dir='ltr'><strong>Labeonis.</strong></span> <span class='ocrx_word' id='word_1_84' title='bbox 564 1204 602 1216; x_wconf 90' lang='lat'>-</span> <span class='ocrx_word' id='word_1_85' title='bbox 627 1168 737 1234; x_wconf 81' lang='lat' dir='ltr'><strong>Fundi</strong></span> <span class='ocrx_word' id='word_1_86' title='bbox 751 1174 877 1251; x_wconf 77' lang='lat' dir='ltr'><strong>partem</strong></span> <span class='ocrx_word' id='word_1_87' title='bbox 898 1169 1063 1234; x_wconf 79' lang='lat' dir='ltr'><strong>dimidiam</strong></span> <span class='ocrx_word' id='word_1_88' title='bbox 1085 1190 1123 1236; x_wconf 92' lang='lat' dir='ltr'><strong>ea</strong></span> 
     </span>
     <span class='ocr_line' id='line_1_12' title="bbox 112 1258 1122 1344; baseline 0 -20"><span class='ocrx_word' id='word_1_89' title='bbox 112 1260 173 1343; x_wconf 73' lang='grc'><strong>1191</strong></span> <span class='ocrx_word' id='word_1_90' title='bbox 191 1259 361 1344; x_wconf 79' lang='lat' dir='ltr'><strong>vendidisti,</strong></span> <span class='ocrx_word' id='word_1_91' title='bbox 378 1262 413 1322; x_wconf 88' lang='lat' dir='ltr'><strong>at</strong></span> <span class='ocrx_word' id='word_1_92' title='bbox 429 1261 545 1340; x_wconf 83' lang='lat' dir='ltr'><strong>emptor</strong></span> <span class='ocrx_word' id='word_1_93' title='bbox 562 1258 692 1323; x_wconf 88' lang='lat' dir='ltr'><strong>atteram</strong></span> <span class='ocrx_word' id='word_1_94' title='bbox 707 1263 838 1340; x_wconf 83' lang='lat' dir='ltr'><strong>partem,</strong></span> <span class='ocrx_word' id='word_1_95' title='bbox 855 1279 950 1341; x_wconf 82' lang='lat' dir='ltr'><strong>qnam</strong></span> <span class='ocrx_word' id='word_1_96' title='bbox 963 1259 1122 1342; x_wconf 86' lang='lat' dir='ltr'><strong>retinebas,</strong></span> 
     </span>
     <span class='ocr_line' id='line_1_13' title="bbox 48 1347 1121 1428; baseline 0 -16"><span class='ocrx_word' id='word_1_97' title='bbox 48 1387 50 1394; x_wconf 84' lang='lat'><em>·</em></span> <span class='ocrx_word' id='word_1_98' title='bbox 111 1348 207 1413; x_wconf 88' lang='lat' dir='ltr'><strong>annis</strong></span> <span class='ocrx_word' id='word_1_99' title='bbox 228 1349 327 1412; x_wconf 89' lang='lat' dir='ltr'><strong>deoem</strong></span> <span class='ocrx_word' id='word_1_100' title='bbox 349 1352 431 1412; x_wconf 85' lang='lat' dir='ltr'><strong>certa</strong></span> <span class='ocrx_word' id='word_1_101' title='bbox 446 1347 581 1428; x_wconf 77' lang='lat' dir='ltr'><strong>pecnnia</strong></span> <span class='ocrx_word' id='word_1_102' title='bbox 602 1347 638 1411; x_wconf 91' lang='lat' dir='ltr'><strong>in</strong></span> <span class='ocrx_word' id='word_1_103' title='bbox 660 1366 759 1412; x_wconf 88' lang='lat' dir='ltr'><strong>annos</strong></span> <span class='ocrx_word' id='word_1_104' title='bbox 780 1347 918 1428; x_wconf 80' lang='lat' dir='ltr'><strong>sinpnios</strong></span> <span class='ocrx_word' id='word_1_105' title='bbox 943 1348 1121 1412; x_wconf 87' lang='lat' dir='ltr'><strong>eondnetam</strong></span> 
     </span>
     <span class='ocr_line' id='line_1_14' title="bbox 110 1434 1121 1519; baseline -0.002 -18"><span class='ocrx_word' id='word_1_106' title='bbox 110 1437 228 1502; x_wconf 78' lang='lat' dir='ltr'><strong>lrabeat.</strong></span> <span class='ocrx_word' id='word_1_107' title='bbox 269 1436 370 1502; x_wconf 82' lang='lat' dir='ltr'><strong>Labeo</strong></span> <span class='ocrx_word' id='word_1_108' title='bbox 393 1439 421 1500; x_wconf 89' lang='lat' dir='ltr'><strong>et</strong></span> <span class='ocrx_word' id='word_1_109' title='bbox 444 1434 603 1500; x_wconf 81' lang='lat' dir='ltr'><strong>Trebatius</strong></span> <span class='ocrx_word' id='word_1_110' title='bbox 624 1441 738 1519; x_wconf 68' lang='lat' dir='ltr'><strong>nmant</strong></span> <span class='ocrx_word' id='word_1_111' title='bbox 752 1456 842 1518; x_wconf 84' lang='lat' dir='ltr'><strong>posse</strong></span> <span class='ocrx_word' id='word_1_112' title='bbox 863 1456 901 1501; x_wconf 81' lang='lat' dir='ltr'><strong>ex</strong></span> <span class='ocrx_word' id='word_1_113' title='bbox 921 1436 1041 1500; x_wconf 90' lang='lat' dir='ltr'><strong>vendito</strong></span> <span class='ocrx_word' id='word_1_114' title='bbox 1059 1437 1121 1519; x_wconf 79' lang='lat' dir='ltr'><strong>api,</strong></span> 
     </span>
     <span class='ocr_line' id='line_1_15' title="bbox 110 1524 1121 1609; baseline 0 -19"><span class='ocrx_word' id='word_1_115' title='bbox 110 1530 148 1590; x_wconf 86' lang='lat' dir='ltr'><strong>nt</strong></span> <span class='ocrx_word' id='word_1_116' title='bbox 177 1526 212 1590; x_wconf 85' lang='lat' dir='ltr'><strong>id</strong></span> <span class='ocrx_word' id='word_1_117' title='bbox 239 1527 320 1608; x_wconf 79' lang='lat' dir='ltr'><strong>qnod</strong></span> <span class='ocrx_word' id='word_1_118' title='bbox 344 1524 513 1590; x_wconf 72' lang='lat' dir='ltr'><strong>converterit</strong></span> <span class='ocrx_word' id='word_1_119' title='bbox 537 1525 603 1608; x_wconf 69' lang='lat' dir='ltr'><strong>fiat.</strong></span> <span class='ocrx_word' id='word_1_120' title='bbox 652 1544 704 1607; x_wconf 76' lang='lat' dir='ltr'><strong>epo</strong></span> <span class='ocrx_word' id='word_1_121' title='bbox 732 1529 837 1590; x_wconf 88' lang='lat' dir='ltr'><strong>eontra</strong></span> <span class='ocrx_word' id='word_1_122' title='bbox 859 1529 951 1609; x_wconf 80' lang='lat' dir='ltr'><strong>pato,</strong></span> <span class='ocrx_word' id='word_1_123' title='bbox 978 1525 1007 1589; x_wconf 88' lang='lat' dir='ltr'><strong>si</strong></span> <span class='ocrx_word' id='word_1_124' title='bbox 1033 1526 1121 1590; x_wconf 92' lang='lat' dir='ltr'><strong>modo</strong></span> 
     </span>
     <span class='ocr_line' id='line_1_16' title="bbox 110 1613 1121 1695; baseline -0.001 -16"><span class='ocrx_word' id='word_1_125' title='bbox 110 1615 179 1679; x_wconf 89' lang='lat' dir='ltr'><strong>ideo</strong></span> <span class='ocrx_word' id='word_1_126' title='bbox 209 1614 303 1680; x_wconf 86' lang='lat' dir='ltr'><strong>vitius</strong></span> <span class='ocrx_word' id='word_1_127' title='bbox 331 1613 466 1694; x_wconf 80' lang='lat' dir='ltr'><strong>fandum</strong></span> <span class='ocrx_word' id='word_1_128' title='bbox 496 1613 673 1695; x_wconf 68' lang='lat' dir='ltr'><strong>vendidisti,</strong></span> <span class='ocrx_word' id='word_1_129' title='bbox 710 1618 746 1678; x_wconf 90' lang='lat' dir='ltr'><strong>nt</strong></span> <span class='ocrx_word' id='word_1_130' title='bbox 774 1613 847 1678; x_wconf 73' lang='lat' dir='ltr'><strong>vae</strong></span> <span class='ocrx_word' id='word_1_131' title='bbox 878 1613 934 1678; x_wconf 85' lang='lat' dir='ltr'><strong>tibi</strong></span> <span class='ocrx_word' id='word_1_132' title='bbox 964 1614 1121 1679; x_wconf 86' lang='lat' dir='ltr'><strong>oondnotia</strong></span> 
     </span>
     <span class='ocr_line' id='line_1_17' title="bbox 106 1701 1122 1786; baseline 0 -19"><span class='ocrx_word' id='word_1_133' title='bbox 106 1707 334 1786; x_wconf 63' lang='lat' dir='ltr'><strong>praestandam</strong></span> <span class='ocrx_word' id='word_1_134' title='bbox 366 1723 442 1766; x_wconf 90' lang='lat' dir='ltr'><strong>nam</strong></span> <span class='ocrx_word' id='word_1_135' title='bbox 472 1701 527 1767; x_wconf 82' lang='lat' dir='ltr'><strong>hoa</strong></span> <span class='ocrx_word' id='word_1_136' title='bbox 556 1703 660 1784; x_wconf 74' lang='lat' dir='ltr'><strong>ipsam</strong></span> <span class='ocrx_word' id='word_1_137' title='bbox 681 1702 817 1784; x_wconf 77' lang='lat' dir='ltr'><strong>pretinm</strong></span> <span class='ocrx_word' id='word_1_138' title='bbox 841 1702 936 1783; x_wconf 85' lang='lat' dir='ltr'><strong>fandi</strong></span> <span class='ocrx_word' id='word_1_139' title='bbox 962 1703 1122 1782; x_wconf 84' lang='lat' dir='ltr'><strong>videretvr,</strong></span> 
     </span>
     <span class='ocr_line' id='line_1_18' title="bbox 111 1790 1005 1874; baseline 0 -19"><span class='ocrx_word' id='word_1_140' title='bbox 111 1791 195 1874; x_wconf 79' lang='lat' dir='ltr'><strong>qnod</strong></span> <span class='ocrx_word' id='word_1_141' title='bbox 215 1811 247 1855; x_wconf 90' lang='lat' dir='ltr'><strong>eo</strong></span> <span class='ocrx_word' id='word_1_142' title='bbox 266 1796 354 1873; x_wconf 80' lang='lat' dir='ltr'><strong>paeto</strong></span> <span class='ocrx_word' id='word_1_143' title='bbox 376 1792 517 1856; x_wconf 83' lang='lat' dir='ltr'><strong>venditas</strong></span> <span class='ocrx_word' id='word_1_144' title='bbox 536 1790 654 1873; x_wconf 83' lang='lat' dir='ltr'><strong>fverat,</strong></span> <span class='ocrx_word' id='word_1_145' title='bbox 677 1812 768 1874; x_wconf 78' lang='lat' dir='ltr'><strong>eoque</strong></span> <span class='ocrx_word' id='word_1_146' title='bbox 789 1791 857 1856; x_wconf 87' lang='lat' dir='ltr'><strong>inre</strong></span> <span class='ocrx_word' id='word_1_147' title='bbox 878 1791 1005 1855; x_wconf 68' lang='lat' dir='ltr'><strong>namne.</strong></span> 
     </span>
    </p>

    <p class='ocr_par' dir='ltr' id='par_1_4' title="bbox 104 1879 1122 2410">
     <span class='ocr_line' id='line_1_19' title="bbox 205 1879 1122 1964; baseline 0.003 -21"><span class='ocrx_word' id='word_1_148' title='bbox 205 1880 275 1945; x_wconf 82' lang='grc'><strong>105.</strong></span> <span class='ocrx_word' id='word_1_149' title='bbox 304 1879 343 1945; x_wconf 91' lang='lat' dir='ltr'><strong>D.</strong></span> <span class='ocrx_word' id='word_1_150' title='bbox 360 1880 411 1963; x_wconf 86' lang='lat'><strong>18,</strong></span> <span class='ocrx_word' id='word_1_151' title='bbox 431 1880 459 1962; x_wconf 96' lang='grc'><strong>1,</strong></span> <span class='ocrx_word' id='word_1_152' title='bbox 479 1880 522 1945; x_wconf 89' lang='grc'><strong>80</strong></span> <span class='ocrx_word' id='word_1_153' title='bbox 535 1902 582 1963; x_wconf 91' lang='lat' dir='ltr'><strong>pr.</strong></span> <span class='ocrx_word' id='word_1_154' title='bbox 623 1879 732 1944; x_wconf 81' lang='lat' dir='ltr'><strong>Labeo</strong></span> <span class='ocrx_word' id='word_1_155' title='bbox 751 1879 835 1944; x_wconf 91' lang='lat' dir='ltr'><strong>libro</strong></span> <span class='ocrx_word' id='word_1_156' title='bbox 855 1879 967 1964; x_wconf 88' lang='lat' dir='ltr'><strong>quinto</strong></span> <span class='ocrx_word' id='word_1_157' title='bbox 985 1880 1122 1964; x_wconf 89' lang='lat' dir='ltr'><strong>posteri·</strong></span> 
     </span>
     <span class='ocr_line' id='line_1_20' title="bbox 111 1968 1122 2052; baseline 0.001 -18"><span class='ocrx_word' id='word_1_158' title='bbox 111 1989 206 2034; x_wconf 91' lang='lat' dir='ltr'><strong>orum</strong></span> <span class='ocrx_word' id='word_1_159' title='bbox 234 1991 252 2033; x_wconf 87' lang='lat' dir='ltr'><strong>a</strong></span> <span class='ocrx_word' id='word_1_160' title='bbox 279 1968 430 2033; x_wconf 80' lang='lat' dir='ltr'><strong>Iauoleno</strong></span> <span class='ocrx_word' id='word_1_161' title='bbox 459 1969 718 2052; x_wconf 84' lang='lat' dir='ltr'><strong>epitomatorum.</strong></span> <span class='ocrx_word' id='word_1_162' title='bbox 750 2003 787 2014; x_wconf 89' lang='grc'><strong>-</strong></span> <span class='ocrx_word' id='word_1_163' title='bbox 818 1968 896 2034; x_wconf 81' lang='lat' dir='ltr'><strong>Cam</strong></span> <span class='ocrx_word' id='word_1_164' title='bbox 927 1989 1024 2034; x_wconf 90' lang='lat' dir='ltr'><strong>mann</strong></span> <span class='ocrx_word' id='word_1_165' title='bbox 1051 1974 1122 2035; x_wconf 87' lang='lat' dir='ltr'><strong>sata</strong></span> 
     </span>
     <span class='ocr_line' id='line_1_21' title="bbox 110 2057 1121 2141; baseline 0 -18"><span class='ocrx_word' id='word_1_166' title='bbox 110 2060 147 2123; x_wconf 88' lang='lat' dir='ltr'><strong>in</strong></span> <span class='ocrx_word' id='word_1_167' title='bbox 173 2059 342 2123; x_wconf 76' lang='lat' dir='ltr'><strong>venditione</strong></span> <span class='ocrx_word' id='word_1_168' title='bbox 366 2057 460 2138; x_wconf 75' lang='lat' dir='ltr'><strong>smodi</strong></span> <span class='ocrx_word' id='word_1_169' title='bbox 486 2059 694 2141; x_wconf 70' lang='lat' dir='ltr'><strong>excipiuntur,</strong></span> <span class='ocrx_word' id='word_1_170' title='bbox 725 2078 789 2123; x_wconf 91' lang='lat' dir='ltr'><strong>non</strong></span> <span class='ocrx_word' id='word_1_171' title='bbox 815 2077 892 2140; x_wconf 79' lang='lat' dir='ltr'><strong>qnae</strong></span> <span class='ocrx_word' id='word_1_172' title='bbox 918 2058 954 2122; x_wconf 92' lang='lat' dir='ltr'><strong>in</strong></span> <span class='ocrx_word' id='word_1_173' title='bbox 974 2063 1121 2141; x_wconf 78' lang='lat' dir='ltr'><strong>perpetua</strong></span> 
     </span>
     <span class='ocr_line' id='line_1_22' title="bbox 110 2146 1122 2231; baseline -0.001 -19"><span class='ocrx_word' id='word_1_174' title='bbox 110 2151 184 2212; x_wconf 87' lang='lat' dir='ltr'><strong>sata</strong></span> <span class='ocrx_word' id='word_1_175' title='bbox 197 2153 270 2211; x_wconf 86' lang='lat' dir='ltr'><strong>snnt</strong></span> <span class='ocrx_word' id='word_1_176' title='bbox 283 2148 382 2230; x_wconf 79' lang='lat' dir='ltr'><strong>excipi</strong></span> <span class='ocrx_word' id='word_1_177' title='bbox 399 2146 619 2231; x_wconf 75' lang='lat' dir='ltr'><strong>vite[re]ntar,</strong></span> <span class='ocrx_word' id='word_1_178' title='bbox 636 2148 689 2212; x_wconf 87' lang='lat' dir='ltr'><strong>sed</strong></span> <span class='ocrx_word' id='word_1_179' title='bbox 705 2167 783 2229; x_wconf 81' lang='lat' dir='ltr'><strong>qaae</strong></span> <span class='ocrx_word' id='word_1_180' title='bbox 798 2146 931 2229; x_wconf 74' lang='lat' dir='ltr'><strong>sinpnlis</strong></span> <span class='ocrx_word' id='word_1_181' title='bbox 948 2148 1043 2212; x_wconf 88' lang='lat' dir='ltr'><strong>annis</strong></span> <span class='ocrx_word' id='word_1_182' title='bbox 1060 2149 1122 2212; x_wconf 85' lang='lat' dir='ltr'><strong>seri</strong></span> 
     </span>
     <span class='ocr_line' id='line_1_23' title="bbox 110 2235 1120 2321; baseline 0 -21"><span class='ocrx_word' id='word_1_183' title='bbox 110 2235 221 2321; x_wconf 82' lang='lat' dir='ltr'><strong>solent,</strong></span> <span class='ocrx_word' id='word_1_184' title='bbox 247 2236 293 2300; x_wconf 87' lang='lat' dir='ltr'><strong>ita</strong></span> <span class='ocrx_word' id='word_1_185' title='bbox 319 2240 355 2300; x_wconf 90' lang='lat' dir='ltr'><strong>nt</strong></span> <span class='ocrx_word' id='word_1_186' title='bbox 378 2235 498 2316; x_wconf 82' lang='lat' dir='ltr'><strong>fruetus</strong></span> <span class='ocrx_word' id='word_1_187' title='bbox 525 2256 631 2300; x_wconf 81' lang='lat' dir='ltr'><strong>earnm</strong></span> <span class='ocrx_word' id='word_1_188' title='bbox 653 2235 796 2311; x_wconf 65' lang='lat' dir='ltr'><strong>mitatem·</strong></span> <span class='ocrx_word' id='word_1_189' title='bbox 818 2256 894 2300; x_wconf 93' lang='lat' dir='ltr'><strong>nam</strong></span> <span class='ocrx_word' id='word_1_190' title='bbox 916 2236 1007 2300; x_wconf 85' lang='lat' dir='ltr'><strong>aliter</strong></span> <span class='ocrx_word' id='word_1_191' title='bbox 1028 2236 1120 2300; x_wconf 86' lang='lat' dir='ltr'><strong>inter·</strong></span> 
     </span>
     <span class='ocr_line' id='line_1_24' title="bbox 104 2323 1121 2410; baseline 0.001 -23"><span class='ocrx_word' id='word_1_192' title='bbox 104 2323 301 2410; x_wconf 80' lang='lat' dir='ltr'><strong>pretantvbns</strong></span> <span class='ocrx_word' id='word_1_193' title='bbox 332 2326 407 2389; x_wconf 85' lang='lat' dir='ltr'><strong>vites</strong></span> <span class='ocrx_word' id='word_1_194' title='bbox 436 2329 465 2389; x_wconf 90' lang='lat' dir='ltr'><strong>et</strong></span> <span class='ocrx_word' id='word_1_195' title='bbox 491 2324 613 2391; x_wconf 84' lang='lat' dir='ltr'><strong>arbores</strong></span> <span class='ocrx_word' id='word_1_196' title='bbox 640 2344 743 2390; x_wconf 88' lang='lat' dir='ltr'><strong>omnes</strong></span> <span class='ocrx_word' id='word_1_197' title='bbox 768 2329 906 2406; x_wconf 79' lang='lat' dir='ltr'><strong>eaeeptae</strong></span> <span class='ocrx_word' id='word_1_198' title='bbox 930 2323 1121 2389; x_wconf 78' lang='lat' dir='ltr'><strong>videbamur.</strong></span> 
     </span>
    </p>

    <p class='ocr_par' dir='ltr' id='par_1_5' title="bbox 104 2408 1122 3115">
     <span class='ocr_line' id='line_1_25' title="bbox 202 2408 1120 2498; baseline 0 -21"><span class='ocrx_word' id='word_1_199' title='bbox 202 2413 274 2477; x_wconf 89' lang='grc'><strong>106.</strong></span> <span class='ocrx_word' id='word_1_200' title='bbox 311 2411 349 2476; x_wconf 91' lang='lat' dir='ltr'><strong>D.</strong></span> <span class='ocrx_word' id='word_1_201' title='bbox 374 2413 426 2495; x_wconf 84' lang='lat'><strong>33,</strong></span> <span class='ocrx_word' id='word_1_202' title='bbox 448 2413 478 2488; x_wconf 80' lang='lat'><strong>2,</strong></span> <span class='ocrx_word' id='word_1_203' title='bbox 501 2413 553 2477; x_wconf 77' lang='lat'><strong>42.</strong></span> <span class='ocrx_word' id='word_1_204' title='bbox 606 2411 696 2477; x_wconf 90' lang='lat' dir='ltr'><strong>Idem</strong></span> <span class='ocrx_word' id='word_1_205' title='bbox 728 2410 785 2498; x_wconf 86' lang='lat' dir='ltr'><strong>(se.</strong></span> <span class='ocrx_word' id='word_1_206' title='bbox 817 2408 1003 2494; x_wconf 84' lang='lat' dir='ltr'><strong>Iavolenus)</strong></span> <span class='ocrx_word' id='word_1_207' title='bbox 1036 2412 1120 2477; x_wconf 89' lang='lat' dir='ltr'><strong>libro</strong></span> 
     </span>
     <span class='ocr_line' id='line_1_26' title="bbox 110 2500 1122 2586; baseline 0 -20"><span class='ocrx_word' id='word_1_208' title='bbox 110 2500 226 2586; x_wconf 90' lang='lat' dir='ltr'><strong>quinta</strong></span> <span class='ocrx_word' id='word_1_209' title='bbox 250 2524 289 2565; x_wconf 87' lang='lat' dir='ltr'><strong>ex</strong></span> <span class='ocrx_word' id='word_1_210' title='bbox 307 2501 540 2586; x_wconf 76' lang='lat' dir='ltr'><strong>posterioribus</strong></span> <span class='ocrx_word' id='word_1_211' title='bbox 563 2500 734 2567; x_wconf 85' lang='lat' dir='ltr'><strong>Labeonis.</strong></span> <span class='ocrx_word' id='word_1_212' title='bbox 752 2537 794 2547; x_wconf 90' lang='lat'><em>-</em></span> <span class='ocrx_word' id='word_1_213' title='bbox 813 2501 856 2565; x_wconf 92' lang='lat' dir='ltr'><strong>In</strong></span> <span class='ocrx_word' id='word_1_214' title='bbox 876 2501 982 2581; x_wconf 85' lang='lat' dir='ltr'><strong>frnotn</strong></span> <span class='ocrx_word' id='word_1_215' title='bbox 1003 2501 1039 2565; x_wconf 86' lang='lat' dir='ltr'><strong>id</strong></span> <span class='ocrx_word' id='word_1_216' title='bbox 1059 2520 1122 2566; x_wconf 90' lang='lat' dir='ltr'><strong>esse</strong></span> 
     </span>
     <span class='ocr_line' id='line_1_27' title="bbox 109 2589 1122 2673; baseline -0.002 -18"><span class='ocrx_word' id='word_1_217' title='bbox 109 2590 309 2673; x_wconf 74' lang='lat' dir='ltr'><strong>inteilepitnr,</strong></span> <span class='ocrx_word' id='word_1_218' title='bbox 332 2591 414 2673; x_wconf 82' lang='lat' dir='ltr'><strong>qaod</strong></span> <span class='ocrx_word' id='word_1_219' title='bbox 433 2591 477 2654; x_wconf 93' lang='lat' dir='ltr'><strong>ad</strong></span> <span class='ocrx_word' id='word_1_220' title='bbox 497 2609 587 2654; x_wconf 84' lang='lat' dir='ltr'><strong>nsum</strong></span> <span class='ocrx_word' id='word_1_221' title='bbox 609 2589 743 2654; x_wconf 83' lang='lat' dir='ltr'><strong>hominis</strong></span> <span class='ocrx_word' id='word_1_222' title='bbox 764 2590 922 2654; x_wconf 84' lang='lat' dir='ltr'><strong>indnotam</strong></span> <span class='ocrx_word' id='word_1_223' title='bbox 944 2592 1003 2665; x_wconf 90' lang='lat' dir='ltr'><strong>est‚·</strong></span> <span class='ocrx_word' id='word_1_224' title='bbox 1025 2609 1122 2670; x_wconf 82' lang='lat' dir='ltr'><strong>neqne</strong></span> 
     </span>
     <span class='ocr_line' id='line_1_28' title="bbox 108 2677 1120 2760; baseline -0.002 -16"><span class='ocrx_word' id='word_1_225' title='bbox 108 2681 194 2744; x_wconf 89' lang='lat' dir='ltr'><strong>enim</strong></span> <span class='ocrx_word' id='word_1_226' title='bbox 219 2681 385 2744; x_wconf 67' lang='lat' dir='ltr'><strong>madianitas</strong></span> <span class='ocrx_word' id='word_1_227' title='bbox 410 2678 567 2743; x_wconf 86' lang='lat' dir='ltr'><strong>nataraiis</strong></span> <span class='ocrx_word' id='word_1_228' title='bbox 587 2677 637 2742; x_wconf 80' lang='lat' dir='ltr'><strong>tio</strong></span> <span class='ocrx_word' id='word_1_229' title='bbox 658 2678 822 2760; x_wconf 78' lang='lat' dir='ltr'><strong>spectanda</strong></span> <span class='ocrx_word' id='word_1_230' title='bbox 843 2682 898 2756; x_wconf 88' lang='lat' dir='ltr'><strong>est,</strong></span> <span class='ocrx_word' id='word_1_231' title='bbox 920 2678 973 2742; x_wconf 91' lang='lat' dir='ltr'><strong>sed</strong></span> <span class='ocrx_word' id='word_1_232' title='bbox 993 2678 1029 2742; x_wconf 87' lang='lat' dir='ltr'><strong>id</strong></span> <span class='ocrx_word' id='word_1_233' title='bbox 1049 2682 1120 2742; x_wconf 82' lang='lat' dir='ltr'><strong>am-</strong></span> 
     </span>
     <span class='ocr_line' id='line_1_29' title="bbox 104 2766 1121 2850; baseline -0.001 -18"><span class='ocrx_word' id='word_1_234' title='bbox 104 2787 185 2850; x_wconf 76' lang='lat' dir='ltr'><strong>pns,</strong></span> <span class='ocrx_word' id='word_1_235' title='bbox 216 2788 274 2849; x_wconf 80' lang='lat' dir='ltr'><strong>qno</strong></span> <span class='ocrx_word' id='word_1_236' title='bbox 305 2769 405 2848; x_wconf 75' lang='lat' dir='ltr'><strong>inopis</strong></span> <span class='ocrx_word' id='word_1_237' title='bbox 435 2767 539 2832; x_wconf 87' lang='lat' dir='ltr'><strong>votano</strong></span> <span class='ocrx_word' id='word_1_238' title='bbox 569 2767 726 2832; x_wconf 89' lang='lat' dir='ltr'><strong>dominove</strong></span> <span class='ocrx_word' id='word_1_239' title='bbox 756 2786 824 2831; x_wconf 87' lang='lat' dir='ltr'><strong>eam</strong></span> <span class='ocrx_word' id='word_1_240' title='bbox 854 2766 990 2847; x_wconf 75' lang='lat' dir='ltr'><strong>finctum</strong></span> <span class='ocrx_word' id='word_1_241' title='bbox 1019 2766 1121 2831; x_wconf 79' lang='lat' dir='ltr'><strong>toliere</strong></span> 
     </span>
     <span class='ocr_line' id='line_1_30' title="bbox 109 2854 1120 2939; baseline -0.001 -18"><span class='ocrx_word' id='word_1_242' title='bbox 109 2857 239 2938; x_wconf 74' lang='lat' dir='ltr'><strong>expedit.</strong></span> <span class='ocrx_word' id='word_1_243' title='bbox 278 2857 381 2939; x_wconf 81' lang='lat' dir='ltr'><strong>itaque</strong></span> <span class='ocrx_word' id='word_1_244' title='bbox 403 2876 472 2922; x_wconf 74' lang='lat' dir='ltr'><strong>esem</strong></span> <span class='ocrx_word' id='word_1_245' title='bbox 495 2856 561 2920; x_wconf 86' lang='lat' dir='ltr'><strong>olea</strong></span> <span class='ocrx_word' id='word_1_246' title='bbox 583 2856 753 2920; x_wconf 81' lang='lat' dir='ltr'><strong>immatura</strong></span> <span class='ocrx_word' id='word_1_247' title='bbox 771 2855 845 2937; x_wconf 80' lang='lat' dir='ltr'><strong>plns</strong></span> <span class='ocrx_word' id='word_1_248' title='bbox 866 2854 976 2920; x_wconf 82' lang='lat' dir='ltr'><strong>habeat</strong></span> <span class='ocrx_word' id='word_1_249' title='bbox 996 2856 1120 2935; x_wconf 85' lang='lat' dir='ltr'><strong>reditus,</strong></span> 
     </span>
     <span class='ocr_line' id='line_1_31' title="bbox 109 2944 1121 3028; baseline -0.001 -18"><span class='ocrx_word' id='word_1_250' title='bbox 109 2966 206 3027; x_wconf 77' lang='lat' dir='ltr'><strong>qnam</strong></span> <span class='ocrx_word' id='word_1_251' title='bbox 228 2946 257 3010; x_wconf 89' lang='lat' dir='ltr'><strong>si</strong></span> <span class='ocrx_word' id='word_1_252' title='bbox 278 2950 403 3010; x_wconf 86' lang='lat' dir='ltr'><strong>matura</strong></span> <span class='ocrx_word' id='word_1_253' title='bbox 426 2945 552 3028; x_wconf 83' lang='lat' dir='ltr'><strong>tepatnr,</strong></span> <span class='ocrx_word' id='word_1_254' title='bbox 574 2964 637 3009; x_wconf 92' lang='lat' dir='ltr'><strong>non</strong></span> <span class='ocrx_word' id='word_1_255' title='bbox 653 2947 753 3026; x_wconf 82' lang='lat' dir='ltr'><strong>potest</strong></span> <span class='ocrx_word' id='word_1_256' title='bbox 773 2944 878 3026; x_wconf 89' lang='lat' dir='ltr'><strong>videri,</strong></span> <span class='ocrx_word' id='word_1_257' title='bbox 900 2945 930 3008; x_wconf 89' lang='lat' dir='ltr'><strong>si</strong></span> <span class='ocrx_word' id='word_1_258' title='bbox 949 2945 1121 3009; x_wconf 84' lang='lat' dir='ltr'><strong>immatura</strong></span> 
     </span>
     <span class='ocr_line' id='line_1_32' title="bbox 109 3033 624 3115; baseline -0.004 -16"><span class='ocrx_word' id='word_1_259' title='bbox 109 3033 187 3099; x_wconf 81' lang='lat' dir='ltr'><strong>loeta</strong></span> <span class='ocrx_word' id='word_1_260' title='bbox 209 3039 265 3115; x_wconf 85' lang='lat' dir='ltr'><strong>est,</strong></span> <span class='ocrx_word' id='word_1_261' title='bbox 288 3035 323 3099; x_wconf 88' lang='lat' dir='ltr'><strong>in</strong></span> <span class='ocrx_word' id='word_1_262' title='bbox 343 3035 447 3115; x_wconf 84' lang='lat' dir='ltr'><strong>frnotn</strong></span> <span class='ocrx_word' id='word_1_263' title='bbox 469 3054 533 3098; x_wconf 94' lang='lat' dir='ltr'><strong>non</strong></span> <span class='ocrx_word' id='word_1_264' title='bbox 554 3053 624 3099; x_wconf 89' lang='lat' dir='ltr'><strong>esse.</strong></span> 
     </span>
    </p>
   </div>
   <div class='ocr_carea' id='block_1_3' title="bbox 343 3210 883 3290">
    <p class='ocr_par' dir='ltr' id='par_1_6' title="bbox 343 3210 883 3290">
     <span class='ocr_line' id='line_1_33' title="bbox 343 3210 883 3290; baseline 0 -15"><span class='ocrx_word' id='word_1_265' title='bbox 343 3217 396 3276; x_wconf 89' lang='lat' dir='ltr'><strong>·De</strong></span> <span class='ocrx_word' id='word_1_266' title='bbox 417 3218 482 3276; x_wconf 88' lang='lat' dir='ltr'><strong>iare</strong></span> <span class='ocrx_word' id='word_1_267' title='bbox 503 3210 590 3290; x_wconf 73' lang='lat' dir='ltr'><strong>smodi</strong></span> <span class='ocrx_word' id='word_1_268' title='bbox 612 3218 760 3276; x_wconf 86' lang='lat' dir='ltr'><strong>aedinmve</strong></span> <span class='ocrx_word' id='word_1_269' title='bbox 783 3221 883 3290; x_wconf 84' lang='lat' dir='ltr'><strong>empto.</strong></span> 
     </span>
    </p>
   </div>
   <div class='ocr_carea' id='block_1_4' title="bbox 109 3324 1120 3502">
    <p class='ocr_par' dir='ltr' id='par_1_7' title="bbox 109 3324 1120 3502">
     <span class='ocr_line' id='line_1_34' title="bbox 115 3324 1119 3410; baseline -0.003 -18"><span class='ocrx_word' id='word_1_270' title='bbox 115 3330 118 3336; x_wconf 83' lang='lat'>&#39;</span> <span class='ocrx_word' id='word_1_271' title='bbox 201 3326 274 3392; x_wconf 80' lang='grc'><strong>107.</strong></span> <span class='ocrx_word' id='word_1_272' title='bbox 311 3325 349 3391; x_wconf 92' lang='lat' dir='ltr'><strong>D.</strong></span> <span class='ocrx_word' id='word_1_273' title='bbox 378 3327 543 3408; x_wconf 80' lang='lat'><strong>8,1‚20.</strong></span> <span class='ocrx_word' id='word_1_274' title='bbox 601 3324 771 3391; x_wconf 86' lang='lat' dir='ltr'><strong>Iavolenus</strong></span> <span class='ocrx_word' id='word_1_275' title='bbox 807 3326 891 3391; x_wconf 92' lang='lat' dir='ltr'><strong>libro</strong></span> <span class='ocrx_word' id='word_1_276' title='bbox 928 3326 1041 3410; x_wconf 91' lang='lat' dir='ltr'><strong>quinto</strong></span> <span class='ocrx_word' id='word_1_277' title='bbox 1080 3345 1119 3389; x_wconf 84' lang='lat' dir='ltr'><strong>sx</strong></span> 
     </span>
     <span class='ocr_line' id='line_1_35' title="bbox 109 3411 1120 3502; baseline -0.003 -21"><span class='ocrx_word' id='word_1_278' title='bbox 109 3416 345 3502; x_wconf 84' lang='lat' dir='ltr'><strong>posterioribus</strong></span> <span class='ocrx_word' id='word_1_279' title='bbox 369 3415 537 3479; x_wconf 86' lang='lat' dir='ltr'><strong>Labeonis.</strong></span> <span class='ocrx_word' id='word_1_280' title='bbox 555 3451 600 3462; x_wconf 93' lang='lat'>-</span> <span class='ocrx_word' id='word_1_281' title='bbox 622 3414 766 3494; x_wconf 77' lang='lat' dir='ltr'><strong>Quotiens</strong></span> <span class='ocrx_word' id='word_1_282' title='bbox 788 3416 840 3480; x_wconf 89' lang='lat' dir='ltr'><strong>via</strong></span> <span class='ocrx_word' id='word_1_283' title='bbox 863 3420 919 3479; x_wconf 91' lang='lat' dir='ltr'><strong>ant</strong></span> <span class='ocrx_word' id='word_1_284' title='bbox 940 3411 1046 3478; x_wconf 84' lang='lat' dir='ltr'><strong>atiad¹</strong></span> <span class='ocrx_word' id='word_1_285' title='bbox 1069 3413 1120 3478; x_wconf 85' lang='lat' dir='ltr'><strong>ins</strong></span> 
     </span>
    </p>
   </div>
   <div class='ocr_carea' id='block_1_5' title="bbox 133 3579 400 3648">
    <p class='ocr_par' dir='ltr' id='par_1_8' title="bbox 133 3579 400 3648">
     <span class='ocr_line' id='line_1_36' title="bbox 133 3579 400 3648; baseline 0 -14"><span class='ocrx_word' id='word_1_286' title='bbox 133 3635 137 3643; x_wconf 80' lang='grc'><strong>,</strong></span> <span class='ocrx_word' id='word_1_287' title='bbox 183 3586 197 3634; x_wconf 91' lang='grc'><strong>1</strong></span> <span class='ocrx_word' id='word_1_288' title='bbox 219 3579 265 3636; x_wconf 76' lang='lat' dir='ltr'><strong>Fe.</strong></span> <span class='ocrx_word' id='word_1_289' title='bbox 284 3579 400 3648; x_wconf 76' lang='lat' dir='ltr'><strong>aliquid.</strong></span> 
     </span>
    </p>
   </div>
   <div class='ocr_carea' id='block_1_6' title="bbox 0 0 1312 3912">
    <p class='ocr_par' dir='ltr' id='par_1_9' title="bbox 0 0 1312 3912">
     <span class='ocr_line' id='line_1_37' title="bbox 0 0 1312 3912; baseline 0 1"><span class='ocrx_word' id='word_1_290' title='bbox 0 0 1312 3912; x_wconf 95' lang='lat' dir='ltr'><strong> </strong></span> 
     </span>
    </p>
   </div>
  </div>
 </body>
</html>
