2580 3900
197 206 261 270 190
281 206 329 262 III.
341 205 417 261 GAII
428 205 573 262 CLAUDII
583 204 717 262 NERON.
729 205 873 262 GALBAE
884 206 992 263 ΤΕΜΡ.
1001 206 1097 264 IURIS
1108 208 1225 266 CONS.

199 375 409 435 manumisisse
419 395 487 435 eum
496 367 655 436 videatur?
677 374 824 451 Ulpianus
834 378 935 435 eutem
945 368 1220 460 (Ι).26,2,10,21)

196 464 345 541 disputet:
373 458 457 540 ‘quid
480 511 508 524 ..
531 463 672 540 interest,
696 483 783 524 suum
807 483 927 526 servum
950 485 989 524 un
1010 465 1142 525 alienum
1166 471 1223 527 tu·

194 556 291 613 torem
316 553 481 630 scripserit,
505 571 573 612 cum
595 553 704 630 pupilli
727 554 829 614 lurore
853 557 883 613 et
906 554 1044 629 publicae
1067 554 1220 616 utilitatis

195 643 355 718 adsumpta
382 641 507 702 libertus
536 642 577 702 sit
602 642 635 701 in
657 660 787 718 persone
809 641 874 702 eius
898 643 949 719 qui
971 645 1056 702 tutor
1078 645 1219 721 scriptus

194 730 262 792 est‘l
308 733 409 808 potest
435 731 530 809 igitur
558 734 588 790 et
615 731 685 790 huic
712 730 987 791 fideicommissaria
1009 731 1136 814 libertas
1163 735 1219 794 de-

193 819 276 879 fendi
302 813 367 880 ...'
412 818 550 879 Atilicini
576 821 647 880 vero
675 819 855 879 sententiam
882 839 919 879 ne
946 819 1059 881 Paulus
1088 822 1219 898 quidem

193 908 346 984 probarit,
383 908 494 985 quippe
531 927 600 968 cum
632 907 831 968 Tribonienus
868 908 904 968 de
941 910 997 968 hec
1031 930 1065 970 re
1096 911 1217 972 diserte

193 1000 302 1057 taceat.
349 998 474 1075 denique
503 997 640 1057 dubitare
668 996 753 1074 licet,
780 1016 818 1056 un
840 997 1002 1058 Atilicinus
1029 1017 1158 1061 revere
1182 1001 1218 1060 id

194 1086 424 1166 existimaverit,
457 1086 536 1163 quod
566 1086 766 1147 Tribcnianus
795 1106 863 1146 eum
892 1087 1077 1148 existimasse
1105 1089 1217 1150 tradit.

607 1267 658 1332 De
680 1268 795 1352 leuatis.

461 1398 509 1456 De
530 1397 621 1470 leuato
638 1415 696 1472 per
718 1399 939 1458 damnationem.

281 1508 311 1571 2.
334 1505 440 1589 D.,45
453 1508 484 1584 2,
500 1506 550 1571 17.
586 1506 708 1572 Paulus
731 1507 893 1572 libret
839 1511 893 1573 0ct
894 1529 954 1572 avo
978 1508 1018 1572 ud
1041 1507 1213 1574 Plautium
1263 1587 1266 1592 ¹

192 1592 445 1748 (P,1158).-
472 1557 545 1660 Dirc
573 1619 592 1660 a
621 1597 719 1660 certis
745 1597 893 1680 personis
921 1596 1074 1661 heredum
1103 1601 1214 1664 nomi-

191 1687 249 1748 net
250 1684 295 1748 im
323 1686 468 1770 legatum
491 1689 577 1750 esset
599 1685 667 1750 sive
690 1685 731 1749 ab
756 1686 906 1750 omnibus
930 1690 1063 1769 excepte
1090 1687 1212 1772 aliquo,

194 1773 366 1859 Atilicinus
400 1771 538 1839 Sabinus
572 1771 704 1839 Cassius
737 1796 795 1857 pro
823 1774 1028 1838 hereditariis
1057 1777 1212 1858 pertibus

191 1866 296 1925 totum
321 1884 375 1928 eos
398 1862 541 1948 legatum
566 1863 654 1928 debit
640 1867 730 1928 turcs
749 1862 850 1942 aiunt,
874 1863 951 1948 quie
969 1862 1133 1929 heredites
1154 1887 1211 1930 eos

193 1949 328 2034 obliget.

280 2044 325 2103 De
347 2045 508 2104 usufructu
530 2047 631 2122 legato
655 2066 682 2106 v.
697 2046 786 2121 Resp.
803 2048 831 2104 1.

524 2206 576 2265 De
600 2207 739 2266 locutione
760 2207 866 2280 leuata.

280 2315 310 2378 3.
337 2312 377 2378 D.
391 2315 443 2399 34,
457 2315 487 2398 3,
504 2317 553 2382 16.
599 2316 719 2381 Paulus
747 2317 832 2381 libro
860 2337 945 2380 nono
974 2317 1014 2381 ad
1041 2315 1210 2383 Plautium

192 2401 240 2490 (P.
261 2402 371 2490 1172).
395 2439 437 2450 -
466 2405 508 2470 Ei
535 2405 587 2470 eui
613 2405 748 2469 fundum
775 2405 811 2468 in
838 2405 1093 2490 quinquennium
1120 2406 1209 2472 locu·

191 2515 300 2570 verum
328 2494 435 2578 legavi
462 2494 617 2578 quidquid
646 2515 719 2559 cum
747 2493 828 2558 mihi
851 2494 926 2558 dare
949 2494 1054 2559 fucere
1077 2501 1209 2578 oportet

192 2583 396 2666 oportebitve
419 2586 456 2648 ut
480 2584 601 2648 sineret
618 2582 711 2648 heres
731 2583 794 2648 sibi
812 2583 941 2648 hebere.
980 2581 1090 2649 Nerva
1108 2584 1209 2649 Atili·

191 2673 295 2756 cinus,
324 2673 351 2737 si
377 2673 471 2738 heres
499 2672 687 2756 prohiberet
711 2695 784 2737 eum
807 2672 886 2756 frui,
914 2693 953 2736 ex
976 2672 1150 2756 conducto,
1178 2674 1208 2738 si

191 2762 259 2826 iure
282 2762 455 2830 locutionis
477 2761 554 2845 quid
577 2761 745 2845 retineret,
773 2783 812 2826 ex
835 2764 1031 2826 testamento
1054 2760 1124 2826 iore
1149 2762 1207 2826 cb·

191 2849 328 2933 ligatum
355 2852 461 2933 aiunt,
490 2851 565 2935 quia
587 2851 671 2914 nihil
694 2852 878 2935 interesset,
906 2854 1067 2934 peteretur
1090 2872 1132 2914 en
1155 2872 1206 2914 re·

192 2937 324 3021 tineret;
347 2942 449 3003 totam
474 2939 558 3003 enim
581 2939 776 3004 locutionem
800 2939 941 3024 legatam
964 2938 1072 3003 rideri.

562 3102 609 3161 De
631 3120 712 3162 seruo
734 3103 834 3178 leyutu

280 3213 311 3277 4
343 3212 383 3277 D.
402 3211 454 3296 35,
468 3213 497 3293 2,
512 3212 554 3277 49
564 3235 611 3296 pr
661 3211 751 3278 Idem
779 3209 837 3300 (sc.
854 3213 989 3296 Paulus)
1016 3214 1099 3278 libro
1128 3214 1205 3280 duo·

192 3300 316 3365 decimo
350 3302 390 3366 ed
421 3300 529 3366 Plcut'
505 3305 587 3366 t1um
616 3299 665 3386 (P.
685 3299 865 3390 1188).-
825 3302 1048 3368 -Pleutins
1103 3300 1202 3369 Servo

190 3411 286 3473 quem
305 3390 366 3456 tibi
386 3390 579 3475 legaverem,
597 3389 732 3458 fundum
750 3392 865 3478 legavi.
900 3390 1075 3458 Atilicinus
1092 3390 1204 3458 Nerva

192 3478 330 3544 Sabinus
366 3479 508 3564 primum
545 3480 578 3544 in
610 3502 702 3546 servo
734 3482 893 3547 rationem
925 3481 1008 3566 legis
1040 3479 1202 3546 Falcidiae

191 3569 428 3634 habendamt
396 3573 428 3634 et
451 3571 549 3654 quote
571 3592 647 3654 pers
671 3592 710 3635 ex
733 3592 770 3636 eo
789 3571 961 3653 decederet,
985 3574 1201 3654 campartem
