2596 3902
139 164 181 228 86
209 164 256 220 111.
271 163 347 218 GAII
362 162 509 218 CLAUDII
518 162 653 219 NERON.
664 163 810 217 GALBAE
821 163 927 218 ΤΕΜΡ.
937 162 1033 218 IURIS
1043 163 1145 219 CONS.

137 331 170 391 et
202 326 248 391 ait
279 325 420 391 dubitari
451 347 560 410 posse,
592 327 668 410 quia
699 328 821 391 nullum
854 327 1021 411 negotium
1053 331 1146 391 tuum

136 419 265 501 gestum
292 419 355 500 est,
387 437 458 480 eum
487 415 613 480 debitor
640 420 714 480 tuus
743 437 807 481 non
835 415 941 480 fuerit.
990 417 1042 481 sed
1067 419 1145 480 rati-

136 504 263 582 habitio,
291 503 410 587 inquit,
436 505 507 584 feeit
533 508 621 569 trram
647 506 814 587 negotium,
841 509 870 568 et
890 506 970 569 siout
991 506 1019 569 ei
1042 526 1063 568 a
1085 526 1145 586 qao

136 597 277 658 eeaotarn
310 598 353 657 est
388 593 533 658 adrasus
563 614 633 657 eam
661 595 755 657 datar
786 595 923 674 repetitio
953 595 1008 674 qai
1038 599 1147 658 ratam

136 681 255 766 habirit,
282 682 329 746 ita
355 686 383 746 et
409 683 471 764 ipsi
497 681 610 746 debebit
631 686 703 763 post
728 681 978 746 ratihabitionem
1001 683 1148 746 adversas

137 791 185 835 me
211 775 373 852 competere
400 771 486 834 aetio.
531 772 575 836 sie
602 771 779 835 ratihabitio
802 773 963 836 constituet
984 776 1073 835 taam
1094 791 1146 835 ree·

133 860 263 942 potiora,
289 861 369 940 qaod
390 859 428 924 ab
450 860 539 924 initio
563 864 649 924 taam
671 880 734 924 riori
756 864 836 942 erat,
863 861 916 924 sed
938 865 993 924 tao
1015 865 1147 924 matera·

132 949 271 1030 ptatiooe
290 953 415 1030 gestura

223 1035 252 1102 8.
275 1036 356 1101 Ibid.
374 1038 394 1116 ἓ
410 1037 460 1102 12.
480 1072 521 1084 -
540 1035 630 1101 Idem
653 1036 708 1120 ait,
733 1037 760 1101 si
778 1035 855 1101 Titii
877 1036 1067 1120 debitorem,
1091 1037 1143 1100 eui

134 1129 166 1188 te
186 1124 334 1189 heredem
353 1124 517 1209 putabam,
535 1146 607 1189 oum
627 1131 712 1190 esset
731 1123 821 1190 Seius
840 1125 942 1208 heres,
961 1147 1142 1191 convenere

136 1213 283 1278 similiter
315 1217 348 1277 et
380 1234 528 1298 exegere,
562 1236 637 1278 mox
668 1217 705 1278 tu
737 1218 844 1279 ratum
878 1213 1041 1294 habueris,
1075 1235 1146 1278 esse

135 1302 216 1367 mihi
235 1302 386 1369 adversus
406 1307 438 1367 te
458 1307 491 1367 et
507 1301 571 1367 tibi
589 1306 734 1367 mutuam
753 1302 959 1387 negotiorum
978 1307 1146 1387 gestorum

135 1393 304 1457 actionem.
350 1391 462 1476 atquin
485 1390 624 1455 alienum
650 1391 816 1476 negotium
839 1395 966 1475 gestum
991 1395 1050 1477 est3
1090 1391 1147 1456 sed

134 1479 321 1545 ratihabitio
355 1480 416 1544 hoe
448 1479 613 1562 conciliat,
646 1502 729 1564 quae
761 1502 811 1544 res
842 1480 956 1563 efficit,
987 1486 1026 1545 ut
1053 1485 1145 1545 tuum

133 1570 300 1654 negotium
320 1575 447 1652 gestum
466 1567 611 1633 videatur
630 1573 663 1632 et
682 1591 702 1633 a
720 1573 753 1633 te
771 1568 933 1634 hereditas
948 1570 1016 1652 peti
1030 1569 1144 1652 possit.

222 1657 252 1722 9.
284 1655 366 1721 Ibid.
392 1657 479 1738 513.
517 1693 553 1705 -
589 1657 672 1738 Quid
700 1678 782 1741 erpo,
815 1657 921 1741 inquit
950 1657 1078 1741 Pedius,
1106 1658 1147 1740 si,

132 1767 202 1811 earo
229 1752 256 1810 te
280 1745 416 1812 heredem
436 1751 594 1830 putarem,
621 1747 756 1812 iasaiam
781 1746 895 1826 fatsero
922 1745 1142 1811 hereditariam

134 1840 224 1917 taque
249 1840 355 1899 ratam
380 1834 535 1917 habueris
567 1857 611 1900 aa
642 1837 683 1900 sit
708 1835 787 1900 mihi
814 1836 960 1900 odiosas
988 1840 1015 1899 te
1041 1834 1145 1900 aetio?

135 1924 190 1991 sed
213 1944 280 1988 non
302 1923 372 1989 fore
395 1924 450 2006 ait,
473 1946 545 1989 oum
564 1923 626 1988 hoe
644 1924 731 1988 facto
751 1945 823 1988 meo
843 1924 924 1988 alter
944 1923 987 1988 sii
1005 1923 1145 2006 loeuple-

134 2016 224 2077 tatus
256 2014 288 2075 et
320 2013 453 2076 alterius
484 2033 520 2078 re
547 2013 618 2094 ipse
646 2019 773 2097 gestum
801 2013 968 2097 negotium
998 2013 1054 2095 sit,
1086 2033 1146 2077 nee

136 2100 251 2184 possit,
274 2100 359 2184 quod
383 2100 440 2165 alii
462 2100 658 2185 adquisitum
682 2106 731 2165 est
754 2101 825 2185 ipso
847 2104 950 2185 gestu,
973 2101 1034 2166 hoe
1053 2108 1146 2166 tuum

136 2189 305 2274 negotium
328 2189 437 2254 rideri.

533 2327 641 2386 Liber
665 2327 747 2387 VIII.

401 2435 480 2506 Quod
497 2439 582 2490 metas
599 2450 684 2490 eausa
701 2440 805 2503 portura
822 2435 882 2490 erit.

225 2545 275 2611 10.
307 2543 346 2610 D.
368 2545 400 2625 4,
423 2545 452 2623 2,
473 2545 547 2628 7pr.
592 2541 752 2626 Ulpianus
785 2543 870 2610 libro
903 2542 1072 2608 undeeimo
1106 2543 1146 2608 ad

136 2635 273 2700 edietum
294 2629 462 2720 (Reum).
479 2632 602 2699 -Neo
620 2633 770 2698 timorem
788 2631 944 2697 infamiae
963 2631 1025 2697 hoe
1041 2631 1145 2698 edieto

137 2723 296 2788 contineri
318 2721 436 2788 Pedius
465 2723 542 2789 dicit
569 2722 654 2787 libro
681 2723 820 2806 septimo
845 2720 972 2807 (immor
1006 2719 1145 2805 octavo),

135 2833 238 2896 neque
271 2812 406 2876 alieuius
439 2811 616 2877 vexationis
649 2812 798 2877 timorem
830 2833 888 2894 per
916 2809 978 2874 hoe
1006 2808 1146 2874 edietum

135 2901 271 2965 restitui.
327 2898 476 2984 [proinde
512 2902 541 2965 si
578 2900 649 2983 quie
681 2898 889 2964 meticulosus
922 2920 990 2963 rem
1022 2897 1147 2963 nullam

135 2987 257 3052 frustra
292 2986 449 3069 tImuerit,
485 3009 543 3070 per
578 2987 640 3053 hoe
676 2987 814 3051 edietum
851 3009 916 3053 non
953 2986 1146 3072 restituitur,

137 3076 289 3229 ‘¹⁰⁰”ii
304 3075 1082 3245 ,wgo,33331132533320333033
1105 3164 1146 3229 a

269 3211 278 3230 ·
337 3214 343 3228 ·
384 3214 393 3246 r
435 3215 441 3238 r
504 3213 512 3246 r
553 3211 561 3228 ·
639 3211 640 3214 ’

137 3253 279 3318 edietum
311 3250 360 3337 (P.
384 3251 472 3338 377).
503 3287 541 3299 -
573 3249 688 3316 Pedius
713 3302 719 3318 .
740 3300 746 3316 .
771 3252 852 3319 libro
886 3256 1000 3319 octavo
1034 3252 1146 3318 seribit

138 3341 307 3407 arbitrium
334 3341 448 3406 iudicis
476 3341 510 3406 in
533 3341 731 3406 restituenda
755 3363 788 3406 re
812 3342 877 3408 tale
901 3363 984 3425 esse,
1012 3345 1049 3407 nt
1072 3363 1146 3406 eum

137 3430 265 3514 quidem
290 3430 345 3516 qui
368 3429 433 3495 vim
455 3429 588 3495 admisit
610 3430 722 3495 iubeat
743 3431 927 3513 restituere,
955 3430 1082 3495 etiamsi
1105 3431 1146 3494 ad

139 3519 237 3584 alium
268 3541 320 3585 ree
351 3520 514 3604 pervenit3
545 3541 618 3585 eum
651 3524 759 3585 autem
791 3520 830 3584 ad
864 3541 958 3604 quem
989 3519 1146 3603 pervenit,
