2590 3902
159 188 225 253 256
250 188 296 244 IV.
314 186 534 243 VESPASIANI
547 187 620 248 TITI
634 186 829 244 DOMITIANI
843 185 950 243 TEMP.
965 184 1060 240 IURIS
1076 185 1181 242 CONS.

161 352 322 418 dicionem
360 349 492 416 Cassius
530 356 562 416 el
599 348 728 416 Caelius
765 349 906 416 Sabinus
943 348 1182 434 impossibilem

161 462 231 506 esse
255 440 418 518 dixerunt,
441 439 544 506 veluti
568 439 779 525 ‘Pamphilus
803 439 830 504 si
855 438 940 525 quod
964 439 1050 503 Titio
1077 438 1181 505 debeo

161 529 306 610 solverit,
330 528 413 594 liber
437 529 528 614 esto',
552 529 580 594 si
603 529 699 594 modo
722 529 804 594 nihil
825 529 912 594 Titio
935 528 999 592 fuit
1020 527 1183 612 debitum3

161 618 246 702 quod
276 619 304 683 si
331 622 408 702 post
434 622 668 684 testamentum
694 616 817 683 iactum
845 620 982 683 testator
1009 617 1182 701 pecuniam

161 708 312 789 exsolvit,
335 707 488 772 defecisse
512 707 733 773 condicionem
756 707 914 792 intellegi.

294 865 345 932 Do
367 867 610 950 (monopoliooe
631 868 674 952 et)
696 867 846 950 emptione
867 867 1046 932 venditione.

250 974 280 1040 5.
312 972 427 1059 Gara,
443 974 516 1039 141.
539 1011 581 1020 -
607 974 699 1038 ..eit
722 971 850 1038 Caelius
875 971 1026 1057 Sabinus,
1055 972 1083 1037 si
1111 995 1182 1038 rem

161 1064 224 1130 tibi
251 1063 397 1129 venalem
425 1062 573 1147 habenti,
606 1062 706 1127 veluti
737 1062 873 1127 fundum
900 1060 1097 1147 <acceperim
1126 1063 1183 1150 et>

160 1153 259 1237 pretii
281 1153 413 1218 nomine
434 1151 598 1216 hominem
618 1152 701 1216 forte
720 1150 873 1234 dederim,
895 1149 1031 1222 fundum
1052 1151 1183 1235 quidem

162 1243 265 1307 rideri
291 1241 432 1322 venisse,
459 1240 623 1305 hominem
651 1245 760 1305 autern
786 1240 884 1324 pretii
911 1240 1043 1305 nomine
1067 1239 1183 1305 datum

161 1353 246 1415 esse,
268 1334 307 1395 ut
329 1330 447 1395 fundus
472 1329 680 1413 acciperetur.

525 1487 576 1554 Do
599 1490 668 1554 iore
690 1490 817 1554 dotium.

252 1597 295 1662 6?
318 1594 357 1660 D.
372 1595 468 1681 24,1,
484 1595 536 1662 64.
572 1595 745 1661 Iavolenus
769 1595 852 1660 libro
876 1598 965 1660 sexto
985 1617 1024 1660 ex
1042 1597 1181 1678 posteri·

163 1687 274 1752 oribus
288 1683 459 1751 Labeonis.
471 1721 517 1732 -
530 1683 591 1750 Vir
609 1685 735 1750 mulieri
754 1684 894 1749 divortio
913 1683 1001 1749 facto
1020 1684 1182 1770 quaedem

162 1773 282 1840 idcirco
306 1773 449 1856 dederat,
472 1774 571 1838 ulad
596 1795 629 1838 se
653 1777 874 1839 reverteretur.
911 1773 1027 1838 mulier
1049 1794 1183 1838 reversa

163 1866 248 1942 eret,
276 1862 390 1927 deinde
418 1863 595 1928 divortium
622 1863 754 1928 iecerat.
800 1883 997 1928 ...verum
1021 1862 1182 1946 estquod

162 1949 318 2016 Proculus
347 1955 381 2016 ei
406 1949 567 2017 Caecilius
592 1947 774 2039 (Caeliusr)
803 1955 934 2036 putant,
962 1955 1039 2016 tuno
1067 1972 1181 2016 verum

163 2061 235 2105 esse
269 2039 443 2104 divortium
476 2044 509 2103 et
541 2041 648 2105 valere
680 2039 888 2105 donationem
921 2039 1051 2105 divortii
1082 2061 1181 2105 cause.

163 2129 295 2212 iactam,
318 2128 347 2192 si
370 2127 453 2193 aliae
476 2129 609 2213 nuptiae
633 2129 797 2193 insecutae
821 2133 898 2193 sunt
916 2134 973 2194 aut
991 2133 1059 2193 tarn
1078 2129 1180 2214 longo

163 2221 310 2302 tempore
339 2216 435 2280 vidua
462 2215 592 2299 fuisset,
620 2220 658 2282 ut
685 2216 818 2283 dubium
846 2240 911 2283 non
935 2217 1017 2282 foret
1041 2218 1179 2283 alterurn

164 2327 236 2371 esse
263 2305 519 2393 matrimonium3
548 2305 628 2371 alias
656 2328 715 2372 nec
744 2306 951 2372 donationem
978 2306 1077 2372 ullius
1107 2329 1180 2372 esse

164 2396 321 2461 momenti
343 2395 498 2461 futuram.

393 2695 462 2780 ll).
489 2700 751 2776 IUVENTIUS
780 2699 955 2775 OELSUS

253 2846 288 2907 P.
310 2846 443 2906 Iuventii
466 2845 547 2906 Celsi
574 2847 706 2906 consulis
734 2847 804 2906 anni
829 2847 890 2906 129
915 2849 1009 2922 pater,
1032 2845 1180 2907 iuriscon-

166 2935 277 3012 sultus,
303 2935 355 3010 qui
377 2953 437 2994 non
459 2933 544 2994 libris
569 2935 732 2994 scribendis
755 2935 808 2995 sed
830 2937 950 2994 tantum
972 2934 1180 3011 respondendo

166 3041 288 3099 operam
316 3021 411 3095 dedit,
440 3041 529 3099 quem
551 3022 693 3082 Duoenus
716 3024 813 3083 Verus
841 3023 946 3083 consul
974 3023 1044 3083 anni
1071 3023 1182 3084 incerti

165 3111 197 3169 in
226 3110 349 3170 oonsilio
374 3109 481 3170 habuit
505 3102 555 3192 (D.
572 3113 623 3188 31,
639 3103 761 3195 29pr.),
787 3111 1035 3174 Proculianonrm
1058 3113 1181 3174 scholae

57 3240 59 3245 ·
166 3202 236 3276 post
254 3199 406 3277 Pegasum
428 3199 566 3276 princeps
586 3193 636 3281 (D.
653 3202 682 3277 1,
698 3202 727 3278 2,
743 3203 771 3275 2,
786 3203 827 3262 53
852 3196 980 3280 ‘Pegaso
1000 3196 1116 3261 Oelsus'
1139 3220 1180 3262 se.

166 3285 336 3368 successit),
365 3306 454 3364 quem
479 3287 558 3347 filius
582 3307 600 3346 a
623 3291 707 3364 patre
730 3289 895 3350 instructus
919 3287 969 3368 (D.
986 3293 1037 3369 31,
1052 3281 1110 3373 20)
1134 3309 1180 3350 se·

166 3379 253 3436 cutus
273 3379 318 3436 est
337 3366 388 3458 (D.
402 3375 474 3436 ibid.
497 3371 587 3452 ‘patri
606 3375 693 3437 Oelso
713 3376 817 3438 Celsus
836 3372 952 3462 filius').
988 3380 1181 3458 posteriores,

167 3464 219 3542 qui
240 3465 295 3524 filii
317 3464 454 3542 inprimis
474 3466 666 3544 Digestorum
689 3467 776 3528 libris
799 3469 847 3528 usi
866 3473 946 3545 sunt,
968 3468 1046 3528 hunc
1065 3469 1180 3544 simpli-

167 3555 242 3614 citer
273 3547 418 3616 ‘Celsum’
450 3556 499 3616 vel
531 3549 715 3616 ‘Iuventium
748 3551 880 3618 Celsum'
913 3557 1084 3636 designant,
1119 3575 1181 3617 non
